{
    "summary": {
        "stock_name": "岱稜",
        "stock_id": "3303",
        "category": "其他電子",
        "main_business": "真空蒸鍍薄膜之製造加工、買賣及其原材料之買賣。<br>電子膠帶、保護膜等光電材料之製造加工買賣。<br>前各項相關產品之進出口貿易業務。",
        "website_url": "https://www.univacco.com.tw/",
        "ceo": "李顯昌",
        "pe_ratio": 12,
        "report_year_from": 2003,
        "report_year_to": 2023,
        "age": 20,
        "eps_negative_percentage": 11,
        "eps_growth_avg": {
            "last_all": 3.15,
            "last_2y": 18.52,
            "last_4y": 31.2,
            "last_8y": 13.99,
            "last_12y": 2.83,
            "last_16y": 3.15,
            "last_20y": null,
            "at_2006_last_3y": null,
            "at_2007_last_3y": null,
            "at_2008_last_3y": null,
            "at_2009_last_3y": 4.03,
            "at_2010_last_3y": -45.97,
            "at_2011_last_3y": -67.45,
            "at_2012_last_3y": -79.23,
            "at_2013_last_3y": -47.37,
            "at_2014_last_3y": -27.37,
            "at_2015_last_3y": 15.09,
            "at_2016_last_3y": 16.51,
            "at_2017_last_3y": -7.52,
            "at_2018_last_3y": 32.48,
            "at_2019_last_3y": 7.59,
            "at_2020_last_3y": -5.15,
            "at_2021_last_3y": 18.37,
            "at_2022_last_3y": 14,
            "at_2023_last_3y": 14,
            "at_2006_last_all": null,
            "at_2007_last_all": 59.25,
            "at_2008_last_all": 24.87,
            "at_2009_last_all": 4.03,
            "at_2010_last_all": -16.77,
            "at_2011_last_all": -16.77,
            "at_2012_last_all": -16.77,
            "at_2013_last_all": -13.1,
            "at_2014_last_all": -19.8,
            "at_2015_last_all": -4.82,
            "at_2016_last_all": -1.98,
            "at_2017_last_all": -10.87,
            "at_2018_last_all": -0.79,
            "at_2019_last_all": -0.69,
            "at_2020_last_all": -2.95,
            "at_2021_last_all": -2.51,
            "at_2022_last_all": 3.15,
            "at_2023_last_all": 3.15
        },
        "latest_eps": 2.34,
        "latest_price": 27.1,
        "latest_roe": 12.41,
        "latest_gross_margin": 26.84,
        "latest_equity": 1795213,
        "latest_revenue": 557421,
        "latest_gross_profit": 149615,
        "latest_net_income": 27619,
        "latest_debt_ratio": 42.84,
        "latest_current_ratio": 173.95,
        "latest_account_receivable_turnover_ratio": 1.17,
        "latest_inventory_turnover_ratio": 0.73,
        "latest_reinvestment_rate": 7.93,
        "latest_research_to_sale_ratio": 3.86
    },
    "eps_dividends": {
        "2001": {
            "cash": 0,
            "stock": 0,
            "eps": 0
        },
        "2002": {
            "cash": 0,
            "stock": 0,
            "eps": 0
        },
        "2003": {
            "cash": 0,
            "stock": 0,
            "eps": 0
        },
        "2004": {
            "cash": 0,
            "stock": 2,
            "eps": 0
        },
        "2005": {
            "cash": 0,
            "stock": 1,
            "eps": 1.56
        },
        "2006": {
            "cash": 1,
            "stock": 0,
            "eps": 3.73
        },
        "2007": {
            "cash": 2,
            "stock": 1,
            "eps": 4.42
        },
        "2008": {
            "cash": 2,
            "stock": 1,
            "eps": 2.48
        },
        "2009": {
            "cash": 1,
            "stock": 1,
            "eps": 1.03
        },
        "2010": {
            "cash": 1,
            "stock": 0,
            "eps": -3.08
        },
        "2011": {
            "cash": 0,
            "stock": 0,
            "eps": -1.76
        },
        "2012": {
            "cash": 0,
            "stock": 0,
            "eps": 1.52
        },
        "2013": {
            "cash": 1,
            "stock": 0,
            "eps": 1.6
        },
        "2014": {
            "cash": 1,
            "stock": 0,
            "eps": 0.64
        },
        "2015": {
            "cash": 1,
            "stock": 0,
            "eps": 1.54
        },
        "2016": {
            "cash": 1,
            "stock": 0,
            "eps": 1.86
        },
        "2017": {
            "cash": 2,
            "stock": 0,
            "eps": 0.17
        },
        "2018": {
            "cash": 1,
            "stock": 0,
            "eps": 2.21
        },
        "2019": {
            "cash": 2,
            "stock": 0,
            "eps": 2.22
        },
        "2020": {
            "cash": 2,
            "stock": 0,
            "eps": 1.55
        },
        "2021": {
            "cash": 1,
            "stock": 0,
            "eps": 1.6
        },
        "2022": {
            "cash": 1,
            "stock": 0,
            "eps": 2.92
        },
        "2023": {
            "cash": 2,
            "stock": 0,
            "eps": 0.29
        }
    },
    "dividends": {
        "2004-02-27": {
            "cash": 0,
            "stock": 1.5
        },
        "2005-03-11": {
            "cash": 0.4,
            "stock": 0.6
        },
        "2006-03-10": {
            "cash": 1.1,
            "stock": 0.4
        },
        "2007-02-09": {
            "cash": 1.5,
            "stock": 0.5
        },
        "2008-03-20": {
            "cash": 1.55,
            "stock": 0.52
        },
        "2009-03-26": {
            "cash": 0.63,
            "stock": 0.63
        },
        "2010-03-19": {
            "cash": 0.82,
            "stock": 0
        },
        "2013-06-17": {
            "cash": 0.79,
            "stock": 0
        },
        "2014-06-26": {
            "cash": 1.3,
            "stock": 0
        },
        "2015-08-14": {
            "cash": 0.58,
            "stock": 0
        },
        "2016-08-12": {
            "cash": 1.2,
            "stock": 0
        },
        "2017-08-15": {
            "cash": 1.5,
            "stock": 0
        },
        "2018-08-10": {
            "cash": 0.5,
            "stock": 0
        },
        "2019-08-15": {
            "cash": 1.6,
            "stock": 0
        },
        "2020-07-16": {
            "cash": 1.65,
            "stock": 0
        },
        "2021-08-05": {
            "cash": 1.4,
            "stock": 0
        },
        "2022-08-05": {
            "cash": 1.45,
            "stock": 0
        },
        "2023-02-23": {
            "cash": 2,
            "stock": 0
        }
    },
    "prices": {
        "200101": "無",
        "200102": "無",
        "200103": "無",
        "200104": "無",
        "200105": "無",
        "200106": "無",
        "200107": "無",
        "200108": "無",
        "200109": "無",
        "200110": "無",
        "200111": "無",
        "200112": "無",
        "200201": "無",
        "200202": "無",
        "200203": "無",
        "200204": "無",
        "200205": "無",
        "200206": "無",
        "200207": "無",
        "200208": "無",
        "200209": "無",
        "200210": "無",
        "200211": "無",
        "200212": "無",
        "200301": "無",
        "200302": "無",
        "200303": "無",
        "200304": "無",
        "200305": "無",
        "200306": "無",
        "200307": "無",
        "200308": "無",
        "200309": "無",
        "200310": "無",
        "200311": "無",
        "200312": "無",
        "200401": "無",
        "200402": "無",
        "200403": "無",
        "200404": "無",
        "200405": "34.00",
        "200406": "36.38",
        "200407": "31.19",
        "200408": "27.50",
        "200409": "無",
        "200410": "無",
        "200411": "25.40",
        "200412": "23.81",
        "200501": "無",
        "200502": "22.80",
        "200503": "無",
        "200504": "無",
        "200505": "22.28",
        "200506": "21.02",
        "200507": "無",
        "200508": "20.92",
        "200509": "20.04",
        "200510": "20.03",
        "200511": "20.36",
        "200512": "23.58",
        "200601": "23.80",
        "200602": "27.60",
        "200603": "30.76",
        "200604": "31.75",
        "200605": "32.52",
        "200606": "32.23",
        "200607": "31.62",
        "200608": "31.52",
        "200609": "33.45",
        "200610": "33.41",
        "200611": "33.44",
        "200612": "34.68",
        "200701": "41.10",
        "200702": "44.76",
        "200703": "52.59",
        "200704": "62.88",
        "200705": "110.00",
        "200706": "95.80",
        "200707": "94.70",
        "200708": "83.90",
        "200709": "68.35",
        "200710": "68.84",
        "200711": "51.68",
        "200712": "59.22",
        "200801": "49.10",
        "200802": "43.31",
        "200803": "47.55",
        "200804": "53.81",
        "200805": "51.21",
        "200806": "41.56",
        "200807": "29.68",
        "200808": "25.10",
        "200809": "18.90",
        "200810": "15.21",
        "200811": "16.46",
        "200812": "16.33",
        "200901": "14.24",
        "200902": "15.33",
        "200903": "23.71",
        "200904": "27.53",
        "200905": "25.71",
        "200906": "24.49",
        "200907": "28.01",
        "200908": "25.18",
        "200909": "24.62",
        "200910": "28.30",
        "200911": "30.22",
        "200912": "31.61",
        "201001": "32.74",
        "201002": "28.76",
        "201003": "31.71",
        "201004": "36.87",
        "201005": "29.79",
        "201006": "27.93",
        "201007": "28.98",
        "201008": "27.73",
        "201009": "26.54",
        "201010": "25.28",
        "201011": "21.35",
        "201012": "22.65",
        "201101": "20.97",
        "201102": "20.72",
        "201103": "21.43",
        "201104": "21.61",
        "201105": "20.99",
        "201106": "20.32",
        "201107": "17.87",
        "201108": "14.32",
        "201109": "13.47",
        "201110": "13.60",
        "201111": "11.00",
        "201112": "9.77",
        "201201": "9.92",
        "201202": "12.41",
        "201203": "12.42",
        "201204": "13.72",
        "201205": "12.19",
        "201206": "11.11",
        "201207": "10.96",
        "201208": "12.76",
        "201209": "16.26",
        "201210": "19.22",
        "201211": "19.71",
        "201212": "19.11",
        "201301": "20.08",
        "201302": "23.82",
        "201303": "24.17",
        "201304": "23.66",
        "201305": "21.46",
        "201306": "20.65",
        "201307": "18.64",
        "201308": "17.86",
        "201309": "20.40",
        "201310": "20.67",
        "201311": "19.22",
        "201312": "19.68",
        "201401": "21.07",
        "201402": "21.89",
        "201403": "25.52",
        "201404": "25.24",
        "201405": "23.56",
        "201406": "25.67",
        "201407": "25.30",
        "201408": "23.07",
        "201409": "22.41",
        "201410": "18.29",
        "201411": "16.26",
        "201412": "16.09",
        "201501": "17.20",
        "201502": "17.17",
        "201503": "17.32",
        "201504": "16.66",
        "201505": "16.56",
        "201506": "16.95",
        "201507": "16.89",
        "201508": "15.78",
        "201509": "16.86",
        "201510": "18.17",
        "201511": "18.21",
        "201512": "17.32",
        "201601": "17.01",
        "201602": "18.26",
        "201603": "19.64",
        "201604": "21.17",
        "201605": "22.18",
        "201606": "21.23",
        "201607": "20.88",
        "201608": "21.39",
        "201609": "21.61",
        "201610": "20.09",
        "201611": "19.16",
        "201612": "19.17",
        "201701": "19.83",
        "201702": "20.27",
        "201703": "21.32",
        "201704": "20.69",
        "201705": "19.95",
        "201706": "19.82",
        "201707": "19.11",
        "201708": "17.56",
        "201709": "18.90",
        "201710": "19.09",
        "201711": "18.91",
        "201712": "18.52",
        "201801": "18.25",
        "201802": "17.72",
        "201803": "18.05",
        "201804": "18.61",
        "201805": "18.95",
        "201806": "18.95",
        "201807": "18.25",
        "201808": "18.58",
        "201809": "18.48",
        "201810": "17.91",
        "201811": "19.49",
        "201812": "19.54",
        "201901": "20.04",
        "201902": "21.28",
        "201903": "24.74",
        "201904": "25.97",
        "201905": "24.87",
        "201906": "24.10",
        "201907": "24.84",
        "201908": "25.60",
        "201909": "26.92",
        "201910": "25.47",
        "201911": "25.42",
        "201912": "24.66",
        "202001": "24.21",
        "202002": "23.98",
        "202003": "22.26",
        "202004": "22.74",
        "202005": "23.74",
        "202006": "24.24",
        "202007": "22.78",
        "202008": "23.01",
        "202009": "23.20",
        "202010": "22.86",
        "202011": "22.86",
        "202012": "23.02",
        "202101": "22.20",
        "202102": "22.65",
        "202103": "23.33",
        "202104": "24.31",
        "202105": "22.36",
        "202106": "21.65",
        "202107": "21.54",
        "202108": "21.31",
        "202109": "22.39",
        "202110": "23.42",
        "202111": "25.68",
        "202112": "25.45",
        "202201": "25.66",
        "202202": "28.81",
        "202203": "27.20",
        "202204": "26.83",
        "202205": "27.04",
        "202206": "28.29",
        "202207": "28.01",
        "202208": "30.95",
        "202209": "30.95",
        "202210": "25.66",
        "202211": "25.28",
        "202212": "25.42",
        "202301": "25.27",
        "202302": "26.56",
        "202303": "27.35",
        "202304": "27.55",
        "202305": "26.92"
    },
    "quarters": {
        "20011": {
            "year_quarter": 20011,
            "year": 2001,
            "quarter": 1,
            "eps": null,
            "eps_growth_year": null,
            "eps_4q": null,
            "eps_4q_growth_year": null,
            "roe": null,
            "roe_4q": 0,
            "gross_profit": null,
            "gross_margin": null,
            "gross_margin_4q_avg": 0,
            "net_income": null,
            "revenue": null,
            "common_shares": null,
            "book_valuer_per_share": null,
            "book_valuer_per_share_4q_avg": 0,
            "equity": null,
            "current_ratio": null,
            "debt_ratio": null,
            "inventory_turnover_ratio": null,
            "account_receivable_turnover_ratio": null,
            "reinvestment_rate": null,
            "research_to_sale_ratio": null,
            "price_fair": 0,
            "eps_avg_yearly": 0,
            "eps_latest_yearly": 0,
            "eps_growth_yearly": 0
        },
        "20012": {
            "year_quarter": 20012,
            "year": 2001,
            "quarter": 2,
            "eps": null,
            "eps_growth_year": null,
            "eps_4q": null,
            "eps_4q_growth_year": null,
            "roe": null,
            "roe_4q": 0,
            "gross_profit": null,
            "gross_margin": null,
            "gross_margin_4q_avg": 0,
            "net_income": null,
            "revenue": null,
            "common_shares": null,
            "book_valuer_per_share": null,
            "book_valuer_per_share_4q_avg": 0,
            "equity": null,
            "current_ratio": null,
            "debt_ratio": null,
            "inventory_turnover_ratio": null,
            "account_receivable_turnover_ratio": null,
            "reinvestment_rate": null,
            "research_to_sale_ratio": null,
            "price_fair": 0,
            "eps_avg_yearly": 0,
            "eps_latest_yearly": 0,
            "eps_growth_yearly": 0
        },
        "20013": {
            "year_quarter": 20013,
            "year": 2001,
            "quarter": 3,
            "eps": null,
            "eps_growth_year": null,
            "eps_4q": null,
            "eps_4q_growth_year": null,
            "roe": null,
            "roe_4q": 0,
            "gross_profit": null,
            "gross_margin": null,
            "gross_margin_4q_avg": 0,
            "net_income": null,
            "revenue": null,
            "common_shares": null,
            "book_valuer_per_share": null,
            "book_valuer_per_share_4q_avg": 0,
            "equity": null,
            "current_ratio": null,
            "debt_ratio": null,
            "inventory_turnover_ratio": null,
            "account_receivable_turnover_ratio": null,
            "reinvestment_rate": null,
            "research_to_sale_ratio": null,
            "price_fair": 0,
            "eps_avg_yearly": 0,
            "eps_latest_yearly": 0,
            "eps_growth_yearly": 0
        },
        "20014": {
            "year_quarter": 20014,
            "year": 2001,
            "quarter": 4,
            "eps": null,
            "eps_growth_year": null,
            "eps_4q": null,
            "eps_4q_growth_year": null,
            "roe": null,
            "roe_4q": 0,
            "gross_profit": null,
            "gross_margin": null,
            "gross_margin_4q_avg": 0,
            "net_income": null,
            "revenue": null,
            "common_shares": 137500,
            "book_valuer_per_share": 16.82,
            "book_valuer_per_share_4q_avg": 4.21,
            "equity": 231255,
            "current_ratio": 199.48,
            "debt_ratio": 42.6,
            "inventory_turnover_ratio": null,
            "account_receivable_turnover_ratio": null,
            "reinvestment_rate": null,
            "research_to_sale_ratio": null,
            "price_fair": 0,
            "eps_avg_yearly": 0,
            "eps_latest_yearly": 0,
            "eps_growth_yearly": 0
        },
        "20021": {
            "year_quarter": 20021,
            "year": 2002,
            "quarter": 1,
            "eps": null,
            "eps_growth_year": null,
            "eps_4q": null,
            "eps_4q_growth_year": null,
            "roe": null,
            "roe_4q": 0,
            "gross_profit": null,
            "gross_margin": null,
            "gross_margin_4q_avg": 0,
            "net_income": null,
            "revenue": null,
            "common_shares": null,
            "book_valuer_per_share": null,
            "book_valuer_per_share_4q_avg": 4.21,
            "equity": null,
            "current_ratio": null,
            "debt_ratio": null,
            "inventory_turnover_ratio": null,
            "account_receivable_turnover_ratio": null,
            "reinvestment_rate": null,
            "research_to_sale_ratio": null,
            "price_fair": 0,
            "eps_avg_yearly": 0,
            "eps_latest_yearly": 0,
            "eps_growth_yearly": 0
        },
        "20022": {
            "year_quarter": 20022,
            "year": 2002,
            "quarter": 2,
            "eps": null,
            "eps_growth_year": null,
            "eps_4q": null,
            "eps_4q_growth_year": null,
            "roe": null,
            "roe_4q": 0,
            "gross_profit": null,
            "gross_margin": null,
            "gross_margin_4q_avg": 0,
            "net_income": null,
            "revenue": null,
            "common_shares": null,
            "book_valuer_per_share": null,
            "book_valuer_per_share_4q_avg": 4.21,
            "equity": null,
            "current_ratio": null,
            "debt_ratio": null,
            "inventory_turnover_ratio": null,
            "account_receivable_turnover_ratio": null,
            "reinvestment_rate": null,
            "research_to_sale_ratio": null,
            "price_fair": 0,
            "eps_avg_yearly": 0,
            "eps_latest_yearly": 0,
            "eps_growth_yearly": 0
        },
        "20023": {
            "year_quarter": 20023,
            "year": 2002,
            "quarter": 3,
            "eps": null,
            "eps_growth_year": null,
            "eps_4q": null,
            "eps_4q_growth_year": null,
            "roe": null,
            "roe_4q": 0,
            "gross_profit": null,
            "gross_margin": null,
            "gross_margin_4q_avg": 0,
            "net_income": null,
            "revenue": null,
            "common_shares": null,
            "book_valuer_per_share": null,
            "book_valuer_per_share_4q_avg": 4.21,
            "equity": null,
            "current_ratio": null,
            "debt_ratio": null,
            "inventory_turnover_ratio": null,
            "account_receivable_turnover_ratio": null,
            "reinvestment_rate": null,
            "research_to_sale_ratio": null,
            "price_fair": 0,
            "eps_avg_yearly": 0,
            "eps_latest_yearly": 0,
            "eps_growth_yearly": 0
        },
        "20024": {
            "year_quarter": 20024,
            "year": 2002,
            "quarter": 4,
            "eps": null,
            "eps_growth_year": null,
            "eps_4q": null,
            "eps_4q_growth_year": null,
            "roe": null,
            "roe_4q": 0,
            "gross_profit": null,
            "gross_margin": null,
            "gross_margin_4q_avg": 0,
            "net_income": null,
            "revenue": null,
            "common_shares": 241800,
            "book_valuer_per_share": 16.12,
            "book_valuer_per_share_4q_avg": 4.03,
            "equity": 389875,
            "current_ratio": 104.41,
            "debt_ratio": 53.84,
            "inventory_turnover_ratio": null,
            "account_receivable_turnover_ratio": null,
            "reinvestment_rate": null,
            "research_to_sale_ratio": null,
            "price_fair": 0,
            "eps_avg_yearly": 0,
            "eps_latest_yearly": 0,
            "eps_growth_yearly": 0
        },
        "20031": {
            "year_quarter": 20031,
            "year": 2003,
            "quarter": 1,
            "eps": null,
            "eps_growth_year": null,
            "eps_4q": null,
            "eps_4q_growth_year": null,
            "roe": null,
            "roe_4q": 0,
            "gross_profit": null,
            "gross_margin": null,
            "gross_margin_4q_avg": 0,
            "net_income": null,
            "revenue": null,
            "common_shares": null,
            "book_valuer_per_share": null,
            "book_valuer_per_share_4q_avg": 4.03,
            "equity": null,
            "current_ratio": null,
            "debt_ratio": null,
            "inventory_turnover_ratio": null,
            "account_receivable_turnover_ratio": null,
            "reinvestment_rate": null,
            "research_to_sale_ratio": null,
            "price_fair": 0,
            "eps_avg_yearly": 0,
            "eps_latest_yearly": 0,
            "eps_growth_yearly": 0
        },
        "20032": {
            "year_quarter": 20032,
            "year": 2003,
            "quarter": 2,
            "eps": null,
            "eps_growth_year": null,
            "eps_4q": null,
            "eps_4q_growth_year": null,
            "roe": null,
            "roe_4q": 0,
            "gross_profit": null,
            "gross_margin": null,
            "gross_margin_4q_avg": 0,
            "net_income": null,
            "revenue": null,
            "common_shares": null,
            "book_valuer_per_share": null,
            "book_valuer_per_share_4q_avg": 4.03,
            "equity": null,
            "current_ratio": null,
            "debt_ratio": null,
            "inventory_turnover_ratio": null,
            "account_receivable_turnover_ratio": null,
            "reinvestment_rate": null,
            "research_to_sale_ratio": null,
            "price_fair": 0,
            "eps_avg_yearly": 0,
            "eps_latest_yearly": 0,
            "eps_growth_yearly": 0
        },
        "20033": {
            "year_quarter": 20033,
            "year": 2003,
            "quarter": 3,
            "eps": null,
            "eps_growth_year": null,
            "eps_4q": null,
            "eps_4q_growth_year": null,
            "roe": null,
            "roe_4q": 0,
            "gross_profit": null,
            "gross_margin": null,
            "gross_margin_4q_avg": 0,
            "net_income": null,
            "revenue": null,
            "common_shares": null,
            "book_valuer_per_share": null,
            "book_valuer_per_share_4q_avg": 4.03,
            "equity": null,
            "current_ratio": null,
            "debt_ratio": null,
            "inventory_turnover_ratio": null,
            "account_receivable_turnover_ratio": null,
            "reinvestment_rate": null,
            "research_to_sale_ratio": null,
            "price_fair": 0,
            "eps_avg_yearly": 0,
            "eps_latest_yearly": 0,
            "eps_growth_yearly": 0
        },
        "20034": {
            "year_quarter": 20034,
            "year": 2003,
            "quarter": 4,
            "eps": null,
            "eps_growth_year": null,
            "eps_4q": null,
            "eps_4q_growth_year": null,
            "roe": null,
            "roe_4q": 0,
            "gross_profit": null,
            "gross_margin": null,
            "gross_margin_4q_avg": 0,
            "net_income": null,
            "revenue": null,
            "common_shares": 350160,
            "book_valuer_per_share": 17.96,
            "book_valuer_per_share_4q_avg": 4.49,
            "equity": 628891,
            "current_ratio": 164,
            "debt_ratio": 51.08,
            "inventory_turnover_ratio": null,
            "account_receivable_turnover_ratio": null,
            "reinvestment_rate": null,
            "research_to_sale_ratio": null,
            "price_fair": 0,
            "eps_avg_yearly": 0,
            "eps_latest_yearly": 0,
            "eps_growth_yearly": 0
        },
        "20041": {
            "year_quarter": 20041,
            "year": 2004,
            "quarter": 1,
            "eps": null,
            "eps_growth_year": null,
            "eps_4q": null,
            "eps_4q_growth_year": null,
            "roe": null,
            "roe_4q": 0,
            "gross_profit": null,
            "gross_margin": null,
            "gross_margin_4q_avg": 0,
            "net_income": null,
            "revenue": null,
            "common_shares": null,
            "book_valuer_per_share": null,
            "book_valuer_per_share_4q_avg": 4.49,
            "equity": null,
            "current_ratio": null,
            "debt_ratio": null,
            "inventory_turnover_ratio": null,
            "account_receivable_turnover_ratio": null,
            "reinvestment_rate": null,
            "research_to_sale_ratio": null,
            "price_fair": 0,
            "eps_avg_yearly": 0,
            "eps_latest_yearly": 0,
            "eps_growth_yearly": 0
        },
        "20042": {
            "year_quarter": 20042,
            "year": 2004,
            "quarter": 2,
            "eps": null,
            "eps_growth_year": null,
            "eps_4q": null,
            "eps_4q_growth_year": null,
            "roe": null,
            "roe_4q": 0,
            "gross_profit": null,
            "gross_margin": null,
            "gross_margin_4q_avg": 0,
            "net_income": null,
            "revenue": null,
            "common_shares": null,
            "book_valuer_per_share": null,
            "book_valuer_per_share_4q_avg": 4.49,
            "equity": null,
            "current_ratio": null,
            "debt_ratio": null,
            "inventory_turnover_ratio": null,
            "account_receivable_turnover_ratio": null,
            "reinvestment_rate": null,
            "research_to_sale_ratio": null,
            "price_fair": 0,
            "eps_avg_yearly": 0,
            "eps_latest_yearly": 0,
            "eps_growth_yearly": 0
        },
        "20043": {
            "year_quarter": 20043,
            "year": 2004,
            "quarter": 3,
            "eps": null,
            "eps_growth_year": null,
            "eps_4q": null,
            "eps_4q_growth_year": null,
            "roe": null,
            "roe_4q": 0,
            "gross_profit": null,
            "gross_margin": null,
            "gross_margin_4q_avg": 0,
            "net_income": null,
            "revenue": null,
            "common_shares": null,
            "book_valuer_per_share": null,
            "book_valuer_per_share_4q_avg": 4.49,
            "equity": null,
            "current_ratio": null,
            "debt_ratio": null,
            "inventory_turnover_ratio": null,
            "account_receivable_turnover_ratio": null,
            "reinvestment_rate": null,
            "research_to_sale_ratio": null,
            "price_fair": 0,
            "eps_avg_yearly": 0,
            "eps_latest_yearly": 0,
            "eps_growth_yearly": 0
        },
        "20044": {
            "year_quarter": 20044,
            "year": 2004,
            "quarter": 4,
            "eps": null,
            "eps_growth_year": null,
            "eps_4q": null,
            "eps_4q_growth_year": null,
            "roe": null,
            "roe_4q": 0,
            "gross_profit": null,
            "gross_margin": null,
            "gross_margin_4q_avg": 0,
            "net_income": null,
            "revenue": null,
            "common_shares": 437204,
            "book_valuer_per_share": 17.13,
            "book_valuer_per_share_4q_avg": 4.28,
            "equity": 749122,
            "current_ratio": 192.3,
            "debt_ratio": 48.69,
            "inventory_turnover_ratio": null,
            "account_receivable_turnover_ratio": null,
            "reinvestment_rate": null,
            "research_to_sale_ratio": null,
            "price_fair": 0,
            "eps_avg_yearly": 0,
            "eps_latest_yearly": 0,
            "eps_growth_yearly": 0
        },
        "20051": {
            "year_quarter": 20051,
            "year": 2005,
            "quarter": 1,
            "eps": null,
            "eps_growth_year": null,
            "eps_4q": null,
            "eps_4q_growth_year": null,
            "roe": null,
            "roe_4q": 0,
            "gross_profit": null,
            "gross_margin": null,
            "gross_margin_4q_avg": 0,
            "net_income": null,
            "revenue": null,
            "common_shares": null,
            "book_valuer_per_share": null,
            "book_valuer_per_share_4q_avg": 4.28,
            "equity": null,
            "current_ratio": null,
            "debt_ratio": null,
            "inventory_turnover_ratio": null,
            "account_receivable_turnover_ratio": null,
            "reinvestment_rate": null,
            "research_to_sale_ratio": null,
            "price_fair": 0,
            "eps_avg_yearly": 0,
            "eps_latest_yearly": 0,
            "eps_growth_yearly": 0
        },
        "20052": {
            "year_quarter": 20052,
            "year": 2005,
            "quarter": 2,
            "eps": null,
            "eps_growth_year": null,
            "eps_4q": null,
            "eps_4q_growth_year": null,
            "roe": null,
            "roe_4q": 0,
            "gross_profit": null,
            "gross_margin": null,
            "gross_margin_4q_avg": 0,
            "net_income": null,
            "revenue": null,
            "common_shares": null,
            "book_valuer_per_share": null,
            "book_valuer_per_share_4q_avg": 4.28,
            "equity": null,
            "current_ratio": null,
            "debt_ratio": null,
            "inventory_turnover_ratio": null,
            "account_receivable_turnover_ratio": null,
            "reinvestment_rate": null,
            "research_to_sale_ratio": null,
            "price_fair": 0,
            "eps_avg_yearly": 0,
            "eps_latest_yearly": 0,
            "eps_growth_yearly": 0
        },
        "20053": {
            "year_quarter": 20053,
            "year": 2005,
            "quarter": 3,
            "eps": 0.76,
            "eps_growth_year": null,
            "eps_4q": null,
            "eps_4q_growth_year": null,
            "roe": 4.6,
            "roe_4q": 4.6,
            "gross_profit": 59413,
            "gross_margin": 24.16,
            "gross_margin_4q_avg": 6.04,
            "net_income": 36545,
            "revenue": 245910,
            "common_shares": 463436,
            "book_valuer_per_share": 17.13,
            "book_valuer_per_share_4q_avg": 8.57,
            "equity": 793657,
            "current_ratio": 175.7,
            "debt_ratio": 40.62,
            "inventory_turnover_ratio": 1.73,
            "account_receivable_turnover_ratio": null,
            "reinvestment_rate": null,
            "research_to_sale_ratio": null,
            "price_fair": 0,
            "eps_avg_yearly": 0,
            "eps_latest_yearly": 0,
            "eps_growth_yearly": 0
        },
        "20054": {
            "year_quarter": 20054,
            "year": 2005,
            "quarter": 4,
            "eps": 0.8,
            "eps_growth_year": null,
            "eps_4q": null,
            "eps_4q_growth_year": null,
            "roe": 4.49,
            "roe_4q": 9.09,
            "gross_profit": 71649,
            "gross_margin": 26.72,
            "gross_margin_4q_avg": 12.72,
            "net_income": 37053,
            "revenue": 268192,
            "common_shares": 463436,
            "book_valuer_per_share": 18.52,
            "book_valuer_per_share_4q_avg": 8.91,
            "equity": 858372,
            "current_ratio": 202.12,
            "debt_ratio": 42.92,
            "inventory_turnover_ratio": 1.38,
            "account_receivable_turnover_ratio": null,
            "reinvestment_rate": null,
            "research_to_sale_ratio": null,
            "price_fair": 99.37,
            "eps_avg_yearly": 3.2,
            "eps_latest_yearly": 3.2,
            "eps_growth_yearly": 21.05
        },
        "20061": {
            "year_quarter": 20061,
            "year": 2006,
            "quarter": 1,
            "eps": 0.7,
            "eps_growth_year": null,
            "eps_4q": null,
            "eps_4q_growth_year": null,
            "roe": 3.52,
            "roe_4q": 12.61,
            "gross_profit": 60556,
            "gross_margin": 26.74,
            "gross_margin_4q_avg": 19.41,
            "net_income": 30758,
            "revenue": 226496,
            "common_shares": 463436,
            "book_valuer_per_share": 19.2,
            "book_valuer_per_share_4q_avg": 13.71,
            "equity": 889592,
            "current_ratio": 166.83,
            "debt_ratio": 36.92,
            "inventory_turnover_ratio": 1.22,
            "account_receivable_turnover_ratio": null,
            "reinvestment_rate": null,
            "research_to_sale_ratio": null,
            "price_fair": 9,
            "eps_avg_yearly": 3,
            "eps_latest_yearly": 2.8,
            "eps_growth_yearly": -14.47
        },
        "20062": {
            "year_quarter": 20062,
            "year": 2006,
            "quarter": 2,
            "eps": 0.79,
            "eps_growth_year": null,
            "eps_4q": 2.96,
            "eps_4q_growth_year": null,
            "roe": 4.34,
            "roe_4q": 16.95,
            "gross_profit": 59257,
            "gross_margin": 25.24,
            "gross_margin_4q_avg": 25.72,
            "net_income": 38061,
            "revenue": 234792,
            "common_shares": 463436,
            "book_valuer_per_share": 18.69,
            "book_valuer_per_share_4q_avg": 18.39,
            "equity": 865941,
            "current_ratio": 138.71,
            "debt_ratio": 39.92,
            "inventory_turnover_ratio": 1.84,
            "account_receivable_turnover_ratio": null,
            "reinvestment_rate": null,
            "research_to_sale_ratio": null,
            "price_fair": 53.41,
            "eps_avg_yearly": 3.05,
            "eps_latest_yearly": 3.16,
            "eps_growth_yearly": 7.49
        },
        "20063": {
            "year_quarter": 20063,
            "year": 2006,
            "quarter": 3,
            "eps": 1.23,
            "eps_growth_year": 61.84,
            "eps_4q": 3.42,
            "eps_4q_growth_year": null,
            "roe": 6.6,
            "roe_4q": 18.95,
            "gross_profit": 85761,
            "gross_margin": 29.85,
            "gross_margin_4q_avg": 27.14,
            "net_income": 59373,
            "revenue": 287272,
            "common_shares": 481973,
            "book_valuer_per_share": 19.36,
            "book_valuer_per_share_4q_avg": 18.94,
            "equity": 933058,
            "current_ratio": 173.5,
            "debt_ratio": 38.47,
            "inventory_turnover_ratio": 2.18,
            "account_receivable_turnover_ratio": null,
            "reinvestment_rate": null,
            "research_to_sale_ratio": null,
            "price_fair": 123.2,
            "eps_avg_yearly": 3.52,
            "eps_latest_yearly": 4.92,
            "eps_growth_yearly": 61.32
        },
        "20064": {
            "year_quarter": 20064,
            "year": 2006,
            "quarter": 4,
            "eps": 1.01,
            "eps_growth_year": 26.25,
            "eps_4q": 3.67,
            "eps_4q_growth_year": null,
            "roe": 5.07,
            "roe_4q": 19.529999999999998,
            "gross_profit": 83889,
            "gross_margin": 29.38,
            "gross_margin_4q_avg": 27.8,
            "net_income": 48691,
            "revenue": 285491,
            "common_shares": 481973,
            "book_valuer_per_share": 20.49,
            "book_valuer_per_share_4q_avg": 19.44,
            "equity": 987680,
            "current_ratio": 215.42,
            "debt_ratio": 42.92,
            "inventory_turnover_ratio": 1.5,
            "account_receivable_turnover_ratio": null,
            "reinvestment_rate": null,
            "research_to_sale_ratio": null,
            "price_fair": 126.84,
            "eps_avg_yearly": 3.62,
            "eps_latest_yearly": 4.04,
            "eps_growth_yearly": 34.74
        },
        "20071": {
            "year_quarter": 20071,
            "year": 2007,
            "quarter": 1,
            "eps": 1.28,
            "eps_growth_year": 82.86,
            "eps_4q": 4.3,
            "eps_4q_growth_year": null,
            "roe": 5.99,
            "roe_4q": 22,
            "gross_profit": 79979,
            "gross_margin": 25.38,
            "gross_margin_4q_avg": 27.46,
            "net_income": 61857,
            "revenue": 315143,
            "common_shares": 481973,
            "book_valuer_per_share": 22.34,
            "book_valuer_per_share_4q_avg": 20.22,
            "equity": 1076895,
            "current_ratio": 167.99,
            "debt_ratio": 40.4,
            "inventory_turnover_ratio": 1.55,
            "account_receivable_turnover_ratio": null,
            "reinvestment_rate": null,
            "research_to_sale_ratio": null,
            "price_fair": 135.57,
            "eps_avg_yearly": 3.87,
            "eps_latest_yearly": 5.12,
            "eps_growth_yearly": 46.78
        },
        "20072": {
            "year_quarter": 20072,
            "year": 2007,
            "quarter": 2,
            "eps": 0.93,
            "eps_growth_year": 17.72,
            "eps_4q": 4.11,
            "eps_4q_growth_year": 39.11,
            "roe": 4.21,
            "roe_4q": 21.869999999999997,
            "gross_profit": 79648,
            "gross_margin": 23.44,
            "gross_margin_4q_avg": 27.01,
            "net_income": 49661,
            "revenue": 339735,
            "common_shares": 555113,
            "book_valuer_per_share": 23.14,
            "book_valuer_per_share_4q_avg": 21.33,
            "equity": 1284548,
            "current_ratio": 144.46,
            "debt_ratio": 32.43,
            "inventory_turnover_ratio": 1.93,
            "account_receivable_turnover_ratio": null,
            "reinvestment_rate": null,
            "research_to_sale_ratio": null,
            "price_fair": 132.75,
            "eps_avg_yearly": 3.85,
            "eps_latest_yearly": 3.72,
            "eps_growth_yearly": 24.47
        },
        "20073": {
            "year_quarter": 20073,
            "year": 2007,
            "quarter": 3,
            "eps": 0.7,
            "eps_growth_year": -43.09,
            "eps_4q": 3.59,
            "eps_4q_growth_year": 4.96,
            "roe": 2.97,
            "roe_4q": 18.240000000000002,
            "gross_profit": 76560,
            "gross_margin": 21.15,
            "gross_margin_4q_avg": 24.84,
            "net_income": 38765,
            "revenue": 361967,
            "common_shares": 595957,
            "book_valuer_per_share": 22.22,
            "book_valuer_per_share_4q_avg": 22.05,
            "equity": 1324041,
            "current_ratio": 177.52,
            "debt_ratio": 39.25,
            "inventory_turnover_ratio": 2.07,
            "account_receivable_turnover_ratio": null,
            "reinvestment_rate": null,
            "research_to_sale_ratio": null,
            "price_fair": 70.84,
            "eps_avg_yearly": 3.72,
            "eps_latest_yearly": 2.8,
            "eps_growth_yearly": 9.04
        },
        "20074": {
            "year_quarter": 20074,
            "year": 2007,
            "quarter": 4,
            "eps": 1.51,
            "eps_growth_year": 49.5,
            "eps_4q": 4.16,
            "eps_4q_growth_year": 13.41,
            "roe": 6.22,
            "roe_4q": 19.39,
            "gross_profit": 86690,
            "gross_margin": 23.36,
            "gross_margin_4q_avg": 23.33,
            "net_income": 85592,
            "revenue": 371060,
            "common_shares": 595957,
            "book_valuer_per_share": 23.96,
            "book_valuer_per_share_4q_avg": 22.92,
            "equity": 1427644,
            "current_ratio": 285.31,
            "debt_ratio": 48.38,
            "inventory_turnover_ratio": 1.45,
            "account_receivable_turnover_ratio": null,
            "reinvestment_rate": null,
            "research_to_sale_ratio": null,
            "price_fair": 139.22,
            "eps_avg_yearly": 3.98,
            "eps_latest_yearly": 6.04,
            "eps_growth_yearly": 59.47
        },
        "20081": {
            "year_quarter": 20081,
            "year": 2008,
            "quarter": 1,
            "eps": 0.59,
            "eps_growth_year": -53.91,
            "eps_4q": 3.63,
            "eps_4q_growth_year": -15.77,
            "roe": 2.35,
            "roe_4q": 15.75,
            "gross_profit": 131554,
            "gross_margin": 27.01,
            "gross_margin_4q_avg": 23.74,
            "net_income": 34159,
            "revenue": 487090,
            "common_shares": 595957,
            "book_valuer_per_share": 24.86,
            "book_valuer_per_share_4q_avg": 23.55,
            "equity": 1480233,
            "current_ratio": 284.68,
            "debt_ratio": 50.9,
            "inventory_turnover_ratio": 1.25,
            "account_receivable_turnover_ratio": null,
            "reinvestment_rate": null,
            "research_to_sale_ratio": null,
            "price_fair": 133.56,
            "eps_avg_yearly": 3.82,
            "eps_latest_yearly": 2.36,
            "eps_growth_yearly": 29.15
        },
        "20082": {
            "year_quarter": 20082,
            "year": 2008,
            "quarter": 2,
            "eps": -0.16,
            "eps_growth_year": -117.2,
            "eps_4q": 2.44,
            "eps_4q_growth_year": -40.64,
            "roe": -0.68,
            "roe_4q": 10.86,
            "gross_profit": 109888,
            "gross_margin": 22.96,
            "gross_margin_4q_avg": 23.62,
            "net_income": -9592,
            "revenue": 478534,
            "common_shares": 613481,
            "book_valuer_per_share": 22.04,
            "book_valuer_per_share_4q_avg": 23.27,
            "equity": 1350044,
            "current_ratio": 215.15,
            "debt_ratio": 55.91,
            "inventory_turnover_ratio": 1.11,
            "account_receivable_turnover_ratio": null,
            "reinvestment_rate": null,
            "research_to_sale_ratio": null,
            "price_fair": 133.56,
            "eps_avg_yearly": 3.82,
            "eps_latest_yearly": 2.36,
            "eps_growth_yearly": 29.15
        },
        "20083": {
            "year_quarter": 20083,
            "year": 2008,
            "quarter": 3,
            "eps": 1.48,
            "eps_growth_year": 111.43,
            "eps_4q": 3.9,
            "eps_4q_growth_year": 8.53,
            "roe": 5.37,
            "roe_4q": 13.260000000000002,
            "gross_profit": 185942,
            "gross_margin": 22.25,
            "gross_margin_4q_avg": 23.9,
            "net_income": 78866,
            "revenue": 835728,
            "common_shares": 662096,
            "book_valuer_per_share": 21.97,
            "book_valuer_per_share_4q_avg": 23.21,
            "equity": 1586560,
            "current_ratio": 181.76,
            "debt_ratio": 56.2,
            "inventory_turnover_ratio": 1.47,
            "account_receivable_turnover_ratio": null,
            "reinvestment_rate": null,
            "research_to_sale_ratio": null,
            "price_fair": 133.56,
            "eps_avg_yearly": 3.82,
            "eps_latest_yearly": 2.36,
            "eps_growth_yearly": 29.15
        },
        "20084": {
            "year_quarter": 20084,
            "year": 2008,
            "quarter": 4,
            "eps": 0.57,
            "eps_growth_year": -62.25,
            "eps_4q": 2.66,
            "eps_4q_growth_year": -35.97,
            "roe": 2.1,
            "roe_4q": 9.14,
            "gross_profit": 110869,
            "gross_margin": 20.39,
            "gross_margin_4q_avg": 23.15,
            "net_income": 34091,
            "revenue": 543615,
            "common_shares": 662096,
            "book_valuer_per_share": 23.18,
            "book_valuer_per_share_4q_avg": 23.01,
            "equity": 1664451,
            "current_ratio": 128.31,
            "debt_ratio": 54.7,
            "inventory_turnover_ratio": 0.84,
            "account_receivable_turnover_ratio": 1.57,
            "reinvestment_rate": null,
            "research_to_sale_ratio": null,
            "price_fair": 51.99,
            "eps_avg_yearly": 3.68,
            "eps_latest_yearly": 2.28,
            "eps_growth_yearly": 4.14
        },
        "20091": {
            "year_quarter": 20091,
            "year": 2009,
            "quarter": 1,
            "eps": 0.29,
            "eps_growth_year": -50.85,
            "eps_4q": 3.28,
            "eps_4q_growth_year": -9.4,
            "roe": 0.74,
            "roe_4q": 7.530000000000001,
            "gross_profit": 102385,
            "gross_margin": 22.3,
            "gross_margin_4q_avg": 21.98,
            "net_income": 12510,
            "revenue": 459211,
            "common_shares": 662096,
            "book_valuer_per_share": 24.03,
            "book_valuer_per_share_4q_avg": 22.81,
            "equity": 1720412,
            "current_ratio": 116.31,
            "debt_ratio": 53.05,
            "inventory_turnover_ratio": 0.71,
            "account_receivable_turnover_ratio": 0.7,
            "reinvestment_rate": null,
            "research_to_sale_ratio": null,
            "price_fair": 10.4,
            "eps_avg_yearly": 3.47,
            "eps_latest_yearly": 1.16,
            "eps_growth_yearly": -12.58
        },
        "20092": {
            "year_quarter": 20092,
            "year": 2009,
            "quarter": 2,
            "eps": -0.24,
            "eps_growth_year": null,
            "eps_4q": 2.05,
            "eps_4q_growth_year": -16.02,
            "roe": -1.27,
            "roe_4q": 6.94,
            "gross_profit": 124404,
            "gross_margin": 22.01,
            "gross_margin_4q_avg": 21.74,
            "net_income": -21374,
            "revenue": 565122,
            "common_shares": 667622,
            "book_valuer_per_share": 22.75,
            "book_valuer_per_share_4q_avg": 22.98,
            "equity": 1637261,
            "current_ratio": 106.28,
            "debt_ratio": 53.61,
            "inventory_turnover_ratio": 0.9,
            "account_receivable_turnover_ratio": 0.89,
            "reinvestment_rate": 292.98,
            "research_to_sale_ratio": null,
            "price_fair": 10.4,
            "eps_avg_yearly": 3.47,
            "eps_latest_yearly": 1.16,
            "eps_growth_yearly": -12.58
        },
        "20093": {
            "year_quarter": 20093,
            "year": 2009,
            "quarter": 3,
            "eps": 0.6,
            "eps_growth_year": -59.46,
            "eps_4q": 1.01,
            "eps_4q_growth_year": -74.01,
            "roe": 2.85,
            "roe_4q": 4.42,
            "gross_profit": 185524,
            "gross_margin": 27.16,
            "gross_margin_4q_avg": 22.97,
            "net_income": 47621,
            "revenue": 683020,
            "common_shares": 669409,
            "book_valuer_per_share": 23.6,
            "book_valuer_per_share_4q_avg": 23.39,
            "equity": 1703665,
            "current_ratio": 150.1,
            "debt_ratio": 56.12,
            "inventory_turnover_ratio": 0.98,
            "account_receivable_turnover_ratio": 1,
            "reinvestment_rate": 217.66,
            "research_to_sale_ratio": null,
            "price_fair": 10.4,
            "eps_avg_yearly": 3.47,
            "eps_latest_yearly": 1.16,
            "eps_growth_yearly": -12.58
        },
        "20094": {
            "year_quarter": 20094,
            "year": 2009,
            "quarter": 4,
            "eps": 0.38,
            "eps_growth_year": -33.33,
            "eps_4q": 0.94,
            "eps_4q_growth_year": -64.75,
            "roe": 0.78,
            "roe_4q": 3.0999999999999996,
            "gross_profit": 111468,
            "gross_margin": 18.31,
            "gross_margin_4q_avg": 22.45,
            "net_income": 13713,
            "revenue": 608911,
            "common_shares": 724062,
            "book_valuer_per_share": 23.09,
            "book_valuer_per_share_4q_avg": 23.37,
            "equity": 1808224,
            "current_ratio": 141.98,
            "debt_ratio": 53.61,
            "inventory_turnover_ratio": 0.9,
            "account_receivable_turnover_ratio": 1.26,
            "reinvestment_rate": 209.25,
            "research_to_sale_ratio": null,
            "price_fair": 9.98,
            "eps_avg_yearly": 3.33,
            "eps_latest_yearly": 1.52,
            "eps_growth_yearly": -26.55
        },
        "20101": {
            "year_quarter": 20101,
            "year": 2010,
            "quarter": 1,
            "eps": -0.7,
            "eps_growth_year": -341.38,
            "eps_4q": -0.02,
            "eps_4q_growth_year": -100.73,
            "roe": -3.49,
            "roe_4q": -1.13,
            "gross_profit": 77301,
            "gross_margin": 13.67,
            "gross_margin_4q_avg": 20.29,
            "net_income": -64050,
            "revenue": 565459,
            "common_shares": 773502,
            "book_valuer_per_share": 22.64,
            "book_valuer_per_share_4q_avg": 23.02,
            "equity": 1859939,
            "current_ratio": 157.26,
            "debt_ratio": 53.58,
            "inventory_turnover_ratio": 0.87,
            "account_receivable_turnover_ratio": 0.67,
            "reinvestment_rate": 287.12,
            "research_to_sale_ratio": 4.31,
            "price_fair": 10.12,
            "eps_avg_yearly": 3.37,
            "eps_latest_yearly": 1.52,
            "eps_growth_yearly": -24.42
        },
        "20102": {
            "year_quarter": 20102,
            "year": 2010,
            "quarter": 2,
            "eps": -0.45,
            "eps_growth_year": null,
            "eps_4q": -0.28,
            "eps_4q_growth_year": -113.62,
            "roe": -2.54,
            "roe_4q": -2.4,
            "gross_profit": 81246,
            "gross_margin": 12.9,
            "gross_margin_4q_avg": 18.01,
            "net_income": -46299,
            "revenue": 629985,
            "common_shares": 786422,
            "book_valuer_per_share": 21.52,
            "book_valuer_per_share_4q_avg": 22.71,
            "equity": 1784599,
            "current_ratio": 149.82,
            "debt_ratio": 54.96,
            "inventory_turnover_ratio": 0.95,
            "account_receivable_turnover_ratio": 0.72,
            "reinvestment_rate": 320.03,
            "research_to_sale_ratio": 4.49,
            "price_fair": 10.19,
            "eps_avg_yearly": 3.4,
            "eps_latest_yearly": 1.52,
            "eps_growth_yearly": -32.01
        },
        "20103": {
            "year_quarter": 20103,
            "year": 2010,
            "quarter": 3,
            "eps": -0.19,
            "eps_growth_year": -132.08,
            "eps_4q": -0.98,
            "eps_4q_growth_year": -196.98,
            "roe": -1.25,
            "roe_4q": -6.5,
            "gross_profit": 82803,
            "gross_margin": 13.2,
            "gross_margin_4q_avg": 14.52,
            "net_income": -22072,
            "revenue": 627056,
            "common_shares": 795899,
            "book_valuer_per_share": 21.17,
            "book_valuer_per_share_4q_avg": 22.11,
            "equity": 1752394,
            "current_ratio": 146.12,
            "debt_ratio": 56.88,
            "inventory_turnover_ratio": 0.97,
            "account_receivable_turnover_ratio": 0.73,
            "reinvestment_rate": 383.06,
            "research_to_sale_ratio": 3.9,
            "price_fair": 9.68,
            "eps_avg_yearly": 3.23,
            "eps_latest_yearly": 1.52,
            "eps_growth_yearly": -60.32
        },
        "20104": {
            "year_quarter": 20104,
            "year": 2010,
            "quarter": 4,
            "eps": -1.74,
            "eps_growth_year": -557.68,
            "eps_4q": -3.04,
            "eps_4q_growth_year": -423.61,
            "roe": -10.19,
            "roe_4q": -17.47,
            "gross_profit": -8428,
            "gross_margin": -0.94,
            "gross_margin_4q_avg": 9.71,
            "net_income": -169851,
            "revenue": 899702,
            "common_shares": 798417,
            "book_valuer_per_share": 18.72,
            "book_valuer_per_share_4q_avg": 21.01,
            "equity": 1581997,
            "current_ratio": 172.84,
            "debt_ratio": 59.85,
            "inventory_turnover_ratio": 1.9,
            "account_receivable_turnover_ratio": 1.09,
            "reinvestment_rate": 573.91,
            "research_to_sale_ratio": 1.46,
            "price_fair": 9.38,
            "eps_avg_yearly": 3.13,
            "eps_latest_yearly": 1.52,
            "eps_growth_yearly": -58.92
        },
        "20111": {
            "year_quarter": 20111,
            "year": 2011,
            "quarter": 1,
            "eps": 0.06,
            "eps_growth_year": null,
            "eps_4q": -2.32,
            "eps_4q_growth_year": null,
            "roe": -0.14,
            "roe_4q": -14.120000000000001,
            "gross_profit": 86897,
            "gross_margin": 12.52,
            "gross_margin_4q_avg": 9.42,
            "net_income": -2218,
            "revenue": 694020,
            "common_shares": 804138,
            "book_valuer_per_share": 19.11,
            "book_valuer_per_share_4q_avg": 20.13,
            "equity": 1609607,
            "current_ratio": 166.97,
            "debt_ratio": 59.4,
            "inventory_turnover_ratio": 1.36,
            "account_receivable_turnover_ratio": 0.79,
            "reinvestment_rate": 901.53,
            "research_to_sale_ratio": 3.5,
            "price_fair": 8.52,
            "eps_avg_yearly": 2.84,
            "eps_latest_yearly": 1.52,
            "eps_growth_yearly": -82.61
        },
        "20112": {
            "year_quarter": 20112,
            "year": 2011,
            "quarter": 2,
            "eps": -0.83,
            "eps_growth_year": null,
            "eps_4q": -2.69,
            "eps_4q_growth_year": null,
            "roe": -5,
            "roe_4q": -16.58,
            "gross_profit": 41473,
            "gross_margin": 6.43,
            "gross_margin_4q_avg": 7.8,
            "net_income": -78565,
            "revenue": 645397,
            "common_shares": 795815,
            "book_valuer_per_share": 18.16,
            "book_valuer_per_share_4q_avg": 19.29,
            "equity": 1533435,
            "current_ratio": 159.74,
            "debt_ratio": 59.32,
            "inventory_turnover_ratio": 1.28,
            "account_receivable_turnover_ratio": 0.72,
            "reinvestment_rate": 4470.41,
            "research_to_sale_ratio": 4.83,
            "price_fair": 8.08,
            "eps_avg_yearly": 2.69,
            "eps_latest_yearly": 1.52,
            "eps_growth_yearly": -78.15
        },
        "20113": {
            "year_quarter": 20113,
            "year": 2011,
            "quarter": 3,
            "eps": -0.42,
            "eps_growth_year": null,
            "eps_4q": -2.98,
            "eps_4q_growth_year": null,
            "roe": -2.82,
            "roe_4q": -18.15,
            "gross_profit": 66223,
            "gross_margin": 9.83,
            "gross_margin_4q_avg": 6.96,
            "net_income": -43006,
            "revenue": 673604,
            "common_shares": 802234,
            "book_valuer_per_share": 18.41,
            "book_valuer_per_share_4q_avg": 18.6,
            "equity": 1512477,
            "current_ratio": 147.86,
            "debt_ratio": 60.77,
            "inventory_turnover_ratio": 1.2,
            "account_receivable_turnover_ratio": 0.73,
            "reinvestment_rate": null,
            "research_to_sale_ratio": 5.42,
            "price_fair": 8.02,
            "eps_avg_yearly": 2.67,
            "eps_latest_yearly": 1.52,
            "eps_growth_yearly": -73.99
        },
        "20114": {
            "year_quarter": 20114,
            "year": 2011,
            "quarter": 4,
            "eps": -0.57,
            "eps_growth_year": null,
            "eps_4q": -1.8,
            "eps_4q_growth_year": null,
            "roe": -4.18,
            "roe_4q": -12.14,
            "gross_profit": 55343,
            "gross_margin": 7.38,
            "gross_margin_4q_avg": 9.04,
            "net_income": -61400,
            "revenue": 749518,
            "common_shares": 802234,
            "book_valuer_per_share": 17.66,
            "book_valuer_per_share_4q_avg": 18.34,
            "equity": 1422519,
            "current_ratio": 125.5,
            "debt_ratio": 61.81,
            "inventory_turnover_ratio": 1.37,
            "account_receivable_turnover_ratio": 0.75,
            "reinvestment_rate": null,
            "research_to_sale_ratio": 3.48,
            "price_fair": 5.49,
            "eps_avg_yearly": 1.83,
            "eps_latest_yearly": 1.52,
            "eps_growth_yearly": -208.2
        },
        "20121": {
            "year_quarter": 20121,
            "year": 2012,
            "quarter": 1,
            "eps": 0.02,
            "eps_growth_year": -66.67,
            "eps_4q": -1.84,
            "eps_4q_growth_year": null,
            "roe": -0.8,
            "roe_4q": -12.799999999999999,
            "gross_profit": 121913,
            "gross_margin": 18.04,
            "gross_margin_4q_avg": 10.42,
            "net_income": -11204,
            "revenue": 675674,
            "common_shares": 802234,
            "book_valuer_per_share": 17.48,
            "book_valuer_per_share_4q_avg": 17.93,
            "equity": 1393055,
            "current_ratio": 119.47,
            "debt_ratio": 61.12,
            "inventory_turnover_ratio": 1.2,
            "account_receivable_turnover_ratio": 0.59,
            "reinvestment_rate": null,
            "research_to_sale_ratio": 4.07,
            "price_fair": 4.96,
            "eps_avg_yearly": 1.65,
            "eps_latest_yearly": 1.52,
            "eps_growth_yearly": -196.37
        },
        "20122": {
            "year_quarter": 20122,
            "year": 2012,
            "quarter": 2,
            "eps": 0.35,
            "eps_growth_year": null,
            "eps_4q": -0.52,
            "eps_4q_growth_year": null,
            "roe": 2.24,
            "roe_4q": -5.559999999999999,
            "gross_profit": 151201,
            "gross_margin": 21.03,
            "gross_margin_4q_avg": 14.07,
            "net_income": 32921,
            "revenue": 719086,
            "common_shares": 902234,
            "book_valuer_per_share": 17.25,
            "book_valuer_per_share_4q_avg": 17.7,
            "equity": 1549896,
            "current_ratio": 133.45,
            "debt_ratio": 59.07,
            "inventory_turnover_ratio": 1.26,
            "account_receivable_turnover_ratio": 0.63,
            "reinvestment_rate": null,
            "research_to_sale_ratio": 3.67,
            "price_fair": 55.65,
            "eps_avg_yearly": 1.59,
            "eps_latest_yearly": 1.4,
            "eps_growth_yearly": 1502.72
        },
        "20123": {
            "year_quarter": 20123,
            "year": 2012,
            "quarter": 3,
            "eps": 0.92,
            "eps_growth_year": null,
            "eps_4q": 0.77,
            "eps_4q_growth_year": null,
            "roe": 4.84,
            "roe_4q": 2.1000000000000005,
            "gross_profit": 206801,
            "gross_margin": 23.67,
            "gross_margin_4q_avg": 17.53,
            "net_income": 76403,
            "revenue": 873573,
            "common_shares": 902234,
            "book_valuer_per_share": 18.07,
            "book_valuer_per_share_4q_avg": 17.62,
            "equity": 1604019,
            "current_ratio": 141.18,
            "debt_ratio": 58.41,
            "inventory_turnover_ratio": 1.5,
            "account_receivable_turnover_ratio": 0.8,
            "reinvestment_rate": null,
            "research_to_sale_ratio": 2.95,
            "price_fair": 70.28,
            "eps_avg_yearly": 2.01,
            "eps_latest_yearly": 3.68,
            "eps_growth_yearly": 1332.46
        },
        "20124": {
            "year_quarter": 20124,
            "year": 2012,
            "quarter": 4,
            "eps": 0.23,
            "eps_growth_year": null,
            "eps_4q": 1.44,
            "eps_4q_growth_year": null,
            "roe": 1.55,
            "roe_4q": 7.829999999999999,
            "gross_profit": 202875,
            "gross_margin": 23.72,
            "gross_margin_4q_avg": 21.62,
            "net_income": 25836,
            "revenue": 855120,
            "common_shares": 933336,
            "book_valuer_per_share": 17.82,
            "book_valuer_per_share_4q_avg": 17.66,
            "equity": 1726444,
            "current_ratio": 158.51,
            "debt_ratio": 54.07,
            "inventory_turnover_ratio": 1.49,
            "account_receivable_turnover_ratio": 0.72,
            "reinvestment_rate": null,
            "research_to_sale_ratio": 2.37,
            "price_fair": 60.76,
            "eps_avg_yearly": 1.74,
            "eps_latest_yearly": 0.92,
            "eps_growth_yearly": 1321.65
        },
        "20131": {
            "year_quarter": 20131,
            "year": 2013,
            "quarter": 1,
            "eps": 0.46,
            "eps_growth_year": 2200,
            "eps_4q": 1.82,
            "eps_4q_growth_year": null,
            "roe": 2.46,
            "roe_4q": 11.09,
            "gross_profit": 166044,
            "gross_margin": 22.47,
            "gross_margin_4q_avg": 22.72,
            "net_income": 43588,
            "revenue": 738910,
            "common_shares": 965154,
            "book_valuer_per_share": 18.09,
            "book_valuer_per_share_4q_avg": 17.81,
            "equity": 1812834,
            "current_ratio": 158.22,
            "debt_ratio": 49.61,
            "inventory_turnover_ratio": 1.27,
            "account_receivable_turnover_ratio": 0.65,
            "reinvestment_rate": null,
            "research_to_sale_ratio": 3.07,
            "price_fair": 65.52,
            "eps_avg_yearly": 1.87,
            "eps_latest_yearly": 1.84,
            "eps_growth_yearly": 1440.95
        },
        "20132": {
            "year_quarter": 20132,
            "year": 2013,
            "quarter": 2,
            "eps": 0.35,
            "eps_growth_year": 0.17,
            "eps_4q": 1.84,
            "eps_4q_growth_year": null,
            "roe": 1.43,
            "roe_4q": 10.28,
            "gross_profit": 154574,
            "gross_margin": 21.99,
            "gross_margin_4q_avg": 22.96,
            "net_income": 25609,
            "revenue": 702904,
            "common_shares": 971238,
            "book_valuer_per_share": 17.64,
            "book_valuer_per_share_4q_avg": 17.91,
            "equity": 1771913,
            "current_ratio": 142.33,
            "debt_ratio": 49.77,
            "inventory_turnover_ratio": 1.22,
            "account_receivable_turnover_ratio": 0.79,
            "reinvestment_rate": null,
            "research_to_sale_ratio": 2.92,
            "price_fair": 62.77,
            "eps_avg_yearly": 1.79,
            "eps_latest_yearly": 1.4,
            "eps_growth_yearly": 1184.85
        },
        "20133": {
            "year_quarter": 20133,
            "year": 2013,
            "quarter": 3,
            "eps": 0.45,
            "eps_growth_year": -51.03,
            "eps_4q": 1.46,
            "eps_4q_growth_year": 88.34,
            "roe": 1.94,
            "roe_4q": 7.38,
            "gross_profit": 167924,
            "gross_margin": 21.75,
            "gross_margin_4q_avg": 22.48,
            "net_income": 34598,
            "revenue": 772064,
            "common_shares": 971238,
            "book_valuer_per_share": 18.01,
            "book_valuer_per_share_4q_avg": 17.89,
            "equity": 1798473,
            "current_ratio": 149.99,
            "debt_ratio": 49.43,
            "inventory_turnover_ratio": 1.45,
            "account_receivable_turnover_ratio": 0.88,
            "reinvestment_rate": null,
            "research_to_sale_ratio": 2.72,
            "price_fair": 62.8,
            "eps_avg_yearly": 1.79,
            "eps_latest_yearly": 1.8,
            "eps_growth_yearly": 1031.91
        },
        "20134": {
            "year_quarter": 20134,
            "year": 2013,
            "quarter": 4,
            "eps": 0.34,
            "eps_growth_year": 45.87,
            "eps_4q": 1.55,
            "eps_4q_growth_year": 7.88,
            "roe": 1.47,
            "roe_4q": 7.3,
            "gross_profit": 166724,
            "gross_margin": 21.62,
            "gross_margin_4q_avg": 21.96,
            "net_income": 26801,
            "revenue": 771062,
            "common_shares": 979340,
            "book_valuer_per_share": 18.37,
            "book_valuer_per_share_4q_avg": 18.03,
            "equity": 1852135,
            "current_ratio": 151.26,
            "debt_ratio": 48.19,
            "inventory_turnover_ratio": 1.55,
            "account_receivable_turnover_ratio": 0.86,
            "reinvestment_rate": null,
            "research_to_sale_ratio": 2.6,
            "price_fair": 62,
            "eps_avg_yearly": 1.77,
            "eps_latest_yearly": 1.36,
            "eps_growth_yearly": 1038.9
        },
        "20141": {
            "year_quarter": 20141,
            "year": 2014,
            "quarter": 1,
            "eps": 0.43,
            "eps_growth_year": -6.52,
            "eps_4q": 1.55,
            "eps_4q_growth_year": -15.14,
            "roe": 1.45,
            "roe_4q": 6.289999999999999,
            "gross_profit": 122258,
            "gross_margin": 18.83,
            "gross_margin_4q_avg": 21.05,
            "net_income": 26961,
            "revenue": 649429,
            "common_shares": 992772,
            "book_valuer_per_share": 18.55,
            "book_valuer_per_share_4q_avg": 18.14,
            "equity": 1874418,
            "current_ratio": 158.68,
            "debt_ratio": 45.14,
            "inventory_turnover_ratio": 1.31,
            "account_receivable_turnover_ratio": 0.78,
            "reinvestment_rate": null,
            "research_to_sale_ratio": 2.93,
            "price_fair": 61.78,
            "eps_avg_yearly": 1.77,
            "eps_latest_yearly": 1.72,
            "eps_growth_yearly": 922.27
        },
        "20142": {
            "year_quarter": 20142,
            "year": 2014,
            "quarter": 2,
            "eps": 0.41,
            "eps_growth_year": 17.14,
            "eps_4q": 1.56,
            "eps_4q_growth_year": -15.43,
            "roe": 2.06,
            "roe_4q": 6.92,
            "gross_profit": 184608,
            "gross_margin": 24.1,
            "gross_margin_4q_avg": 21.58,
            "net_income": 38054,
            "revenue": 765876,
            "common_shares": 1033136,
            "book_valuer_per_share": 17.47,
            "book_valuer_per_share_4q_avg": 18.1,
            "equity": 1825575,
            "current_ratio": 143.11,
            "debt_ratio": 48.66,
            "inventory_turnover_ratio": 1.43,
            "account_receivable_turnover_ratio": 0.93,
            "reinvestment_rate": -749.05,
            "research_to_sale_ratio": 2.53,
            "price_fair": 61.29,
            "eps_avg_yearly": 1.75,
            "eps_latest_yearly": 1.64,
            "eps_growth_yearly": 817.73
        },
        "20143": {
            "year_quarter": 20143,
            "year": 2014,
            "quarter": 3,
            "eps": -0.44,
            "eps_growth_year": -197.78,
            "eps_4q": 0.69,
            "eps_4q_growth_year": -52.69,
            "roe": -3.92,
            "roe_4q": 1.06,
            "gross_profit": 131877,
            "gross_margin": 18.74,
            "gross_margin_4q_avg": 20.82,
            "net_income": -71723,
            "revenue": 703660,
            "common_shares": 1033136,
            "book_valuer_per_share": 17.09,
            "book_valuer_per_share_4q_avg": 17.87,
            "equity": 1829057,
            "current_ratio": 185.95,
            "debt_ratio": 48.1,
            "inventory_turnover_ratio": 1.43,
            "account_receivable_turnover_ratio": 0.84,
            "reinvestment_rate": -1409.24,
            "research_to_sale_ratio": 2.62,
            "price_fair": 61.29,
            "eps_avg_yearly": 1.75,
            "eps_latest_yearly": 1.64,
            "eps_growth_yearly": 817.73
        },
        "20144": {
            "year_quarter": 20144,
            "year": 2014,
            "quarter": 4,
            "eps": 0.24,
            "eps_growth_year": -30.37,
            "eps_4q": 0.6,
            "eps_4q_growth_year": -61.57,
            "roe": 0.84,
            "roe_4q": 0.42999999999999994,
            "gross_profit": 101419,
            "gross_margin": 17.39,
            "gross_margin_4q_avg": 19.77,
            "net_income": 15429,
            "revenue": 583219,
            "common_shares": 1023356,
            "book_valuer_per_share": 17.52,
            "book_valuer_per_share_4q_avg": 17.66,
            "equity": 1864231,
            "current_ratio": 172.88,
            "debt_ratio": 45.62,
            "inventory_turnover_ratio": 1.32,
            "account_receivable_turnover_ratio": 0.76,
            "reinvestment_rate": -264.31,
            "research_to_sale_ratio": 3.5,
            "price_fair": 61.29,
            "eps_avg_yearly": 1.75,
            "eps_latest_yearly": 1.64,
            "eps_growth_yearly": 817.73
        },
        "20151": {
            "year_quarter": 20151,
            "year": 2015,
            "quarter": 1,
            "eps": 0.02,
            "eps_growth_year": -95.35,
            "eps_4q": 0.2,
            "eps_4q_growth_year": -87.04,
            "roe": -0.32,
            "roe_4q": -1.3399999999999999,
            "gross_profit": 102162,
            "gross_margin": 20.47,
            "gross_margin_4q_avg": 20.18,
            "net_income": -5926,
            "revenue": 499157,
            "common_shares": 1023356,
            "book_valuer_per_share": 17.41,
            "book_valuer_per_share_4q_avg": 17.37,
            "equity": 1844702,
            "current_ratio": 189.83,
            "debt_ratio": 44.48,
            "inventory_turnover_ratio": 1.15,
            "account_receivable_turnover_ratio": 0.75,
            "reinvestment_rate": -221,
            "research_to_sale_ratio": 4.37,
            "price_fair": 55.44,
            "eps_avg_yearly": 1.58,
            "eps_latest_yearly": 0.08,
            "eps_growth_yearly": 699.29
        },
        "20152": {
            "year_quarter": 20152,
            "year": 2015,
            "quarter": 2,
            "eps": 0.31,
            "eps_growth_year": -24.39,
            "eps_4q": 0.12,
            "eps_4q_growth_year": -91.98,
            "roe": 1.56,
            "roe_4q": -1.8399999999999999,
            "gross_profit": 142789,
            "gross_margin": 23.36,
            "gross_margin_4q_avg": 19.99,
            "net_income": 27864,
            "revenue": 611197,
            "common_shares": 1023356,
            "book_valuer_per_share": 17.08,
            "book_valuer_per_share_4q_avg": 17.28,
            "equity": 1720291,
            "current_ratio": 171.23,
            "debt_ratio": 48.49,
            "inventory_turnover_ratio": 1.32,
            "account_receivable_turnover_ratio": 1,
            "reinvestment_rate": -150.98,
            "research_to_sale_ratio": 3.26,
            "price_fair": 54.35,
            "eps_avg_yearly": 1.55,
            "eps_latest_yearly": 1.24,
            "eps_growth_yearly": 1162.99
        },
        "20153": {
            "year_quarter": 20153,
            "year": 2015,
            "quarter": 3,
            "eps": 0.76,
            "eps_growth_year": null,
            "eps_4q": 1.38,
            "eps_4q_growth_year": 100.95,
            "roe": 4.21,
            "roe_4q": 6.289999999999999,
            "gross_profit": 167264,
            "gross_margin": 25.16,
            "gross_margin_4q_avg": 21.6,
            "net_income": 73109,
            "revenue": 664752,
            "common_shares": 973616,
            "book_valuer_per_share": 18.02,
            "book_valuer_per_share_4q_avg": 17.51,
            "equity": 1753688,
            "current_ratio": 174.08,
            "debt_ratio": 45.65,
            "inventory_turnover_ratio": 1.47,
            "account_receivable_turnover_ratio": 1.01,
            "reinvestment_rate": -116.94,
            "research_to_sale_ratio": 3.16,
            "price_fair": 58.68,
            "eps_avg_yearly": 1.68,
            "eps_latest_yearly": 3.04,
            "eps_growth_yearly": 1114.46
        },
        "20154": {
            "year_quarter": 20154,
            "year": 2015,
            "quarter": 4,
            "eps": 0.45,
            "eps_growth_year": 90.48,
            "eps_4q": 1.56,
            "eps_4q_growth_year": 161.91,
            "roe": 2.32,
            "roe_4q": 7.77,
            "gross_profit": 160373,
            "gross_margin": 24.65,
            "gross_margin_4q_avg": 23.41,
            "net_income": 41205,
            "revenue": 650725,
            "common_shares": 973616,
            "book_valuer_per_share": 18.26,
            "book_valuer_per_share_4q_avg": 17.69,
            "equity": 1790795,
            "current_ratio": 196.58,
            "debt_ratio": 41.69,
            "inventory_turnover_ratio": 1.48,
            "account_receivable_turnover_ratio": 0.97,
            "reinvestment_rate": -72.2,
            "research_to_sale_ratio": 3.22,
            "price_fair": 59.02,
            "eps_avg_yearly": 1.69,
            "eps_latest_yearly": 1.8,
            "eps_growth_yearly": 1016.18
        },
        "20161": {
            "year_quarter": 20161,
            "year": 2016,
            "quarter": 1,
            "eps": 0.42,
            "eps_growth_year": 2000,
            "eps_4q": 1.96,
            "eps_4q_growth_year": 877.83,
            "roe": 1.98,
            "roe_4q": 10.07,
            "gross_profit": 155671,
            "gross_margin": 27.07,
            "gross_margin_4q_avg": 25.06,
            "net_income": 35870,
            "revenue": 575066,
            "common_shares": 973616,
            "book_valuer_per_share": 18.71,
            "book_valuer_per_share_4q_avg": 18.02,
            "equity": 1830324,
            "current_ratio": 216.27,
            "debt_ratio": 38.42,
            "inventory_turnover_ratio": 1.25,
            "account_receivable_turnover_ratio": 0.91,
            "reinvestment_rate": -63.61,
            "research_to_sale_ratio": 3.34,
            "price_fair": 59,
            "eps_avg_yearly": 1.69,
            "eps_latest_yearly": 1.68,
            "eps_growth_yearly": 941.69
        },
        "20162": {
            "year_quarter": 20162,
            "year": 2016,
            "quarter": 2,
            "eps": 0.55,
            "eps_growth_year": 77.42,
            "eps_4q": 2.18,
            "eps_4q_growth_year": 1645.56,
            "roe": 2.51,
            "roe_4q": 11.02,
            "gross_profit": 169943,
            "gross_margin": 27.61,
            "gross_margin_4q_avg": 26.12,
            "net_income": 44924,
            "revenue": 615614,
            "common_shares": 973616,
            "book_valuer_per_share": 17.95,
            "book_valuer_per_share_4q_avg": 18.24,
            "equity": 1748607,
            "current_ratio": 186.47,
            "debt_ratio": 41.99,
            "inventory_turnover_ratio": 1.34,
            "account_receivable_turnover_ratio": 1,
            "reinvestment_rate": -62.68,
            "research_to_sale_ratio": 3.13,
            "price_fair": 61,
            "eps_avg_yearly": 1.74,
            "eps_latest_yearly": 2.2,
            "eps_growth_yearly": 479.11
        },
        "20163": {
            "year_quarter": 20163,
            "year": 2016,
            "quarter": 3,
            "eps": 0.34,
            "eps_growth_year": -55.26,
            "eps_4q": 1.76,
            "eps_4q_growth_year": 26.81,
            "roe": 1.75,
            "roe_4q": 8.56,
            "gross_profit": 168498,
            "gross_margin": 27.88,
            "gross_margin_4q_avg": 26.8,
            "net_income": 30793,
            "revenue": 604444,
            "common_shares": 973616,
            "book_valuer_per_share": 18.17,
            "book_valuer_per_share_4q_avg": 18.27,
            "equity": 1767979,
            "current_ratio": 198.85,
            "debt_ratio": 40.46,
            "inventory_turnover_ratio": 1.33,
            "account_receivable_turnover_ratio": 1.02,
            "reinvestment_rate": -64.99,
            "research_to_sale_ratio": 3.63,
            "price_fair": 55.2,
            "eps_avg_yearly": 1.58,
            "eps_latest_yearly": 1.36,
            "eps_growth_yearly": 421.67
        },
        "20164": {
            "year_quarter": 20164,
            "year": 2016,
            "quarter": 4,
            "eps": 0.55,
            "eps_growth_year": 21.8,
            "eps_4q": 1.87,
            "eps_4q_growth_year": 19.82,
            "roe": 2.88,
            "roe_4q": 9.12,
            "gross_profit": 155272,
            "gross_margin": 24.52,
            "gross_margin_4q_avg": 26.77,
            "net_income": 50564,
            "revenue": 633218,
            "common_shares": 973616,
            "book_valuer_per_share": 18.4,
            "book_valuer_per_share_4q_avg": 18.31,
            "equity": 1748102,
            "current_ratio": 199.71,
            "debt_ratio": 38.06,
            "inventory_turnover_ratio": 1.5,
            "account_receivable_turnover_ratio": 1.08,
            "reinvestment_rate": -68.49,
            "research_to_sale_ratio": 3.39,
            "price_fair": 58.4,
            "eps_avg_yearly": 1.67,
            "eps_latest_yearly": 2.2,
            "eps_growth_yearly": 460.74
        },
        "20171": {
            "year_quarter": 20171,
            "year": 2017,
            "quarter": 1,
            "eps": 0.03,
            "eps_growth_year": -92.86,
            "eps_4q": 1.49,
            "eps_4q_growth_year": -24.08,
            "roe": 0.19,
            "roe_4q": 7.33,
            "gross_profit": 140231,
            "gross_margin": 26.25,
            "gross_margin_4q_avg": 26.57,
            "net_income": 3240,
            "revenue": 534261,
            "common_shares": 973616,
            "book_valuer_per_share": 18.25,
            "book_valuer_per_share_4q_avg": 18.19,
            "equity": 1729467,
            "current_ratio": 192.07,
            "debt_ratio": 39.52,
            "inventory_turnover_ratio": 1.24,
            "account_receivable_turnover_ratio": 0.93,
            "reinvestment_rate": -71.83,
            "research_to_sale_ratio": 3.78,
            "price_fair": 54.1,
            "eps_avg_yearly": 1.55,
            "eps_latest_yearly": 0.12,
            "eps_growth_yearly": 405.16
        },
        "20172": {
            "year_quarter": 20172,
            "year": 2017,
            "quarter": 2,
            "eps": -0.78,
            "eps_growth_year": -241.82,
            "eps_4q": 0.15,
            "eps_4q_growth_year": -93.13,
            "roe": -4.52,
            "roe_4q": 0.3000000000000007,
            "gross_profit": 85233,
            "gross_margin": 16.83,
            "gross_margin_4q_avg": 23.87,
            "net_income": -73492,
            "revenue": 506520,
            "common_shares": 960896,
            "book_valuer_per_share": 16.04,
            "book_valuer_per_share_4q_avg": 17.72,
            "equity": 1520129,
            "current_ratio": 162.52,
            "debt_ratio": 44.53,
            "inventory_turnover_ratio": 1.37,
            "account_receivable_turnover_ratio": 0.95,
            "reinvestment_rate": -105.12,
            "research_to_sale_ratio": 3.16,
            "price_fair": 54.49,
            "eps_avg_yearly": 1.56,
            "eps_latest_yearly": 0.12,
            "eps_growth_yearly": 443.68
        },
        "20173": {
            "year_quarter": 20173,
            "year": 2017,
            "quarter": 3,
            "eps": 0.32,
            "eps_growth_year": -5.88,
            "eps_4q": 0.12,
            "eps_4q_growth_year": -93.07,
            "roe": 1.99,
            "roe_4q": 0.5400000000000005,
            "gross_profit": 140921,
            "gross_margin": 23.76,
            "gross_margin_4q_avg": 22.84,
            "net_income": 30525,
            "revenue": 593147,
            "common_shares": 960896,
            "book_valuer_per_share": 16.39,
            "book_valuer_per_share_4q_avg": 17.27,
            "equity": 1553653,
            "current_ratio": 174.7,
            "debt_ratio": 44.78,
            "inventory_turnover_ratio": 1.55,
            "account_receivable_turnover_ratio": 1.08,
            "reinvestment_rate": -99.41,
            "research_to_sale_ratio": 2.44,
            "price_fair": 53.78,
            "eps_avg_yearly": 1.54,
            "eps_latest_yearly": 0.12,
            "eps_growth_yearly": 471.13
        },
        "20174": {
            "year_quarter": 20174,
            "year": 2017,
            "quarter": 4,
            "eps": 0.6,
            "eps_growth_year": 9.51,
            "eps_4q": 0.17,
            "eps_4q_growth_year": -90.81,
            "roe": 3.61,
            "roe_4q": 1.27,
            "gross_profit": 143909,
            "gross_margin": 23.67,
            "gross_margin_4q_avg": 22.63,
            "net_income": 57164,
            "revenue": 608033,
            "common_shares": 960896,
            "book_valuer_per_share": 16.99,
            "book_valuer_per_share_4q_avg": 16.92,
            "equity": 1610455,
            "current_ratio": 175.35,
            "debt_ratio": 44.16,
            "inventory_turnover_ratio": 1.6,
            "account_receivable_turnover_ratio": 1.06,
            "reinvestment_rate": -96.69,
            "research_to_sale_ratio": 1.93,
            "price_fair": 56.82,
            "eps_avg_yearly": 1.62,
            "eps_latest_yearly": 2.4,
            "eps_growth_yearly": 508.45
        },
        "20181": {
            "year_quarter": 20181,
            "year": 2018,
            "quarter": 1,
            "eps": 0.38,
            "eps_growth_year": 1166.67,
            "eps_4q": 0.52,
            "eps_4q_growth_year": -65,
            "roe": 2.23,
            "roe_4q": 3.3100000000000005,
            "gross_profit": 138770,
            "gross_margin": 24.92,
            "gross_margin_4q_avg": 22.3,
            "net_income": 36371,
            "revenue": 556920,
            "common_shares": 960896,
            "book_valuer_per_share": 17.41,
            "book_valuer_per_share_4q_avg": 16.71,
            "equity": 1650532,
            "current_ratio": 173.35,
            "debt_ratio": 44.26,
            "inventory_turnover_ratio": 1.31,
            "account_receivable_turnover_ratio": 0.96,
            "reinvestment_rate": -81.88,
            "research_to_sale_ratio": 2.61,
            "price_fair": 56.23,
            "eps_avg_yearly": 1.61,
            "eps_latest_yearly": 1.52,
            "eps_growth_yearly": 487.4
        },
        "20182": {
            "year_quarter": 20182,
            "year": 2018,
            "quarter": 2,
            "eps": 0.39,
            "eps_growth_year": null,
            "eps_4q": 1.67,
            "eps_4q_growth_year": 1013.72,
            "roe": 2.28,
            "roe_4q": 10.11,
            "gross_profit": 128634,
            "gross_margin": 22.1,
            "gross_margin_4q_avg": 23.61,
            "net_income": 37874,
            "revenue": 582108,
            "common_shares": 960896,
            "book_valuer_per_share": 17.32,
            "book_valuer_per_share_4q_avg": 17.03,
            "equity": 1673392,
            "current_ratio": 168.01,
            "debt_ratio": 43.67,
            "inventory_turnover_ratio": 1.11,
            "account_receivable_turnover_ratio": 1.06,
            "reinvestment_rate": -67.69,
            "research_to_sale_ratio": 2.49,
            "price_fair": 56,
            "eps_avg_yearly": 1.6,
            "eps_latest_yearly": 1.56,
            "eps_growth_yearly": 489.83
        },
        "20183": {
            "year_quarter": 20183,
            "year": 2018,
            "quarter": 3,
            "eps": 0.45,
            "eps_growth_year": 40.62,
            "eps_4q": 1.8,
            "eps_4q_growth_year": 1382.37,
            "roe": 2.58,
            "roe_4q": 10.7,
            "gross_profit": 159653,
            "gross_margin": 23.43,
            "gross_margin_4q_avg": 23.53,
            "net_income": 43583,
            "revenue": 681404,
            "common_shares": 960896,
            "book_valuer_per_share": 17.65,
            "book_valuer_per_share_4q_avg": 17.34,
            "equity": 1705211,
            "current_ratio": 168.79,
            "debt_ratio": 42.31,
            "inventory_turnover_ratio": 1.08,
            "account_receivable_turnover_ratio": 1.17,
            "reinvestment_rate": -53.31,
            "research_to_sale_ratio": 2.28,
            "price_fair": 56.54,
            "eps_avg_yearly": 1.62,
            "eps_latest_yearly": 1.8,
            "eps_growth_yearly": 456.89
        },
        "20184": {
            "year_quarter": 20184,
            "year": 2018,
            "quarter": 4,
            "eps": 0.99,
            "eps_growth_year": 64.05,
            "eps_4q": 2.22,
            "eps_4q_growth_year": 1191.24,
            "roe": 5.36,
            "roe_4q": 12.450000000000001,
            "gross_profit": 165456,
            "gross_margin": 24.78,
            "gross_margin_4q_avg": 23.81,
            "net_income": 92854,
            "revenue": 667658,
            "common_shares": 960896,
            "book_valuer_per_share": 18.62,
            "book_valuer_per_share_4q_avg": 17.75,
            "equity": 1760602,
            "current_ratio": 192.6,
            "debt_ratio": 40.8,
            "inventory_turnover_ratio": 1.05,
            "account_receivable_turnover_ratio": 1.03,
            "reinvestment_rate": -50.27,
            "research_to_sale_ratio": 2.44,
            "price_fair": 62.4,
            "eps_avg_yearly": 1.78,
            "eps_latest_yearly": 3.96,
            "eps_growth_yearly": 458.54
        },
        "20191": {
            "year_quarter": 20191,
            "year": 2019,
            "quarter": 1,
            "eps": 0.49,
            "eps_growth_year": 28.95,
            "eps_4q": 2.33,
            "eps_4q_growth_year": 347.29,
            "roe": 2.56,
            "roe_4q": 12.78,
            "gross_profit": 156376,
            "gross_margin": 26.46,
            "gross_margin_4q_avg": 24.19,
            "net_income": 45786,
            "revenue": 590938,
            "common_shares": 960896,
            "book_valuer_per_share": 19.2,
            "book_valuer_per_share_4q_avg": 18.2,
            "equity": 1815577,
            "current_ratio": 180.5,
            "debt_ratio": 39.79,
            "inventory_turnover_ratio": 0.99,
            "account_receivable_turnover_ratio": 0.94,
            "reinvestment_rate": -27.42,
            "research_to_sale_ratio": 2.44,
            "price_fair": 67.1,
            "eps_avg_yearly": 1.92,
            "eps_latest_yearly": 1.96,
            "eps_growth_yearly": 470.3
        },
        "20192": {
            "year_quarter": 20192,
            "year": 2019,
            "quarter": 2,
            "eps": 0.59,
            "eps_growth_year": 51.28,
            "eps_4q": 2.52,
            "eps_4q_growth_year": 51.28,
            "roe": 3.14,
            "roe_4q": 13.64,
            "gross_profit": 172501,
            "gross_margin": 27.89,
            "gross_margin_4q_avg": 25.64,
            "net_income": 55480,
            "revenue": 618525,
            "common_shares": 960896,
            "book_valuer_per_share": 18.16,
            "book_valuer_per_share_4q_avg": 18.41,
            "equity": 1716380,
            "current_ratio": 154.16,
            "debt_ratio": 42.12,
            "inventory_turnover_ratio": 1.08,
            "account_receivable_turnover_ratio": 1.08,
            "reinvestment_rate": -22.52,
            "research_to_sale_ratio": 2.72,
            "price_fair": 69.9,
            "eps_avg_yearly": 2,
            "eps_latest_yearly": 2.36,
            "eps_growth_yearly": 61.84
        },
        "20193": {
            "year_quarter": 20193,
            "year": 2019,
            "quarter": 3,
            "eps": 0.62,
            "eps_growth_year": 37.78,
            "eps_4q": 2.68,
            "eps_4q_growth_year": 48.66,
            "roe": 3.35,
            "roe_4q": 14.41,
            "gross_profit": 181446,
            "gross_margin": 27.79,
            "gross_margin_4q_avg": 26.73,
            "net_income": 58248,
            "revenue": 652837,
            "common_shares": 960896,
            "book_valuer_per_share": 18.64,
            "book_valuer_per_share_4q_avg": 18.66,
            "equity": 1762543,
            "current_ratio": 173.26,
            "debt_ratio": 40.77,
            "inventory_turnover_ratio": 1.19,
            "account_receivable_turnover_ratio": 1.19,
            "reinvestment_rate": -20.96,
            "research_to_sale_ratio": 2.74,
            "price_fair": 62.28,
            "eps_avg_yearly": 1.96,
            "eps_latest_yearly": 2.48,
            "eps_growth_yearly": 21.82
        },
        "20194": {
            "year_quarter": 20194,
            "year": 2019,
            "quarter": 4,
            "eps": 0.52,
            "eps_growth_year": -47.03,
            "eps_4q": 2.21,
            "eps_4q_growth_year": -0.44,
            "roe": 2.77,
            "roe_4q": 11.82,
            "gross_profit": 181780,
            "gross_margin": 28.41,
            "gross_margin_4q_avg": 27.64,
            "net_income": 49430,
            "revenue": 639781,
            "common_shares": 960896,
            "book_valuer_per_share": 19.09,
            "book_valuer_per_share_4q_avg": 18.77,
            "equity": 1805034,
            "current_ratio": 172.15,
            "debt_ratio": 39.79,
            "inventory_turnover_ratio": 1.17,
            "account_receivable_turnover_ratio": 1.16,
            "reinvestment_rate": -13.07,
            "research_to_sale_ratio": 2.5,
            "price_fair": 69.2,
            "eps_avg_yearly": 1.98,
            "eps_latest_yearly": 2.08,
            "eps_growth_yearly": 28.87
        },
        "20201": {
            "year_quarter": 20201,
            "year": 2020,
            "quarter": 1,
            "eps": 0.57,
            "eps_growth_year": 16.33,
            "eps_4q": 2.32,
            "eps_4q_growth_year": -0.43,
            "roe": 3.09,
            "roe_4q": 12.35,
            "gross_profit": 165956,
            "gross_margin": 28.85,
            "gross_margin_4q_avg": 28.24,
            "net_income": 53777,
            "revenue": 575282,
            "common_shares": 960896,
            "book_valuer_per_share": 17.93,
            "book_valuer_per_share_4q_avg": 18.46,
            "equity": 1677970,
            "current_ratio": 161.4,
            "debt_ratio": 44.71,
            "inventory_turnover_ratio": 1,
            "account_receivable_turnover_ratio": 1.08,
            "reinvestment_rate": 0.2,
            "research_to_sale_ratio": 2.92,
            "price_fair": 70.7,
            "eps_avg_yearly": 2.02,
            "eps_latest_yearly": 2.28,
            "eps_growth_yearly": 33.52
        },
        "20202": {
            "year_quarter": 20202,
            "year": 2020,
            "quarter": 2,
            "eps": 0.53,
            "eps_growth_year": -10.17,
            "eps_4q": 2.26,
            "eps_4q_growth_year": -10.6,
            "roe": 2.91,
            "roe_4q": 12.12,
            "gross_profit": 172503,
            "gross_margin": 31.07,
            "gross_margin_4q_avg": 29.03,
            "net_income": 49350,
            "revenue": 555168,
            "common_shares": 960896,
            "book_valuer_per_share": 18.34,
            "book_valuer_per_share_4q_avg": 18.5,
            "equity": 1714945,
            "current_ratio": 169.87,
            "debt_ratio": 43.54,
            "inventory_turnover_ratio": 0.83,
            "account_receivable_turnover_ratio": 1.09,
            "reinvestment_rate": 4.02,
            "research_to_sale_ratio": 3.25,
            "price_fair": 65.81,
            "eps_avg_yearly": 2.01,
            "eps_latest_yearly": 2.12,
            "eps_growth_yearly": 22.67
        },
        "20203": {
            "year_quarter": 20203,
            "year": 2020,
            "quarter": 3,
            "eps": 0.43,
            "eps_growth_year": -30.65,
            "eps_4q": 2.06,
            "eps_4q_growth_year": -23.04,
            "roe": 2.3,
            "roe_4q": 11.07,
            "gross_profit": 198849,
            "gross_margin": 30.49,
            "gross_margin_4q_avg": 29.71,
            "net_income": 40026,
            "revenue": 652129,
            "common_shares": 960896,
            "book_valuer_per_share": 18.82,
            "book_valuer_per_share_4q_avg": 18.55,
            "equity": 1759250,
            "current_ratio": 191.56,
            "debt_ratio": 43.25,
            "inventory_turnover_ratio": 0.97,
            "account_receivable_turnover_ratio": 1.27,
            "reinvestment_rate": 25,
            "research_to_sale_ratio": 2.63,
            "price_fair": 71.4,
            "eps_avg_yearly": 2.04,
            "eps_latest_yearly": 1.72,
            "eps_growth_yearly": 28.19
        },
        "20204": {
            "year_quarter": 20204,
            "year": 2020,
            "quarter": 4,
            "eps": 0.02,
            "eps_growth_year": -96.99,
            "eps_4q": 1.55,
            "eps_4q_growth_year": -30.08,
            "roe": 0.08,
            "roe_4q": 8.379999999999999,
            "gross_profit": 167917,
            "gross_margin": 28.68,
            "gross_margin_4q_avg": 29.77,
            "net_income": 1374,
            "revenue": 585529,
            "common_shares": 960896,
            "book_valuer_per_share": 18.8,
            "book_valuer_per_share_4q_avg": 18.47,
            "equity": 1757989,
            "current_ratio": 202.77,
            "debt_ratio": 45.09,
            "inventory_turnover_ratio": 0.9,
            "account_receivable_turnover_ratio": 1.13,
            "reinvestment_rate": 37.78,
            "research_to_sale_ratio": 3.51,
            "price_fair": 5.67,
            "eps_avg_yearly": 1.89,
            "eps_latest_yearly": 0.08,
            "eps_growth_yearly": -16.7
        },
        "20211": {
            "year_quarter": 20211,
            "year": 2021,
            "quarter": 1,
            "eps": 0.53,
            "eps_growth_year": -7.02,
            "eps_4q": 1.51,
            "eps_4q_growth_year": -35.14,
            "roe": 2.89,
            "roe_4q": 8.18,
            "gross_profit": 183453,
            "gross_margin": 28.72,
            "gross_margin_4q_avg": 29.74,
            "net_income": 49609,
            "revenue": 638751,
            "common_shares": 960896,
            "book_valuer_per_share": 17.9,
            "book_valuer_per_share_4q_avg": 18.47,
            "equity": 1674189,
            "current_ratio": 168.23,
            "debt_ratio": 49.48,
            "inventory_turnover_ratio": 0.94,
            "account_receivable_turnover_ratio": 1.2,
            "reinvestment_rate": 40.63,
            "research_to_sale_ratio": 3.33,
            "price_fair": 71.1,
            "eps_avg_yearly": 2.03,
            "eps_latest_yearly": 2.12,
            "eps_growth_yearly": 738.88
        },
        "20212": {
            "year_quarter": 20212,
            "year": 2021,
            "quarter": 2,
            "eps": -0.5,
            "eps_growth_year": -194.34,
            "eps_4q": 0.48,
            "eps_4q_growth_year": -78.67,
            "roe": -2.79,
            "roe_4q": 2.48,
            "gross_profit": 201824,
            "gross_margin": 29.24,
            "gross_margin_4q_avg": 29.28,
            "net_income": -45942,
            "revenue": 690199,
            "common_shares": 960896,
            "book_valuer_per_share": 17.36,
            "book_valuer_per_share_4q_avg": 18.22,
            "equity": 1623307,
            "current_ratio": 166.25,
            "debt_ratio": 51.84,
            "inventory_turnover_ratio": 0.97,
            "account_receivable_turnover_ratio": 1.2,
            "reinvestment_rate": 55.29,
            "research_to_sale_ratio": 2.79,
            "price_fair": 71.1,
            "eps_avg_yearly": 2.03,
            "eps_latest_yearly": 2.12,
            "eps_growth_yearly": 738.88
        },
        "20213": {
            "year_quarter": 20213,
            "year": 2021,
            "quarter": 3,
            "eps": 0.79,
            "eps_growth_year": 83.72,
            "eps_4q": 0.83,
            "eps_4q_growth_year": -59.53,
            "roe": 4.44,
            "roe_4q": 4.620000000000001,
            "gross_profit": 229548,
            "gross_margin": 30.96,
            "gross_margin_4q_avg": 29.4,
            "net_income": 74170,
            "revenue": 741320,
            "common_shares": 960896,
            "book_valuer_per_share": 18.17,
            "book_valuer_per_share_4q_avg": 18.06,
            "equity": 1718955,
            "current_ratio": 184.59,
            "debt_ratio": 49.54,
            "inventory_turnover_ratio": 0.93,
            "account_receivable_turnover_ratio": 1.25,
            "reinvestment_rate": 49.58,
            "research_to_sale_ratio": 2.9,
            "price_fair": 71.1,
            "eps_avg_yearly": 2.03,
            "eps_latest_yearly": 2.12,
            "eps_growth_yearly": 738.88
        },
        "20214": {
            "year_quarter": 20214,
            "year": 2021,
            "quarter": 4,
            "eps": 0.78,
            "eps_growth_year": 4872.33,
            "eps_4q": 1.6,
            "eps_4q_growth_year": 3.37,
            "roe": 4.18,
            "roe_4q": 8.72,
            "gross_profit": 226366,
            "gross_margin": 29.12,
            "gross_margin_4q_avg": 29.51,
            "net_income": 73500,
            "revenue": 777275,
            "common_shares": 940906,
            "book_valuer_per_share": 18.98,
            "book_valuer_per_share_4q_avg": 18.1,
            "equity": 1794281,
            "current_ratio": 188.64,
            "debt_ratio": 48.7,
            "inventory_turnover_ratio": 0.92,
            "account_receivable_turnover_ratio": 1.31,
            "reinvestment_rate": 46.45,
            "research_to_sale_ratio": 2.84,
            "price_fair": 72.9,
            "eps_avg_yearly": 2.08,
            "eps_latest_yearly": 3.12,
            "eps_growth_yearly": 713.52
        },
        "20221": {
            "year_quarter": 20221,
            "year": 2022,
            "quarter": 1,
            "eps": 0.87,
            "eps_growth_year": 64.15,
            "eps_4q": 1.94,
            "eps_4q_growth_year": 29.05,
            "roe": 4.61,
            "roe_4q": 10.440000000000001,
            "gross_profit": 212703,
            "gross_margin": 28.19,
            "gross_margin_4q_avg": 29.38,
            "net_income": 81737,
            "revenue": 754525,
            "common_shares": 940906,
            "book_valuer_per_share": 18.56,
            "book_valuer_per_share_4q_avg": 18.27,
            "equity": 1754984,
            "current_ratio": 163.35,
            "debt_ratio": 49.95,
            "inventory_turnover_ratio": 0.86,
            "account_receivable_turnover_ratio": 1.23,
            "reinvestment_rate": 37.87,
            "research_to_sale_ratio": 2.6,
            "price_fair": 77.8,
            "eps_avg_yearly": 2.22,
            "eps_latest_yearly": 3.48,
            "eps_growth_yearly": 727.29
        },
        "20222": {
            "year_quarter": 20222,
            "year": 2022,
            "quarter": 2,
            "eps": 1.03,
            "eps_growth_year": null,
            "eps_4q": 3.46,
            "eps_4q_growth_year": 619.24,
            "roe": 5.35,
            "roe_4q": 18.580000000000002,
            "gross_profit": 243339,
            "gross_margin": 31.79,
            "gross_margin_4q_avg": 30.02,
            "net_income": 96445,
            "revenue": 765522,
            "common_shares": 940906,
            "book_valuer_per_share": 19.56,
            "book_valuer_per_share_4q_avg": 18.82,
            "equity": 1848971,
            "current_ratio": 164.51,
            "debt_ratio": 47.88,
            "inventory_turnover_ratio": 0.78,
            "account_receivable_turnover_ratio": 1.19,
            "reinvestment_rate": 29.29,
            "research_to_sale_ratio": 2.83,
            "price_fair": 84.2,
            "eps_avg_yearly": 2.41,
            "eps_latest_yearly": 4.12,
            "eps_growth_yearly": 731.8
        },
        "20223": {
            "year_quarter": 20223,
            "year": 2022,
            "quarter": 3,
            "eps": 0.83,
            "eps_growth_year": 5.06,
            "eps_4q": 3.51,
            "eps_4q_growth_year": 320.12,
            "roe": 4.1,
            "roe_4q": 18.24,
            "gross_profit": 186152,
            "gross_margin": 25.84,
            "gross_margin_4q_avg": 28.74,
            "net_income": 77786,
            "revenue": 720394,
            "common_shares": 940906,
            "book_valuer_per_share": 20.55,
            "book_valuer_per_share_4q_avg": 19.41,
            "equity": 1941258,
            "current_ratio": 178.39,
            "debt_ratio": 41.45,
            "inventory_turnover_ratio": 0.77,
            "account_receivable_turnover_ratio": 1.14,
            "reinvestment_rate": 28.7,
            "research_to_sale_ratio": 2.78,
            "price_fair": 88,
            "eps_avg_yearly": 2.51,
            "eps_latest_yearly": 3.32,
            "eps_growth_yearly": 721.85
        },
        "20224": {
            "year_quarter": 20224,
            "year": 2022,
            "quarter": 4,
            "eps": 0.19,
            "eps_growth_year": -75.5,
            "eps_4q": 2.91,
            "eps_4q_growth_year": 82.1,
            "roe": 0.95,
            "roe_4q": 15.009999999999998,
            "gross_profit": 132344,
            "gross_margin": 23.31,
            "gross_margin_4q_avg": 27.28,
            "net_income": 18422,
            "revenue": 567815,
            "common_shares": 940906,
            "book_valuer_per_share": 20.7,
            "book_valuer_per_share_4q_avg": 19.84,
            "equity": 1955801,
            "current_ratio": 232.85,
            "debt_ratio": 37.51,
            "inventory_turnover_ratio": 0.68,
            "account_receivable_turnover_ratio": 1.05,
            "reinvestment_rate": 31.53,
            "research_to_sale_ratio": 3.53,
            "price_fair": 80,
            "eps_avg_yearly": 2.29,
            "eps_latest_yearly": 0.76,
            "eps_growth_yearly": 665.54
        },
        "20231": {
            "year_quarter": 20231,
            "year": 2023,
            "quarter": 1,
            "eps": 0.29,
            "eps_growth_year": -66.67,
            "eps_4q": 2.34,
            "eps_4q_growth_year": 20.29,
            "roe": 1.47,
            "roe_4q": 11.87,
            "gross_profit": 149615,
            "gross_margin": 26.84,
            "gross_margin_4q_avg": 26.95,
            "net_income": 27619,
            "revenue": 557421,
            "common_shares": 940906,
            "book_valuer_per_share": 18.99,
            "book_valuer_per_share_4q_avg": 19.95,
            "equity": 1795213,
            "current_ratio": 173.95,
            "debt_ratio": 42.84,
            "inventory_turnover_ratio": 0.73,
            "account_receivable_turnover_ratio": 1.17,
            "reinvestment_rate": 7.93,
            "research_to_sale_ratio": 3.86,
            "price_fair": 78,
            "eps_avg_yearly": 2.23,
            "eps_latest_yearly": 1.16,
            "eps_growth_yearly": 695
        }
    },
    "months": {
        "2004-05": {
            "month": "2004-05",
            "price": "34.00",
            "revenue": 84638
        },
        "2004-06": {
            "month": "2004-06",
            "price": "36.38",
            "revenue": 71817
        },
        "2004-07": {
            "month": "2004-07",
            "price": "31.19",
            "revenue": 91241
        },
        "2004-08": {
            "month": "2004-08",
            "price": "27.50",
            "revenue": 76347
        },
        "2004-11": {
            "month": "2004-11",
            "price": "25.40",
            "revenue": 74394
        },
        "2004-12": {
            "month": "2004-12",
            "price": "23.81",
            "revenue": 72796
        },
        "2005-02": {
            "month": "2005-02",
            "price": "22.80",
            "revenue": 64344
        },
        "2005-05": {
            "month": "2005-05",
            "price": "22.28",
            "revenue": 71047
        },
        "2005-06": {
            "month": "2005-06",
            "price": "21.02",
            "revenue": 90157
        },
        "2005-08": {
            "month": "2005-08",
            "price": "20.92",
            "revenue": 87004
        },
        "2005-09": {
            "month": "2005-09",
            "price": "20.04",
            "revenue": 90643
        },
        "2005-10": {
            "month": "2005-10",
            "price": "20.03",
            "revenue": 79869
        },
        "2005-11": {
            "month": "2005-11",
            "price": "20.36",
            "revenue": 93070
        },
        "2005-12": {
            "month": "2005-12",
            "price": "23.58",
            "revenue": 96133
        },
        "2006-01": {
            "month": "2006-01",
            "price": "23.80",
            "revenue": 76644
        },
        "2006-02": {
            "month": "2006-02",
            "price": "27.60",
            "revenue": 70184
        },
        "2006-03": {
            "month": "2006-03",
            "price": "30.76",
            "revenue": 79668
        },
        "2006-04": {
            "month": "2006-04",
            "price": "31.75",
            "revenue": 76325
        },
        "2006-05": {
            "month": "2006-05",
            "price": "32.52",
            "revenue": 88834
        },
        "2006-06": {
            "month": "2006-06",
            "price": "32.23",
            "revenue": 69633
        },
        "2006-07": {
            "month": "2006-07",
            "price": "31.62",
            "revenue": 92326
        },
        "2006-08": {
            "month": "2006-08",
            "price": "31.52",
            "revenue": 91230
        },
        "2006-09": {
            "month": "2006-09",
            "price": "33.45",
            "revenue": 103716
        },
        "2006-10": {
            "month": "2006-10",
            "price": "33.41",
            "revenue": 99473
        },
        "2006-11": {
            "month": "2006-11",
            "price": "33.44",
            "revenue": 94743
        },
        "2006-12": {
            "month": "2006-12",
            "price": "34.68",
            "revenue": 91274
        },
        "2007-01": {
            "month": "2007-01",
            "price": "41.10",
            "revenue": 92269
        },
        "2007-02": {
            "month": "2007-02",
            "price": "44.76",
            "revenue": 92903
        },
        "2007-03": {
            "month": "2007-03",
            "price": "52.59",
            "revenue": 129972
        },
        "2007-04": {
            "month": "2007-04",
            "price": "62.88",
            "revenue": 104291
        },
        "2007-05": {
            "month": "2007-05",
            "price": "110.00",
            "revenue": 120212
        },
        "2007-06": {
            "month": "2007-06",
            "price": "95.80",
            "revenue": 115231
        },
        "2007-07": {
            "month": "2007-07",
            "price": "94.70",
            "revenue": 125344
        },
        "2007-08": {
            "month": "2007-08",
            "price": "83.90",
            "revenue": 118673
        },
        "2007-09": {
            "month": "2007-09",
            "price": "68.35",
            "revenue": 117950
        },
        "2007-10": {
            "month": "2007-10",
            "price": "68.84",
            "revenue": 124067
        },
        "2007-11": {
            "month": "2007-11",
            "price": "51.68",
            "revenue": 116143
        },
        "2007-12": {
            "month": "2007-12",
            "price": "59.22",
            "revenue": 130851
        },
        "2008-01": {
            "month": "2008-01",
            "price": "49.10",
            "revenue": 110339
        },
        "2008-02": {
            "month": "2008-02",
            "price": "43.31",
            "revenue": 97499
        },
        "2008-03": {
            "month": "2008-03",
            "price": "47.55",
            "revenue": 136490
        },
        "2008-04": {
            "month": "2008-04",
            "price": "53.81",
            "revenue": 133382
        },
        "2008-05": {
            "month": "2008-05",
            "price": "51.21",
            "revenue": 133989
        },
        "2008-06": {
            "month": "2008-06",
            "price": "41.56",
            "revenue": 104121
        },
        "2008-07": {
            "month": "2008-07",
            "price": "29.68",
            "revenue": 131318
        },
        "2008-08": {
            "month": "2008-08",
            "price": "25.10",
            "revenue": 154723
        },
        "2008-09": {
            "month": "2008-09",
            "price": "18.90",
            "revenue": 144091
        },
        "2008-10": {
            "month": "2008-10",
            "price": "15.21",
            "revenue": 148105
        },
        "2008-11": {
            "month": "2008-11",
            "price": "16.46",
            "revenue": 110096
        },
        "2008-12": {
            "month": "2008-12",
            "price": "16.33",
            "revenue": 62800
        },
        "2009-01": {
            "month": "2009-01",
            "price": "14.24",
            "revenue": 70000
        },
        "2009-02": {
            "month": "2009-02",
            "price": "15.33",
            "revenue": 77344
        },
        "2009-03": {
            "month": "2009-03",
            "price": "23.71",
            "revenue": 118788
        },
        "2009-04": {
            "month": "2009-04",
            "price": "27.53",
            "revenue": 129161
        },
        "2009-05": {
            "month": "2009-05",
            "price": "25.71",
            "revenue": 110347
        },
        "2009-06": {
            "month": "2009-06",
            "price": "24.49",
            "revenue": 140138
        },
        "2009-07": {
            "month": "2009-07",
            "price": "28.01",
            "revenue": 129907
        },
        "2009-08": {
            "month": "2009-08",
            "price": "25.18",
            "revenue": 125818
        },
        "2009-09": {
            "month": "2009-09",
            "price": "24.62",
            "revenue": 158724
        },
        "2009-10": {
            "month": "2009-10",
            "price": "28.30",
            "revenue": 174196
        },
        "2009-11": {
            "month": "2009-11",
            "price": "30.22",
            "revenue": 146245
        },
        "2009-12": {
            "month": "2009-12",
            "price": "31.61",
            "revenue": 134691
        },
        "2010-01": {
            "month": "2010-01",
            "price": "32.74",
            "revenue": 128074
        },
        "2010-02": {
            "month": "2010-02",
            "price": "28.76",
            "revenue": 110077
        },
        "2010-03": {
            "month": "2010-03",
            "price": "31.71",
            "revenue": 176613
        },
        "2010-04": {
            "month": "2010-04",
            "price": "36.87",
            "revenue": 140057
        },
        "2010-05": {
            "month": "2010-05",
            "price": "29.79",
            "revenue": 125583
        },
        "2010-06": {
            "month": "2010-06",
            "price": "27.93",
            "revenue": 137821
        },
        "2010-07": {
            "month": "2010-07",
            "price": "28.98",
            "revenue": 125399
        },
        "2010-08": {
            "month": "2010-08",
            "price": "27.73",
            "revenue": 164472
        },
        "2010-09": {
            "month": "2010-09",
            "price": "26.54",
            "revenue": 151983
        },
        "2010-10": {
            "month": "2010-10",
            "price": "25.28",
            "revenue": 142405
        },
        "2010-11": {
            "month": "2010-11",
            "price": "21.35",
            "revenue": 162914
        },
        "2010-12": {
            "month": "2010-12",
            "price": "22.65",
            "revenue": 134484
        },
        "2011-01": {
            "month": "2011-01",
            "price": "20.97",
            "revenue": 144921
        },
        "2011-02": {
            "month": "2011-02",
            "price": "20.72",
            "revenue": 126284
        },
        "2011-03": {
            "month": "2011-03",
            "price": "21.43",
            "revenue": 202940
        },
        "2011-04": {
            "month": "2011-04",
            "price": "21.61",
            "revenue": 162962
        },
        "2011-05": {
            "month": "2011-05",
            "price": "20.99",
            "revenue": 168035
        },
        "2011-06": {
            "month": "2011-06",
            "price": "20.32",
            "revenue": 146527
        },
        "2011-07": {
            "month": "2011-07",
            "price": "17.87",
            "revenue": 147623
        },
        "2011-08": {
            "month": "2011-08",
            "price": "14.32",
            "revenue": 159627
        },
        "2011-09": {
            "month": "2011-09",
            "price": "13.47",
            "revenue": 161086
        },
        "2011-10": {
            "month": "2011-10",
            "price": "13.60",
            "revenue": 161763
        },
        "2011-11": {
            "month": "2011-11",
            "price": "11.00",
            "revenue": 185563
        },
        "2011-12": {
            "month": "2011-12",
            "price": "9.77",
            "revenue": 170350
        },
        "2012-01": {
            "month": "2012-01",
            "price": "9.92",
            "revenue": 118743
        },
        "2012-02": {
            "month": "2012-02",
            "price": "12.41",
            "revenue": 153679
        },
        "2012-03": {
            "month": "2012-03",
            "price": "12.42",
            "revenue": 213630
        },
        "2012-04": {
            "month": "2012-04",
            "price": "13.72",
            "revenue": 183660
        },
        "2012-05": {
            "month": "2012-05",
            "price": "12.19",
            "revenue": 197346
        },
        "2012-06": {
            "month": "2012-06",
            "price": "11.11",
            "revenue": 179808
        },
        "2012-07": {
            "month": "2012-07",
            "price": "10.96",
            "revenue": 188136
        },
        "2012-08": {
            "month": "2012-08",
            "price": "12.76",
            "revenue": 209443
        },
        "2012-09": {
            "month": "2012-09",
            "price": "16.26",
            "revenue": 224130
        },
        "2012-10": {
            "month": "2012-10",
            "price": "19.22",
            "revenue": 231285
        },
        "2012-11": {
            "month": "2012-11",
            "price": "19.71",
            "revenue": 206089
        },
        "2012-12": {
            "month": "2012-12",
            "price": "19.11",
            "revenue": 193933
        },
        "2013-01": {
            "month": "2013-01",
            "price": "20.08",
            "revenue": 282974
        },
        "2013-02": {
            "month": "2013-02",
            "price": "23.82",
            "revenue": 186342
        },
        "2013-03": {
            "month": "2013-03",
            "price": "24.17",
            "revenue": 269594
        },
        "2013-04": {
            "month": "2013-04",
            "price": "23.66",
            "revenue": 250671
        },
        "2013-05": {
            "month": "2013-05",
            "price": "21.46",
            "revenue": 222579
        },
        "2013-06": {
            "month": "2013-06",
            "price": "20.65",
            "revenue": 229653
        },
        "2013-07": {
            "month": "2013-07",
            "price": "18.64",
            "revenue": 228166
        },
        "2013-08": {
            "month": "2013-08",
            "price": "17.86",
            "revenue": 265497
        },
        "2013-09": {
            "month": "2013-09",
            "price": "20.40",
            "revenue": 278402
        },
        "2013-10": {
            "month": "2013-10",
            "price": "20.67",
            "revenue": 271332
        },
        "2013-11": {
            "month": "2013-11",
            "price": "19.22",
            "revenue": 242050
        },
        "2013-12": {
            "month": "2013-12",
            "price": "19.68",
            "revenue": 257680
        },
        "2014-01": {
            "month": "2014-01",
            "price": "21.07",
            "revenue": 214268
        },
        "2014-02": {
            "month": "2014-02",
            "price": "21.89",
            "revenue": 221274
        },
        "2014-03": {
            "month": "2014-03",
            "price": "25.52",
            "revenue": 213886
        },
        "2014-04": {
            "month": "2014-04",
            "price": "25.24",
            "revenue": 253152
        },
        "2014-05": {
            "month": "2014-05",
            "price": "23.56",
            "revenue": 227608
        },
        "2014-06": {
            "month": "2014-06",
            "price": "25.67",
            "revenue": 285117
        },
        "2014-07": {
            "month": "2014-07",
            "price": "25.30",
            "revenue": 235819
        },
        "2014-08": {
            "month": "2014-08",
            "price": "23.07",
            "revenue": 240054
        },
        "2014-09": {
            "month": "2014-09",
            "price": "22.41",
            "revenue": 227786
        },
        "2014-10": {
            "month": "2014-10",
            "price": "18.29",
            "revenue": 206713
        },
        "2014-11": {
            "month": "2014-11",
            "price": "16.26",
            "revenue": 184379
        },
        "2014-12": {
            "month": "2014-12",
            "price": "16.09",
            "revenue": 192127
        },
        "2015-01": {
            "month": "2015-01",
            "price": "17.20",
            "revenue": 170795
        },
        "2015-02": {
            "month": "2015-02",
            "price": "17.17",
            "revenue": 124646
        },
        "2015-03": {
            "month": "2015-03",
            "price": "17.32",
            "revenue": 203715
        },
        "2015-04": {
            "month": "2015-04",
            "price": "16.66",
            "revenue": 209028
        },
        "2015-05": {
            "month": "2015-05",
            "price": "16.56",
            "revenue": 198584
        },
        "2015-06": {
            "month": "2015-06",
            "price": "16.95",
            "revenue": 203585
        },
        "2015-07": {
            "month": "2015-07",
            "price": "16.89",
            "revenue": 198199
        },
        "2015-08": {
            "month": "2015-08",
            "price": "15.78",
            "revenue": 217623
        },
        "2015-09": {
            "month": "2015-09",
            "price": "16.86",
            "revenue": 248931
        },
        "2015-10": {
            "month": "2015-10",
            "price": "18.17",
            "revenue": 217435
        },
        "2015-11": {
            "month": "2015-11",
            "price": "18.21",
            "revenue": 222149
        },
        "2015-12": {
            "month": "2015-12",
            "price": "17.32",
            "revenue": 211141
        },
        "2016-01": {
            "month": "2016-01",
            "price": "17.01",
            "revenue": 190591
        },
        "2016-02": {
            "month": "2016-02",
            "price": "18.26",
            "revenue": 154931
        },
        "2016-03": {
            "month": "2016-03",
            "price": "19.64",
            "revenue": 229545
        },
        "2016-04": {
            "month": "2016-04",
            "price": "21.17",
            "revenue": 228302
        },
        "2016-05": {
            "month": "2016-05",
            "price": "22.18",
            "revenue": 192770
        },
        "2016-06": {
            "month": "2016-06",
            "price": "21.23",
            "revenue": 194542
        },
        "2016-07": {
            "month": "2016-07",
            "price": "20.88",
            "revenue": 199307
        },
        "2016-08": {
            "month": "2016-08",
            "price": "21.39",
            "revenue": 209804
        },
        "2016-09": {
            "month": "2016-09",
            "price": "21.61",
            "revenue": 195333
        },
        "2016-10": {
            "month": "2016-10",
            "price": "20.09",
            "revenue": 217358
        },
        "2016-11": {
            "month": "2016-11",
            "price": "19.16",
            "revenue": 200002
        },
        "2016-12": {
            "month": "2016-12",
            "price": "19.17",
            "revenue": 215859
        },
        "2017-01": {
            "month": "2017-01",
            "price": "19.83",
            "revenue": 160304
        },
        "2017-02": {
            "month": "2017-02",
            "price": "20.27",
            "revenue": 162688
        },
        "2017-03": {
            "month": "2017-03",
            "price": "21.32",
            "revenue": 211269
        },
        "2017-04": {
            "month": "2017-04",
            "price": "20.69",
            "revenue": 161300
        },
        "2017-05": {
            "month": "2017-05",
            "price": "19.95",
            "revenue": 156812
        },
        "2017-06": {
            "month": "2017-06",
            "price": "19.82",
            "revenue": 188408
        },
        "2017-07": {
            "month": "2017-07",
            "price": "19.11",
            "revenue": 193036
        },
        "2017-08": {
            "month": "2017-08",
            "price": "17.56",
            "revenue": 203947
        },
        "2017-09": {
            "month": "2017-09",
            "price": "18.90",
            "revenue": 196164
        },
        "2017-10": {
            "month": "2017-10",
            "price": "19.09",
            "revenue": 196017
        },
        "2017-11": {
            "month": "2017-11",
            "price": "18.91",
            "revenue": 211594
        },
        "2017-12": {
            "month": "2017-12",
            "price": "18.52",
            "revenue": 200422
        },
        "2018-01": {
            "month": "2018-01",
            "price": "18.25",
            "revenue": 213460
        },
        "2018-02": {
            "month": "2018-02",
            "price": "17.72",
            "revenue": 128570
        },
        "2018-03": {
            "month": "2018-03",
            "price": "18.05",
            "revenue": 214889
        },
        "2018-04": {
            "month": "2018-04",
            "price": "18.61",
            "revenue": 197301
        },
        "2018-05": {
            "month": "2018-05",
            "price": "18.95",
            "revenue": 197231
        },
        "2018-06": {
            "month": "2018-06",
            "price": "18.95",
            "revenue": 187576
        },
        "2018-07": {
            "month": "2018-07",
            "price": "18.25",
            "revenue": 217015
        },
        "2018-08": {
            "month": "2018-08",
            "price": "18.58",
            "revenue": 232654
        },
        "2018-09": {
            "month": "2018-09",
            "price": "18.48",
            "revenue": 231736
        },
        "2018-10": {
            "month": "2018-10",
            "price": "17.91",
            "revenue": 279139
        },
        "2018-11": {
            "month": "2018-11",
            "price": "19.49",
            "revenue": 193786
        },
        "2018-12": {
            "month": "2018-12",
            "price": "19.54",
            "revenue": 194733
        },
        "2019-01": {
            "month": "2019-01",
            "price": "20.04",
            "revenue": 230863
        },
        "2019-02": {
            "month": "2019-02",
            "price": "21.28",
            "revenue": 126466
        },
        "2019-03": {
            "month": "2019-03",
            "price": "24.74",
            "revenue": 233609
        },
        "2019-04": {
            "month": "2019-04",
            "price": "25.97",
            "revenue": 202122
        },
        "2019-05": {
            "month": "2019-05",
            "price": "24.87",
            "revenue": 199885
        },
        "2019-06": {
            "month": "2019-06",
            "price": "24.10",
            "revenue": 216518
        },
        "2019-07": {
            "month": "2019-07",
            "price": "24.84",
            "revenue": 209241
        },
        "2019-08": {
            "month": "2019-08",
            "price": "25.60",
            "revenue": 212686
        },
        "2019-09": {
            "month": "2019-09",
            "price": "26.92",
            "revenue": 230911
        },
        "2019-10": {
            "month": "2019-10",
            "price": "25.47",
            "revenue": 232696
        },
        "2019-11": {
            "month": "2019-11",
            "price": "25.42",
            "revenue": 196040
        },
        "2019-12": {
            "month": "2019-12",
            "price": "24.66",
            "revenue": 211045
        },
        "2020-01": {
            "month": "2020-01",
            "price": "24.21",
            "revenue": 170347
        },
        "2020-02": {
            "month": "2020-02",
            "price": "23.98",
            "revenue": 152560
        },
        "2020-03": {
            "month": "2020-03",
            "price": "22.26",
            "revenue": 257171
        },
        "2020-04": {
            "month": "2020-04",
            "price": "22.74",
            "revenue": 166094
        },
        "2020-05": {
            "month": "2020-05",
            "price": "23.74",
            "revenue": 196245
        },
        "2020-06": {
            "month": "2020-06",
            "price": "24.24",
            "revenue": 192829
        },
        "2020-07": {
            "month": "2020-07",
            "price": "22.78",
            "revenue": 227790
        },
        "2020-08": {
            "month": "2020-08",
            "price": "23.01",
            "revenue": 196065
        },
        "2020-09": {
            "month": "2020-09",
            "price": "23.20",
            "revenue": 228274
        },
        "2020-10": {
            "month": "2020-10",
            "price": "22.86",
            "revenue": 198013
        },
        "2020-11": {
            "month": "2020-11",
            "price": "22.86",
            "revenue": 190262
        },
        "2020-12": {
            "month": "2020-12",
            "price": "23.02",
            "revenue": 197254
        },
        "2021-01": {
            "month": "2021-01",
            "price": "22.20",
            "revenue": 189246
        },
        "2021-02": {
            "month": "2021-02",
            "price": "22.65",
            "revenue": 189670
        },
        "2021-03": {
            "month": "2021-03",
            "price": "23.33",
            "revenue": 259836
        },
        "2021-04": {
            "month": "2021-04",
            "price": "24.31",
            "revenue": 211328
        },
        "2021-05": {
            "month": "2021-05",
            "price": "22.36",
            "revenue": 223644
        },
        "2021-06": {
            "month": "2021-06",
            "price": "21.65",
            "revenue": 255227
        },
        "2021-07": {
            "month": "2021-07",
            "price": "21.54",
            "revenue": 220798
        },
        "2021-08": {
            "month": "2021-08",
            "price": "21.31",
            "revenue": 249291
        },
        "2021-09": {
            "month": "2021-09",
            "price": "22.39",
            "revenue": 271231
        },
        "2021-10": {
            "month": "2021-10",
            "price": "23.42",
            "revenue": 277994
        },
        "2021-11": {
            "month": "2021-11",
            "price": "25.68",
            "revenue": 246849
        },
        "2021-12": {
            "month": "2021-12",
            "price": "25.45",
            "revenue": 252432
        },
        "2022-01": {
            "month": "2022-01",
            "price": "25.66",
            "revenue": 297320
        },
        "2022-02": {
            "month": "2022-02",
            "price": "28.81",
            "revenue": 187393
        },
        "2022-03": {
            "month": "2022-03",
            "price": "27.20",
            "revenue": 269812
        },
        "2022-04": {
            "month": "2022-04",
            "price": "26.83",
            "revenue": 223334
        },
        "2022-05": {
            "month": "2022-05",
            "price": "27.04",
            "revenue": 277299
        },
        "2022-06": {
            "month": "2022-06",
            "price": "28.29",
            "revenue": 264889
        },
        "2022-07": {
            "month": "2022-07",
            "price": "28.01",
            "revenue": 251631
        },
        "2022-08": {
            "month": "2022-08",
            "price": "30.95",
            "revenue": 257843
        },
        "2022-09": {
            "month": "2022-09",
            "price": "30.95",
            "revenue": 210920
        },
        "2022-10": {
            "month": "2022-10",
            "price": "25.66",
            "revenue": 186079
        },
        "2022-11": {
            "month": "2022-11",
            "price": "25.28",
            "revenue": 201393
        },
        "2022-12": {
            "month": "2022-12",
            "price": "25.42",
            "revenue": 180343
        },
        "2023-01": {
            "month": "2023-01",
            "price": "25.27",
            "revenue": 160191
        },
        "2023-02": {
            "month": "2023-02",
            "price": "26.56",
            "revenue": 190974
        },
        "2023-03": {
            "month": "2023-03",
            "price": "27.35",
            "revenue": 206256
        },
        "2023-04": {
            "month": "2023-04",
            "price": "27.55",
            "revenue": 170896
        }
    }
}
