{
    "summary": {
        "stock_name": "昇貿",
        "stock_id": "3305",
        "category": "其他電子",
        "main_business": "經營銲錫絲、銲錫棒、BGA錫球及銲錫膏等之製造及銷售。",
        "website_url": "http://www.shenmao.com",
        "ceo": "李弘偉",
        "pe_ratio": 60,
        "report_year_from": 2003,
        "report_year_to": 2023,
        "age": 21,
        "eps_negative_percentage": 0,
        "eps_growth_avg": {
            "last_all": 6.5,
            "last_2y": 6.52,
            "last_4y": 25.03,
            "last_8y": 4.89,
            "last_12y": 1.07,
            "last_16y": -1.14,
            "last_20y": null,
            "at_2006_last_3y": null,
            "at_2007_last_3y": null,
            "at_2008_last_3y": 22.41,
            "at_2009_last_3y": 7,
            "at_2010_last_3y": -8.31,
            "at_2011_last_3y": 0.2,
            "at_2012_last_3y": 1.27,
            "at_2013_last_3y": -8.23,
            "at_2014_last_3y": -7.54,
            "at_2015_last_3y": -28.09,
            "at_2016_last_3y": 5.41,
            "at_2017_last_3y": -10.39,
            "at_2018_last_3y": -20.28,
            "at_2019_last_3y": 20.5,
            "at_2020_last_3y": -3.1,
            "at_2021_last_3y": 37.62,
            "at_2022_last_3y": 46.39,
            "at_2023_last_3y": 6.29,
            "at_2024_last_3y": 6.29,
            "at_2006_last_all": 71.46,
            "at_2007_last_all": 42.63,
            "at_2008_last_all": 22.41,
            "at_2009_last_all": 25.6,
            "at_2010_last_all": 18.28,
            "at_2011_last_all": 18.39,
            "at_2012_last_all": 11.84,
            "at_2013_last_all": 10.56,
            "at_2014_last_all": 7.95,
            "at_2015_last_all": 1.49,
            "at_2016_last_all": 9.7,
            "at_2017_last_all": 4.12,
            "at_2018_last_all": -0.12,
            "at_2019_last_all": 6.56,
            "at_2020_last_all": 6.5,
            "at_2021_last_all": 12,
            "at_2022_last_all": 10.22,
            "at_2023_last_all": 6.5,
            "at_2024_last_all": 6.5
        },
        "latest_eps": 1.25,
        "latest_price": 75.3,
        "latest_roe": 3.45,
        "latest_gross_margin": 15.06,
        "latest_equity": 4767264,
        "latest_revenue": 1641248,
        "latest_gross_profit": 247214,
        "latest_net_income": 76424,
        "latest_debt_ratio": 41.02,
        "latest_current_ratio": 179.75,
        "latest_account_receivable_turnover_ratio": 0.81,
        "latest_inventory_turnover_ratio": 1.1,
        "latest_reinvestment_rate": 31.69,
        "latest_research_to_sale_ratio": 1.19
    },
    "eps_dividends": {
        "2001": {
            "cash": 0,
            "stock": 0,
            "eps": 0
        },
        "2002": {
            "cash": 0,
            "stock": 0,
            "eps": 0
        },
        "2003": {
            "cash": 0,
            "stock": 0,
            "eps": 0
        },
        "2004": {
            "cash": 0,
            "stock": 0,
            "eps": 1.88
        },
        "2005": {
            "cash": 0.4,
            "stock": 1.6,
            "eps": 4.52
        },
        "2006": {
            "cash": 1,
            "stock": 1,
            "eps": 6.46
        },
        "2007": {
            "cash": 2.7,
            "stock": 0.8,
            "eps": 5.49
        },
        "2008": {
            "cash": 1.3,
            "stock": 1.7,
            "eps": 3.39
        },
        "2009": {
            "cash": 1.27,
            "stock": 0.68,
            "eps": 4.69
        },
        "2010": {
            "cash": 2,
            "stock": 0.6,
            "eps": 3.83
        },
        "2011": {
            "cash": 4.8,
            "stock": 0.5,
            "eps": 4.56
        },
        "2012": {
            "cash": 0,
            "stock": 0,
            "eps": 3.01
        },
        "2013": {
            "cash": 1.8,
            "stock": 0,
            "eps": 3.02
        },
        "2014": {
            "cash": 2,
            "stock": 0,
            "eps": 2.55
        },
        "2015": {
            "cash": 2,
            "stock": 0,
            "eps": 0.94
        },
        "2016": {
            "cash": 1,
            "stock": 0,
            "eps": 2.1
        },
        "2017": {
            "cash": 2.3,
            "stock": 0,
            "eps": 0.78
        },
        "2018": {
            "cash": 1,
            "stock": 0,
            "eps": 0.35
        },
        "2019": {
            "cash": 1,
            "stock": 0,
            "eps": 1.43
        },
        "2020": {
            "cash": 1,
            "stock": 0,
            "eps": 1.51
        },
        "2021": {
            "cash": 1.5,
            "stock": 0,
            "eps": 4.99
        },
        "2022": {
            "cash": 2.5,
            "stock": 0,
            "eps": 3.99
        },
        "2023": {
            "cash": 2,
            "stock": 0,
            "eps": 1.58
        }
    },
    "dividends": {
        "2005-03-18": {
            "cash": 0.4,
            "stock": 1.6
        },
        "2006-03-24": {
            "cash": 1,
            "stock": 1
        },
        "2007-04-13": {
            "cash": 2.7,
            "stock": 0.8
        },
        "2008-04-28": {
            "cash": 1.3,
            "stock": 1.7
        },
        "2009-03-25": {
            "cash": 1.27,
            "stock": 0.68
        },
        "2010-03-29": {
            "cash": 2,
            "stock": 0.6
        },
        "2011-01-01": {
            "cash": 2.8,
            "stock": 0
        },
        "2011-03-25": {
            "cash": 2,
            "stock": 0.5
        },
        "2013-03-19": {
            "cash": 1.8,
            "stock": 0
        },
        "2014-06-06": {
            "cash": 2,
            "stock": 0
        },
        "2015-07-17": {
            "cash": 2,
            "stock": 0
        },
        "2016-07-22": {
            "cash": 1,
            "stock": 0
        },
        "2017-07-28": {
            "cash": 2.3,
            "stock": 0
        },
        "2018-07-27": {
            "cash": 1,
            "stock": 0
        },
        "2019-08-15": {
            "cash": 1,
            "stock": 0
        },
        "2020-07-29": {
            "cash": 1,
            "stock": 0
        },
        "2021-09-08": {
            "cash": 1.5,
            "stock": 0
        },
        "2022-07-29": {
            "cash": 2.5,
            "stock": 0
        },
        "2023-07-27": {
            "cash": 2,
            "stock": 0
        }
    },
    "prices": {
        "200101": "無",
        "200102": "無",
        "200103": "無",
        "200104": "無",
        "200105": "無",
        "200106": "無",
        "200107": "無",
        "200108": "無",
        "200109": "無",
        "200110": "無",
        "200111": "無",
        "200112": "無",
        "200201": "無",
        "200202": "無",
        "200203": "無",
        "200204": "無",
        "200205": "無",
        "200206": "無",
        "200207": "無",
        "200208": "無",
        "200209": "無",
        "200210": "無",
        "200211": "無",
        "200212": "無",
        "200301": "無",
        "200302": "無",
        "200303": "無",
        "200304": "無",
        "200305": "無",
        "200306": "無",
        "200307": "無",
        "200308": "無",
        "200309": "無",
        "200310": "無",
        "200311": "無",
        "200312": "無",
        "200401": "無",
        "200402": "無",
        "200403": "無",
        "200404": "無",
        "200405": "無",
        "200406": "23.86",
        "200407": "25.83",
        "200408": "25.17",
        "200409": "24.33",
        "200410": "25.00",
        "200411": "23.90",
        "200412": "23.66",
        "200501": "無",
        "200502": "24.78",
        "200503": "29.74",
        "200504": "32.99",
        "200505": "32.86",
        "200506": "32.10",
        "200507": "52.30",
        "200508": "66.39",
        "200509": "57.97",
        "200510": "63.60",
        "200511": "75.43",
        "200512": "109.32",
        "200601": "115.83",
        "200602": "114.68",
        "200603": "120.35",
        "200604": "131.87",
        "200605": "147.90",
        "200606": "146.84",
        "200607": "143.45",
        "200608": "115.61",
        "200609": "118.50",
        "200610": "104.76",
        "200611": "99.05",
        "200612": "96.53",
        "200701": "109.26",
        "200702": "100.49",
        "200703": "94.09",
        "200704": "94.88",
        "200705": "84.67",
        "200706": "84.29",
        "200707": "100.82",
        "200708": "88.94",
        "200709": "72.03",
        "200710": "70.86",
        "200711": "58.85",
        "200712": "56.32",
        "200801": "48.65",
        "200802": "45.83",
        "200803": "47.72",
        "200804": "52.72",
        "200805": "58.08",
        "200806": "60.79",
        "200807": "50.88",
        "200808": "51.21",
        "200809": "40.72",
        "200810": "31.72",
        "200811": "23.65",
        "200812": "22.16",
        "200901": "22.55",
        "200902": "26.40",
        "200903": "29.74",
        "200904": "32.25",
        "200905": "40.54",
        "200906": "44.19",
        "200907": "62.50",
        "200908": "73.66",
        "200909": "74.12",
        "200910": "62.87",
        "200911": "61.51",
        "200912": "66.37",
        "201001": "65.48",
        "201002": "55.79",
        "201003": "60.17",
        "201004": "61.71",
        "201005": "54.35",
        "201006": "51.76",
        "201007": "53.58",
        "201008": "53.85",
        "201009": "52.65",
        "201010": "52.84",
        "201011": "50.10",
        "201012": "52.06",
        "201101": "51.03",
        "201102": "52.14",
        "201103": "52.35",
        "201104": "52.51",
        "201105": "50.07",
        "201106": "49.91",
        "201107": "52.33",
        "201108": "48.01",
        "201109": "39.19",
        "201110": "36.10",
        "201111": "36.07",
        "201112": "33.12",
        "201201": "36.93",
        "201202": "41.99",
        "201203": "42.11",
        "201204": "38.92",
        "201205": "35.97",
        "201206": "35.72",
        "201207": "34.40",
        "201208": "34.29",
        "201209": "35.35",
        "201210": "33.98",
        "201211": "30.77",
        "201212": "31.71",
        "201301": "32.06",
        "201302": "32.75",
        "201303": "32.84",
        "201304": "31.08",
        "201305": "33.32",
        "201306": "32.51",
        "201307": "33.50",
        "201308": "32.20",
        "201309": "31.92",
        "201310": "33.72",
        "201311": "32.91",
        "201312": "33.13",
        "201401": "36.86",
        "201402": "40.31",
        "201403": "41.75",
        "201404": "41.58",
        "201405": "39.85",
        "201406": "37.84",
        "201407": "35.89",
        "201408": "35.60",
        "201409": "35.47",
        "201410": "32.75",
        "201411": "31.80",
        "201412": "32.10",
        "201501": "33.41",
        "201502": "32.55",
        "201503": "32.78",
        "201504": "32.90",
        "201505": "30.31",
        "201506": "27.92",
        "201507": "26.52",
        "201508": "23.77",
        "201509": "24.37",
        "201510": "23.86",
        "201511": "23.46",
        "201512": "23.92",
        "201601": "23.07",
        "201602": "25.38",
        "201603": "24.85",
        "201604": "23.40",
        "201605": "20.75",
        "201606": "22.05",
        "201607": "22.88",
        "201608": "26.85",
        "201609": "29.29",
        "201610": "30.44",
        "201611": "28.77",
        "201612": "29.97",
        "201701": "33.30",
        "201702": "33.06",
        "201703": "33.73",
        "201704": "31.73",
        "201705": "30.74",
        "201706": "31.06",
        "201707": "28.96",
        "201708": "27.68",
        "201709": "26.41",
        "201710": "26.53",
        "201711": "26.85",
        "201712": "26.27",
        "201801": "26.61",
        "201802": "25.82",
        "201803": "25.69",
        "201804": "24.96",
        "201805": "23.75",
        "201806": "23.31",
        "201807": "21.71",
        "201808": "22.41",
        "201809": "21.70",
        "201810": "20.73",
        "201811": "19.90",
        "201812": "19.40",
        "201901": "19.07",
        "201902": "19.98",
        "201903": "20.00",
        "201904": "20.00",
        "201905": "20.44",
        "201906": "20.65",
        "201907": "20.73",
        "201908": "21.50",
        "201909": "23.78",
        "201910": "22.79",
        "201911": "23.70",
        "201912": "24.58",
        "202001": "24.52",
        "202002": "22.71",
        "202003": "19.66",
        "202004": "18.62",
        "202005": "19.69",
        "202006": "20.52",
        "202007": "20.52",
        "202008": "24.35",
        "202009": "25.87",
        "202010": "24.93",
        "202011": "25.29",
        "202012": "29.01",
        "202101": "28.69",
        "202102": "35.67",
        "202103": "39.80",
        "202104": "48.62",
        "202105": "42.23",
        "202106": "49.34",
        "202107": "55.78",
        "202108": "48.84",
        "202109": "50.62",
        "202110": "57.75",
        "202111": "81.28",
        "202112": "80.27",
        "202201": "75.08",
        "202202": "73.59",
        "202203": "73.14",
        "202204": "72.00",
        "202205": "66.55",
        "202206": "63.86",
        "202207": "51.34",
        "202208": "53.84",
        "202209": "46.27",
        "202210": "38.54",
        "202211": "40.27",
        "202212": "40.95",
        "202301": "41.26",
        "202302": "48.33",
        "202303": "47.49",
        "202304": "49.46",
        "202305": "48.65",
        "202306": "52.40",
        "202307": "64.64",
        "202308": "65.34",
        "202309": "62.43",
        "202310": "61.74",
        "202311": "64.71",
        "202312": "70.92"
    },
    "quarters": {
        "20011": {
            "year_quarter": 20011,
            "year": 2001,
            "quarter": 1,
            "eps": null,
            "eps_growth_year": null,
            "eps_4q": null,
            "eps_4q_growth_year": null,
            "roe": null,
            "roe_4q": 0,
            "gross_profit": null,
            "gross_margin": null,
            "gross_margin_4q_avg": 0,
            "net_income": null,
            "net_income_4q": null,
            "revenue": null,
            "revenue_4q": null,
            "common_shares": null,
            "book_valuer_per_share": null,
            "book_valuer_per_share_4q_avg": 0,
            "equity": null,
            "current_ratio": null,
            "debt_ratio": null,
            "inventory_turnover_ratio": null,
            "account_receivable_turnover_ratio": null,
            "reinvestment_rate": null,
            "research_to_sale_ratio": null,
            "price_fair": 0,
            "eps_avg_yearly": 0,
            "eps_latest_yearly": 0,
            "eps_growth_yearly": 0
        },
        "20012": {
            "year_quarter": 20012,
            "year": 2001,
            "quarter": 2,
            "eps": null,
            "eps_growth_year": null,
            "eps_4q": null,
            "eps_4q_growth_year": null,
            "roe": null,
            "roe_4q": 0,
            "gross_profit": null,
            "gross_margin": null,
            "gross_margin_4q_avg": 0,
            "net_income": null,
            "net_income_4q": null,
            "revenue": null,
            "revenue_4q": null,
            "common_shares": null,
            "book_valuer_per_share": null,
            "book_valuer_per_share_4q_avg": 0,
            "equity": null,
            "current_ratio": null,
            "debt_ratio": null,
            "inventory_turnover_ratio": null,
            "account_receivable_turnover_ratio": null,
            "reinvestment_rate": null,
            "research_to_sale_ratio": null,
            "price_fair": 0,
            "eps_avg_yearly": 0,
            "eps_latest_yearly": 0,
            "eps_growth_yearly": 0
        },
        "20013": {
            "year_quarter": 20013,
            "year": 2001,
            "quarter": 3,
            "eps": null,
            "eps_growth_year": null,
            "eps_4q": null,
            "eps_4q_growth_year": null,
            "roe": null,
            "roe_4q": 0,
            "gross_profit": null,
            "gross_margin": null,
            "gross_margin_4q_avg": 0,
            "net_income": null,
            "net_income_4q": null,
            "revenue": null,
            "revenue_4q": null,
            "common_shares": null,
            "book_valuer_per_share": null,
            "book_valuer_per_share_4q_avg": 0,
            "equity": null,
            "current_ratio": null,
            "debt_ratio": null,
            "inventory_turnover_ratio": null,
            "account_receivable_turnover_ratio": null,
            "reinvestment_rate": null,
            "research_to_sale_ratio": null,
            "price_fair": 0,
            "eps_avg_yearly": 0,
            "eps_latest_yearly": 0,
            "eps_growth_yearly": 0
        },
        "20014": {
            "year_quarter": 20014,
            "year": 2001,
            "quarter": 4,
            "eps": null,
            "eps_growth_year": null,
            "eps_4q": null,
            "eps_4q_growth_year": null,
            "roe": null,
            "roe_4q": 0,
            "gross_profit": null,
            "gross_margin": null,
            "gross_margin_4q_avg": 0,
            "net_income": null,
            "net_income_4q": null,
            "revenue": null,
            "revenue_4q": null,
            "common_shares": 319000,
            "book_valuer_per_share": 10.32,
            "book_valuer_per_share_4q_avg": 2.58,
            "equity": 329105,
            "current_ratio": 159.17,
            "debt_ratio": 47.72,
            "inventory_turnover_ratio": null,
            "account_receivable_turnover_ratio": null,
            "reinvestment_rate": null,
            "research_to_sale_ratio": null,
            "price_fair": 0,
            "eps_avg_yearly": 0,
            "eps_latest_yearly": 0,
            "eps_growth_yearly": 0
        },
        "20021": {
            "year_quarter": 20021,
            "year": 2002,
            "quarter": 1,
            "eps": null,
            "eps_growth_year": null,
            "eps_4q": null,
            "eps_4q_growth_year": null,
            "roe": null,
            "roe_4q": 0,
            "gross_profit": null,
            "gross_margin": null,
            "gross_margin_4q_avg": 0,
            "net_income": null,
            "net_income_4q": null,
            "revenue": null,
            "revenue_4q": null,
            "common_shares": null,
            "book_valuer_per_share": null,
            "book_valuer_per_share_4q_avg": 2.58,
            "equity": null,
            "current_ratio": null,
            "debt_ratio": null,
            "inventory_turnover_ratio": null,
            "account_receivable_turnover_ratio": null,
            "reinvestment_rate": null,
            "research_to_sale_ratio": null,
            "price_fair": 0,
            "eps_avg_yearly": 0,
            "eps_latest_yearly": 0,
            "eps_growth_yearly": 0
        },
        "20022": {
            "year_quarter": 20022,
            "year": 2002,
            "quarter": 2,
            "eps": null,
            "eps_growth_year": null,
            "eps_4q": null,
            "eps_4q_growth_year": null,
            "roe": null,
            "roe_4q": 0,
            "gross_profit": null,
            "gross_margin": null,
            "gross_margin_4q_avg": 0,
            "net_income": null,
            "net_income_4q": null,
            "revenue": null,
            "revenue_4q": null,
            "common_shares": null,
            "book_valuer_per_share": null,
            "book_valuer_per_share_4q_avg": 2.58,
            "equity": null,
            "current_ratio": null,
            "debt_ratio": null,
            "inventory_turnover_ratio": null,
            "account_receivable_turnover_ratio": null,
            "reinvestment_rate": null,
            "research_to_sale_ratio": null,
            "price_fair": 0,
            "eps_avg_yearly": 0,
            "eps_latest_yearly": 0,
            "eps_growth_yearly": 0
        },
        "20023": {
            "year_quarter": 20023,
            "year": 2002,
            "quarter": 3,
            "eps": null,
            "eps_growth_year": null,
            "eps_4q": null,
            "eps_4q_growth_year": null,
            "roe": null,
            "roe_4q": 0,
            "gross_profit": null,
            "gross_margin": null,
            "gross_margin_4q_avg": 0,
            "net_income": null,
            "net_income_4q": null,
            "revenue": null,
            "revenue_4q": null,
            "common_shares": null,
            "book_valuer_per_share": null,
            "book_valuer_per_share_4q_avg": 2.58,
            "equity": null,
            "current_ratio": null,
            "debt_ratio": null,
            "inventory_turnover_ratio": null,
            "account_receivable_turnover_ratio": null,
            "reinvestment_rate": null,
            "research_to_sale_ratio": null,
            "price_fair": 0,
            "eps_avg_yearly": 0,
            "eps_latest_yearly": 0,
            "eps_growth_yearly": 0
        },
        "20024": {
            "year_quarter": 20024,
            "year": 2002,
            "quarter": 4,
            "eps": null,
            "eps_growth_year": null,
            "eps_4q": null,
            "eps_4q_growth_year": null,
            "roe": null,
            "roe_4q": 0,
            "gross_profit": null,
            "gross_margin": null,
            "gross_margin_4q_avg": 0,
            "net_income": null,
            "net_income_4q": null,
            "revenue": null,
            "revenue_4q": null,
            "common_shares": 319000,
            "book_valuer_per_share": 11.73,
            "book_valuer_per_share_4q_avg": 2.93,
            "equity": 374327,
            "current_ratio": 179.08,
            "debt_ratio": 47.73,
            "inventory_turnover_ratio": null,
            "account_receivable_turnover_ratio": null,
            "reinvestment_rate": null,
            "research_to_sale_ratio": null,
            "price_fair": 0,
            "eps_avg_yearly": 0,
            "eps_latest_yearly": 0,
            "eps_growth_yearly": 0
        },
        "20031": {
            "year_quarter": 20031,
            "year": 2003,
            "quarter": 1,
            "eps": null,
            "eps_growth_year": null,
            "eps_4q": null,
            "eps_4q_growth_year": null,
            "roe": null,
            "roe_4q": 0,
            "gross_profit": null,
            "gross_margin": null,
            "gross_margin_4q_avg": 0,
            "net_income": null,
            "net_income_4q": null,
            "revenue": null,
            "revenue_4q": null,
            "common_shares": null,
            "book_valuer_per_share": null,
            "book_valuer_per_share_4q_avg": 2.93,
            "equity": null,
            "current_ratio": null,
            "debt_ratio": null,
            "inventory_turnover_ratio": null,
            "account_receivable_turnover_ratio": null,
            "reinvestment_rate": null,
            "research_to_sale_ratio": null,
            "price_fair": 0,
            "eps_avg_yearly": 0,
            "eps_latest_yearly": 0,
            "eps_growth_yearly": 0
        },
        "20032": {
            "year_quarter": 20032,
            "year": 2003,
            "quarter": 2,
            "eps": null,
            "eps_growth_year": null,
            "eps_4q": null,
            "eps_4q_growth_year": null,
            "roe": null,
            "roe_4q": 0,
            "gross_profit": null,
            "gross_margin": null,
            "gross_margin_4q_avg": 0,
            "net_income": null,
            "net_income_4q": null,
            "revenue": null,
            "revenue_4q": null,
            "common_shares": null,
            "book_valuer_per_share": null,
            "book_valuer_per_share_4q_avg": 2.93,
            "equity": null,
            "current_ratio": null,
            "debt_ratio": null,
            "inventory_turnover_ratio": null,
            "account_receivable_turnover_ratio": null,
            "reinvestment_rate": null,
            "research_to_sale_ratio": null,
            "price_fair": 0,
            "eps_avg_yearly": 0,
            "eps_latest_yearly": 0,
            "eps_growth_yearly": 0
        },
        "20033": {
            "year_quarter": 20033,
            "year": 2003,
            "quarter": 3,
            "eps": null,
            "eps_growth_year": null,
            "eps_4q": null,
            "eps_4q_growth_year": null,
            "roe": null,
            "roe_4q": 0,
            "gross_profit": null,
            "gross_margin": null,
            "gross_margin_4q_avg": 0,
            "net_income": null,
            "net_income_4q": null,
            "revenue": null,
            "revenue_4q": null,
            "common_shares": null,
            "book_valuer_per_share": null,
            "book_valuer_per_share_4q_avg": 2.93,
            "equity": null,
            "current_ratio": null,
            "debt_ratio": null,
            "inventory_turnover_ratio": null,
            "account_receivable_turnover_ratio": null,
            "reinvestment_rate": null,
            "research_to_sale_ratio": null,
            "price_fair": 0,
            "eps_avg_yearly": 0,
            "eps_latest_yearly": 0,
            "eps_growth_yearly": 0
        },
        "20034": {
            "year_quarter": 20034,
            "year": 2003,
            "quarter": 4,
            "eps": null,
            "eps_growth_year": null,
            "eps_4q": null,
            "eps_4q_growth_year": null,
            "roe": null,
            "roe_4q": 0,
            "gross_profit": null,
            "gross_margin": null,
            "gross_margin_4q_avg": 0,
            "net_income": null,
            "net_income_4q": null,
            "revenue": null,
            "revenue_4q": null,
            "common_shares": 365000,
            "book_valuer_per_share": 11.12,
            "book_valuer_per_share_4q_avg": 2.78,
            "equity": 405852,
            "current_ratio": 163.08,
            "debt_ratio": 52.89,
            "inventory_turnover_ratio": null,
            "account_receivable_turnover_ratio": null,
            "reinvestment_rate": null,
            "research_to_sale_ratio": null,
            "price_fair": 0,
            "eps_avg_yearly": 0,
            "eps_latest_yearly": 0,
            "eps_growth_yearly": 0
        },
        "20041": {
            "year_quarter": 20041,
            "year": 2004,
            "quarter": 1,
            "eps": null,
            "eps_growth_year": null,
            "eps_4q": null,
            "eps_4q_growth_year": null,
            "roe": null,
            "roe_4q": 0,
            "gross_profit": null,
            "gross_margin": null,
            "gross_margin_4q_avg": 0,
            "net_income": null,
            "net_income_4q": null,
            "revenue": null,
            "revenue_4q": null,
            "common_shares": null,
            "book_valuer_per_share": null,
            "book_valuer_per_share_4q_avg": 2.78,
            "equity": null,
            "current_ratio": null,
            "debt_ratio": null,
            "inventory_turnover_ratio": null,
            "account_receivable_turnover_ratio": null,
            "reinvestment_rate": null,
            "research_to_sale_ratio": null,
            "price_fair": 0,
            "eps_avg_yearly": 0,
            "eps_latest_yearly": 0,
            "eps_growth_yearly": 0
        },
        "20042": {
            "year_quarter": 20042,
            "year": 2004,
            "quarter": 2,
            "eps": null,
            "eps_growth_year": null,
            "eps_4q": null,
            "eps_4q_growth_year": null,
            "roe": null,
            "roe_4q": 0,
            "gross_profit": null,
            "gross_margin": null,
            "gross_margin_4q_avg": 0,
            "net_income": null,
            "net_income_4q": null,
            "revenue": null,
            "revenue_4q": null,
            "common_shares": null,
            "book_valuer_per_share": null,
            "book_valuer_per_share_4q_avg": 2.78,
            "equity": null,
            "current_ratio": null,
            "debt_ratio": null,
            "inventory_turnover_ratio": null,
            "account_receivable_turnover_ratio": null,
            "reinvestment_rate": null,
            "research_to_sale_ratio": null,
            "price_fair": 0,
            "eps_avg_yearly": 0,
            "eps_latest_yearly": 0,
            "eps_growth_yearly": 0
        },
        "20043": {
            "year_quarter": 20043,
            "year": 2004,
            "quarter": 3,
            "eps": 0.64,
            "eps_growth_year": null,
            "eps_4q": null,
            "eps_4q_growth_year": null,
            "roe": 5.12,
            "roe_4q": 5.12,
            "gross_profit": 34985,
            "gross_margin": 17.5,
            "gross_margin_4q_avg": 4.38,
            "net_income": 25442,
            "net_income_4q": null,
            "revenue": 199891,
            "revenue_4q": null,
            "common_shares": 400000,
            "book_valuer_per_share": 12.43,
            "book_valuer_per_share_4q_avg": 5.89,
            "equity": 497131,
            "current_ratio": 103.61,
            "debt_ratio": 48.2,
            "inventory_turnover_ratio": 2.37,
            "account_receivable_turnover_ratio": null,
            "reinvestment_rate": null,
            "research_to_sale_ratio": null,
            "price_fair": 0,
            "eps_avg_yearly": 0,
            "eps_latest_yearly": 0,
            "eps_growth_yearly": 0
        },
        "20044": {
            "year_quarter": 20044,
            "year": 2004,
            "quarter": 4,
            "eps": 1.24,
            "eps_growth_year": null,
            "eps_4q": null,
            "eps_4q_growth_year": null,
            "roe": 9.7,
            "roe_4q": 14.82,
            "gross_profit": 39159,
            "gross_margin": 18.45,
            "gross_margin_4q_avg": 8.99,
            "net_income": 49742,
            "net_income_4q": null,
            "revenue": 212193,
            "revenue_4q": null,
            "common_shares": 400000,
            "book_valuer_per_share": 13.21,
            "book_valuer_per_share_4q_avg": 6.41,
            "equity": 528426,
            "current_ratio": 149.6,
            "debt_ratio": 59.85,
            "inventory_turnover_ratio": 0.89,
            "account_receivable_turnover_ratio": null,
            "reinvestment_rate": null,
            "research_to_sale_ratio": null,
            "price_fair": 173.6,
            "eps_avg_yearly": 4.96,
            "eps_latest_yearly": 4.96,
            "eps_growth_yearly": 375
        },
        "20051": {
            "year_quarter": 20051,
            "year": 2005,
            "quarter": 1,
            "eps": 0.87,
            "eps_growth_year": null,
            "eps_4q": null,
            "eps_4q_growth_year": null,
            "roe": 6.41,
            "roe_4q": 21.23,
            "gross_profit": 33699,
            "gross_margin": 20.07,
            "gross_margin_4q_avg": 14.01,
            "net_income": 34933,
            "net_income_4q": null,
            "revenue": 167874,
            "revenue_4q": null,
            "common_shares": 400000,
            "book_valuer_per_share": 14.03,
            "book_valuer_per_share_4q_avg": 9.92,
            "equity": 561283,
            "current_ratio": 102.93,
            "debt_ratio": 50.63,
            "inventory_turnover_ratio": 0.64,
            "account_receivable_turnover_ratio": null,
            "reinvestment_rate": null,
            "research_to_sale_ratio": null,
            "price_fair": 147.7,
            "eps_avg_yearly": 4.22,
            "eps_latest_yearly": 3.48,
            "eps_growth_yearly": 127.82
        },
        "20052": {
            "year_quarter": 20052,
            "year": 2005,
            "quarter": 2,
            "eps": 1.21,
            "eps_growth_year": null,
            "eps_4q": 3.96,
            "eps_4q_growth_year": null,
            "roe": 7.56,
            "roe_4q": 28.79,
            "gross_profit": 37989,
            "gross_margin": 19.67,
            "gross_margin_4q_avg": 18.92,
            "net_income": 48467,
            "net_income_4q": null,
            "revenue": 193109,
            "revenue_4q": null,
            "common_shares": 445000,
            "book_valuer_per_share": 16.21,
            "book_valuer_per_share_4q_avg": 13.97,
            "equity": 721238,
            "current_ratio": 140.13,
            "debt_ratio": 44.49,
            "inventory_turnover_ratio": 1.73,
            "account_receivable_turnover_ratio": null,
            "reinvestment_rate": null,
            "research_to_sale_ratio": null,
            "price_fair": 154.93,
            "eps_avg_yearly": 4.43,
            "eps_latest_yearly": 4.84,
            "eps_growth_yearly": 137.32
        },
        "20053": {
            "year_quarter": 20053,
            "year": 2005,
            "quarter": 3,
            "eps": 1.17,
            "eps_growth_year": 82.81,
            "eps_4q": 3.87,
            "eps_4q_growth_year": null,
            "roe": 7.56,
            "roe_4q": 31.23,
            "gross_profit": 42114,
            "gross_margin": 17.48,
            "gross_margin_4q_avg": 18.92,
            "net_income": 57632,
            "net_income_4q": null,
            "revenue": 240978,
            "revenue_4q": null,
            "common_shares": 524500,
            "book_valuer_per_share": 15.3,
            "book_valuer_per_share_4q_avg": 14.69,
            "equity": 802437,
            "current_ratio": 143.67,
            "debt_ratio": 40.44,
            "inventory_turnover_ratio": 2,
            "account_receivable_turnover_ratio": null,
            "reinvestment_rate": null,
            "research_to_sale_ratio": null,
            "price_fair": 157.15,
            "eps_avg_yearly": 4.49,
            "eps_latest_yearly": 4.68,
            "eps_growth_yearly": 99.69
        },
        "20054": {
            "year_quarter": 20054,
            "year": 2005,
            "quarter": 4,
            "eps": 1.27,
            "eps_growth_year": 2.42,
            "eps_4q": 4.09,
            "eps_4q_growth_year": null,
            "roe": 7.6,
            "roe_4q": 29.13,
            "gross_profit": 86309,
            "gross_margin": 20.61,
            "gross_margin_4q_avg": 19.46,
            "net_income": 63446,
            "net_income_4q": null,
            "revenue": 418846,
            "revenue_4q": null,
            "common_shares": 524500,
            "book_valuer_per_share": 16.55,
            "book_valuer_per_share_4q_avg": 15.52,
            "equity": 868043,
            "current_ratio": 173.95,
            "debt_ratio": 54.12,
            "inventory_turnover_ratio": 1.11,
            "account_receivable_turnover_ratio": null,
            "reinvestment_rate": null,
            "research_to_sale_ratio": null,
            "price_fair": 161.28,
            "eps_avg_yearly": 4.61,
            "eps_latest_yearly": 5.08,
            "eps_growth_yearly": 86.59
        },
        "20061": {
            "year_quarter": 20061,
            "year": 2006,
            "quarter": 1,
            "eps": 1.82,
            "eps_growth_year": 109.2,
            "eps_4q": 4.82,
            "eps_4q_growth_year": null,
            "roe": 9.37,
            "roe_4q": 32.089999999999996,
            "gross_profit": 94867,
            "gross_margin": 27.92,
            "gross_margin_4q_avg": 21.42,
            "net_income": 102818,
            "net_income_4q": null,
            "revenue": 339794,
            "revenue_4q": null,
            "common_shares": 567500,
            "book_valuer_per_share": 23.37,
            "book_valuer_per_share_4q_avg": 17.86,
            "equity": 1326185,
            "current_ratio": 241.86,
            "debt_ratio": 30.38,
            "inventory_turnover_ratio": 0.76,
            "account_receivable_turnover_ratio": null,
            "reinvestment_rate": null,
            "research_to_sale_ratio": null,
            "price_fair": 176.87,
            "eps_avg_yearly": 5.05,
            "eps_latest_yearly": 7.28,
            "eps_growth_yearly": 101.03
        },
        "20062": {
            "year_quarter": 20062,
            "year": 2006,
            "quarter": 2,
            "eps": 1.49,
            "eps_growth_year": 23.14,
            "eps_4q": 5.04,
            "eps_4q_growth_year": 27.37,
            "roe": 6.99,
            "roe_4q": 31.52,
            "gross_profit": 93932,
            "gross_margin": 14.55,
            "gross_margin_4q_avg": 20.14,
            "net_income": 93906,
            "net_income_4q": null,
            "revenue": 645425,
            "revenue_4q": null,
            "common_shares": 567500,
            "book_valuer_per_share": 23.99,
            "book_valuer_per_share_4q_avg": 19.8,
            "equity": 1361706,
            "current_ratio": 158.37,
            "debt_ratio": 41.07,
            "inventory_turnover_ratio": 3.2,
            "account_receivable_turnover_ratio": null,
            "reinvestment_rate": null,
            "research_to_sale_ratio": null,
            "price_fair": 181.4,
            "eps_avg_yearly": 5.18,
            "eps_latest_yearly": 5.96,
            "eps_growth_yearly": 76.23
        },
        "20063": {
            "year_quarter": 20063,
            "year": 2006,
            "quarter": 3,
            "eps": 1.55,
            "eps_growth_year": 32.48,
            "eps_4q": 5.68,
            "eps_4q_growth_year": 46.66,
            "roe": 6.9,
            "roe_4q": 30.86,
            "gross_profit": 85833,
            "gross_margin": 15.25,
            "gross_margin_4q_avg": 19.58,
            "net_income": 97640,
            "net_income_4q": null,
            "revenue": 562929,
            "revenue_4q": null,
            "common_shares": 632750,
            "book_valuer_per_share": 23.2,
            "book_valuer_per_share_4q_avg": 21.78,
            "equity": 1468294,
            "current_ratio": 149.15,
            "debt_ratio": 44.4,
            "inventory_turnover_ratio": 2.45,
            "account_receivable_turnover_ratio": null,
            "reinvestment_rate": null,
            "research_to_sale_ratio": null,
            "price_fair": 185.85,
            "eps_avg_yearly": 5.31,
            "eps_latest_yearly": 6.2,
            "eps_growth_yearly": 68.72
        },
        "20064": {
            "year_quarter": 20064,
            "year": 2006,
            "quarter": 4,
            "eps": 1.6,
            "eps_growth_year": 25.98,
            "eps_4q": 6.26,
            "eps_4q_growth_year": 52.86,
            "roe": 6.57,
            "roe_4q": 29.83,
            "gross_profit": 143088,
            "gross_margin": 19.27,
            "gross_margin_4q_avg": 19.25,
            "net_income": 101144,
            "net_income_4q": null,
            "revenue": 742593,
            "revenue_4q": null,
            "common_shares": 632750,
            "book_valuer_per_share": 25.47,
            "book_valuer_per_share_4q_avg": 24.01,
            "equity": 1611814,
            "current_ratio": 297.97,
            "debt_ratio": 50.72,
            "inventory_turnover_ratio": 1.38,
            "account_receivable_turnover_ratio": null,
            "reinvestment_rate": null,
            "research_to_sale_ratio": null,
            "price_fair": 190.09,
            "eps_avg_yearly": 5.43,
            "eps_latest_yearly": 6.4,
            "eps_growth_yearly": 62.52
        },
        "20071": {
            "year_quarter": 20071,
            "year": 2007,
            "quarter": 1,
            "eps": 1.26,
            "eps_growth_year": -30.77,
            "eps_4q": 5.85,
            "eps_4q_growth_year": 21.41,
            "roe": 4.81,
            "roe_4q": 25.270000000000003,
            "gross_profit": 81346,
            "gross_margin": 13.46,
            "gross_margin_4q_avg": 15.63,
            "net_income": 80288,
            "net_income_4q": null,
            "revenue": 604513,
            "revenue_4q": null,
            "common_shares": 636090,
            "book_valuer_per_share": 27.14,
            "book_valuer_per_share_4q_avg": 24.95,
            "equity": 1726333,
            "current_ratio": 290.48,
            "debt_ratio": 44.39,
            "inventory_turnover_ratio": 1.27,
            "account_receivable_turnover_ratio": null,
            "reinvestment_rate": null,
            "research_to_sale_ratio": null,
            "price_fair": 188.72,
            "eps_avg_yearly": 5.39,
            "eps_latest_yearly": 5.04,
            "eps_growth_yearly": 47.76
        },
        "20072": {
            "year_quarter": 20072,
            "year": 2007,
            "quarter": 2,
            "eps": 1.59,
            "eps_growth_year": 6.71,
            "eps_4q": 5.98,
            "eps_4q_growth_year": 18.56,
            "roe": 6,
            "roe_4q": 24.28,
            "gross_profit": 73726,
            "gross_margin": 16.57,
            "gross_margin_4q_avg": 16.14,
            "net_income": 101117,
            "net_income_4q": null,
            "revenue": 444815,
            "revenue_4q": null,
            "common_shares": 636090,
            "book_valuer_per_share": 25.88,
            "book_valuer_per_share_4q_avg": 25.42,
            "equity": 1646196,
            "current_ratio": 249.93,
            "debt_ratio": 46.9,
            "inventory_turnover_ratio": 1.57,
            "account_receivable_turnover_ratio": null,
            "reinvestment_rate": null,
            "research_to_sale_ratio": null,
            "price_fair": 191.8,
            "eps_avg_yearly": 5.48,
            "eps_latest_yearly": 6.36,
            "eps_growth_yearly": 52.95
        },
        "20073": {
            "year_quarter": 20073,
            "year": 2007,
            "quarter": 3,
            "eps": 1.42,
            "eps_growth_year": -8.39,
            "eps_4q": 5.48,
            "eps_4q_growth_year": -3.44,
            "roe": 5.8,
            "roe_4q": 23.18,
            "gross_profit": 77674,
            "gross_margin": 13.53,
            "gross_margin_4q_avg": 15.71,
            "net_income": 98711,
            "net_income_4q": null,
            "revenue": 574274,
            "revenue_4q": null,
            "common_shares": 698210,
            "book_valuer_per_share": 25.17,
            "book_valuer_per_share_4q_avg": 25.92,
            "equity": 1757233,
            "current_ratio": 192.59,
            "debt_ratio": 50.78,
            "inventory_turnover_ratio": 1.9,
            "account_receivable_turnover_ratio": null,
            "reinvestment_rate": null,
            "research_to_sale_ratio": null,
            "price_fair": 192.38,
            "eps_avg_yearly": 5.5,
            "eps_latest_yearly": 5.68,
            "eps_growth_yearly": 44.97
        },
        "20074": {
            "year_quarter": 20074,
            "year": 2007,
            "quarter": 4,
            "eps": 1.22,
            "eps_growth_year": -23.75,
            "eps_4q": 5.25,
            "eps_4q_growth_year": -16.05,
            "roe": 4.68,
            "roe_4q": 21.29,
            "gross_profit": 90369,
            "gross_margin": 17.03,
            "gross_margin_4q_avg": 15.15,
            "net_income": 84746,
            "net_income_4q": null,
            "revenue": 530564,
            "revenue_4q": null,
            "common_shares": 699899,
            "book_valuer_per_share": 26.63,
            "book_valuer_per_share_4q_avg": 26.21,
            "equity": 1863792,
            "current_ratio": 217.8,
            "debt_ratio": 57.29,
            "inventory_turnover_ratio": 0.72,
            "account_receivable_turnover_ratio": null,
            "reinvestment_rate": null,
            "research_to_sale_ratio": null,
            "price_fair": 190.72,
            "eps_avg_yearly": 5.45,
            "eps_latest_yearly": 4.88,
            "eps_growth_yearly": 37.18
        },
        "20081": {
            "year_quarter": 20081,
            "year": 2008,
            "quarter": 1,
            "eps": 0.46,
            "eps_growth_year": -63.49,
            "eps_4q": 4.54,
            "eps_4q_growth_year": -22.37,
            "roe": 1.72,
            "roe_4q": 18.2,
            "gross_profit": 207623,
            "gross_margin": 15.45,
            "gross_margin_4q_avg": 15.65,
            "net_income": 32055,
            "net_income_4q": null,
            "revenue": 1344090,
            "revenue_4q": null,
            "common_shares": 700749,
            "book_valuer_per_share": 26.52,
            "book_valuer_per_share_4q_avg": 26.05,
            "equity": 1858187,
            "current_ratio": 239.2,
            "debt_ratio": 54.97,
            "inventory_turnover_ratio": 1.19,
            "account_receivable_turnover_ratio": null,
            "reinvestment_rate": null,
            "research_to_sale_ratio": null,
            "price_fair": 138.73,
            "eps_avg_yearly": 5.19,
            "eps_latest_yearly": 1.84,
            "eps_growth_yearly": 16.72
        },
        "20082": {
            "year_quarter": 20082,
            "year": 2008,
            "quarter": 2,
            "eps": 1.35,
            "eps_growth_year": -15.09,
            "eps_4q": 4.43,
            "eps_4q_growth_year": -25.98,
            "roe": 5.08,
            "roe_4q": 17.28,
            "gross_profit": 211205,
            "gross_margin": 13.24,
            "gross_margin_4q_avg": 14.81,
            "net_income": 94610,
            "net_income_4q": null,
            "revenue": 1595558,
            "revenue_4q": null,
            "common_shares": 700749,
            "book_valuer_per_share": 26.61,
            "book_valuer_per_share_4q_avg": 26.23,
            "equity": 1864713,
            "current_ratio": 296.79,
            "debt_ratio": 56.82,
            "inventory_turnover_ratio": 1.55,
            "account_receivable_turnover_ratio": null,
            "reinvestment_rate": 51.08,
            "research_to_sale_ratio": null,
            "price_fair": 182.19,
            "eps_avg_yearly": 5.21,
            "eps_latest_yearly": 5.4,
            "eps_growth_yearly": 67.2
        },
        "20083": {
            "year_quarter": 20083,
            "year": 2008,
            "quarter": 3,
            "eps": 1.45,
            "eps_growth_year": 2.11,
            "eps_4q": 3.99,
            "eps_4q_growth_year": -27.28,
            "roe": 6.17,
            "roe_4q": 17.65,
            "gross_profit": 260860,
            "gross_margin": 14.8,
            "gross_margin_4q_avg": 15.13,
            "net_income": 120754,
            "net_income_4q": null,
            "revenue": 1762913,
            "revenue_4q": null,
            "common_shares": 835326,
            "book_valuer_per_share": 24.52,
            "book_valuer_per_share_4q_avg": 26.07,
            "equity": 2048299,
            "current_ratio": 293.55,
            "debt_ratio": 57.54,
            "inventory_turnover_ratio": 1.74,
            "account_receivable_turnover_ratio": null,
            "reinvestment_rate": 30.37,
            "research_to_sale_ratio": null,
            "price_fair": 183.49,
            "eps_avg_yearly": 5.24,
            "eps_latest_yearly": 5.8,
            "eps_growth_yearly": 64.85
        },
        "20084": {
            "year_quarter": 20084,
            "year": 2008,
            "quarter": 4,
            "eps": 0.13,
            "eps_growth_year": -89.34,
            "eps_4q": 2.56,
            "eps_4q_growth_year": -51.21,
            "roe": 0.64,
            "roe_4q": 13.610000000000001,
            "gross_profit": 91910,
            "gross_margin": 9.34,
            "gross_margin_4q_avg": 13.21,
            "net_income": 13101,
            "net_income_4q": null,
            "revenue": 984333,
            "revenue_4q": null,
            "common_shares": 835326,
            "book_valuer_per_share": 24.3,
            "book_valuer_per_share_4q_avg": 25.49,
            "equity": 2029728,
            "current_ratio": 281.07,
            "debt_ratio": 49.88,
            "inventory_turnover_ratio": 0.99,
            "account_receivable_turnover_ratio": 1.1,
            "reinvestment_rate": 26.28,
            "research_to_sale_ratio": null,
            "price_fair": 142.29,
            "eps_avg_yearly": 4.97,
            "eps_latest_yearly": 0.52,
            "eps_growth_yearly": 18.66
        },
        "20091": {
            "year_quarter": 20091,
            "year": 2009,
            "quarter": 1,
            "eps": 0.68,
            "eps_growth_year": 47.83,
            "eps_4q": 3.47,
            "eps_4q_growth_year": -23.65,
            "roe": 2.66,
            "roe_4q": 14.55,
            "gross_profit": 110730,
            "gross_margin": 12.88,
            "gross_margin_4q_avg": 12.57,
            "net_income": 55148,
            "net_income_4q": null,
            "revenue": 859758,
            "revenue_4q": null,
            "common_shares": 835326,
            "book_valuer_per_share": 25.4,
            "book_valuer_per_share_4q_avg": 25.21,
            "equity": 2122003,
            "current_ratio": 298.07,
            "debt_ratio": 48.27,
            "inventory_turnover_ratio": 0.83,
            "account_receivable_turnover_ratio": 0.57,
            "reinvestment_rate": 34.07,
            "research_to_sale_ratio": null,
            "price_fair": 172.11,
            "eps_avg_yearly": 4.92,
            "eps_latest_yearly": 2.72,
            "eps_growth_yearly": 131.89
        },
        "20092": {
            "year_quarter": 20092,
            "year": 2009,
            "quarter": 2,
            "eps": 1.55,
            "eps_growth_year": 14.81,
            "eps_4q": 3.87,
            "eps_4q_growth_year": -12.58,
            "roe": 5.76,
            "roe_4q": 15.23,
            "gross_profit": 259727,
            "gross_margin": 19.15,
            "gross_margin_4q_avg": 14.04,
            "net_income": 125827,
            "net_income_4q": null,
            "revenue": 1356095,
            "revenue_4q": null,
            "common_shares": 835326,
            "book_valuer_per_share": 26.5,
            "book_valuer_per_share_4q_avg": 25.18,
            "equity": 2246628,
            "current_ratio": 265.43,
            "debt_ratio": 47.91,
            "inventory_turnover_ratio": 1.27,
            "account_receivable_turnover_ratio": 0.94,
            "reinvestment_rate": 34.43,
            "research_to_sale_ratio": null,
            "price_fair": 175.09,
            "eps_avg_yearly": 5,
            "eps_latest_yearly": 6.2,
            "eps_growth_yearly": 154.1
        },
        "20093": {
            "year_quarter": 20093,
            "year": 2009,
            "quarter": 3,
            "eps": 1.68,
            "eps_growth_year": 15.86,
            "eps_4q": 3.93,
            "eps_4q_growth_year": -1.57,
            "roe": 5.89,
            "roe_4q": 14.95,
            "gross_profit": 292639,
            "gross_margin": 18.05,
            "gross_margin_4q_avg": 14.86,
            "net_income": 146205,
            "net_income_4q": null,
            "revenue": 1620884,
            "revenue_4q": null,
            "common_shares": 957984,
            "book_valuer_per_share": 27.63,
            "book_valuer_per_share_4q_avg": 25.96,
            "equity": 2717802,
            "current_ratio": 309.3,
            "debt_ratio": 42.44,
            "inventory_turnover_ratio": 1.35,
            "account_receivable_turnover_ratio": 0.89,
            "reinvestment_rate": 34.21,
            "research_to_sale_ratio": null,
            "price_fair": 179.55,
            "eps_avg_yearly": 5.13,
            "eps_latest_yearly": 6.72,
            "eps_growth_yearly": 157.03
        },
        "20094": {
            "year_quarter": 20094,
            "year": 2009,
            "quarter": 4,
            "eps": 0.78,
            "eps_growth_year": 500,
            "eps_4q": 4.08,
            "eps_4q_growth_year": 59.31,
            "roe": 2.37,
            "roe_4q": 16.68,
            "gross_profit": 190873,
            "gross_margin": 12.54,
            "gross_margin_4q_avg": 15.66,
            "net_income": 66730,
            "net_income_4q": null,
            "revenue": 1521993,
            "revenue_4q": null,
            "common_shares": 983717,
            "book_valuer_per_share": 28.97,
            "book_valuer_per_share_4q_avg": 27.13,
            "equity": 2916020,
            "current_ratio": 319.04,
            "debt_ratio": 39.02,
            "inventory_turnover_ratio": 1.28,
            "account_receivable_turnover_ratio": 1.2,
            "reinvestment_rate": 175.25,
            "research_to_sale_ratio": null,
            "price_fair": 175.26,
            "eps_avg_yearly": 5.01,
            "eps_latest_yearly": 3.12,
            "eps_growth_yearly": 141.5
        },
        "20101": {
            "year_quarter": 20101,
            "year": 2010,
            "quarter": 1,
            "eps": 0.93,
            "eps_growth_year": 36.76,
            "eps_4q": 4.41,
            "eps_4q_growth_year": 27.2,
            "roe": 2.88,
            "roe_4q": 16.9,
            "gross_profit": 248233,
            "gross_margin": 16.09,
            "gross_margin_4q_avg": 16.46,
            "net_income": 85962,
            "net_income_4q": null,
            "revenue": 1542543,
            "revenue_4q": null,
            "common_shares": 992344,
            "book_valuer_per_share": 30.07,
            "book_valuer_per_share_4q_avg": 28.29,
            "equity": 3045514,
            "current_ratio": 298.46,
            "debt_ratio": 40.51,
            "inventory_turnover_ratio": 1.12,
            "account_receivable_turnover_ratio": 0.6,
            "reinvestment_rate": 44.53,
            "research_to_sale_ratio": 1.4,
            "price_fair": 167.48,
            "eps_avg_yearly": 4.79,
            "eps_latest_yearly": 3.72,
            "eps_growth_yearly": 135.48
        },
        "20102": {
            "year_quarter": 20102,
            "year": 2010,
            "quarter": 2,
            "eps": 1.31,
            "eps_growth_year": -15.73,
            "eps_4q": 4.25,
            "eps_4q_growth_year": 9.95,
            "roe": 4.5,
            "roe_4q": 15.64,
            "gross_profit": 218641,
            "gross_margin": 11.47,
            "gross_margin_4q_avg": 14.54,
            "net_income": 135356,
            "net_income_4q": null,
            "revenue": 1906865,
            "revenue_4q": null,
            "common_shares": 992344,
            "book_valuer_per_share": 29.78,
            "book_valuer_per_share_4q_avg": 29.11,
            "equity": 2973218,
            "current_ratio": 265.63,
            "debt_ratio": 43.59,
            "inventory_turnover_ratio": 1.35,
            "account_receivable_turnover_ratio": 0.67,
            "reinvestment_rate": 169.99,
            "research_to_sale_ratio": 1.21,
            "price_fair": 165.9,
            "eps_avg_yearly": 4.74,
            "eps_latest_yearly": 5.24,
            "eps_growth_yearly": 150.22
        },
        "20103": {
            "year_quarter": 20103,
            "year": 2010,
            "quarter": 3,
            "eps": 1.02,
            "eps_growth_year": -39.46,
            "eps_4q": 3.86,
            "eps_4q_growth_year": -1.61,
            "roe": 3.52,
            "roe_4q": 13.27,
            "gross_profit": 279348,
            "gross_margin": 14.5,
            "gross_margin_4q_avg": 13.65,
            "net_income": 106058,
            "net_income_4q": null,
            "revenue": 1926093,
            "revenue_4q": null,
            "common_shares": 1054171,
            "book_valuer_per_share": 28.81,
            "book_valuer_per_share_4q_avg": 29.41,
            "equity": 3054172,
            "current_ratio": 250.24,
            "debt_ratio": 44.94,
            "inventory_turnover_ratio": 1.34,
            "account_receivable_turnover_ratio": 0.61,
            "reinvestment_rate": 172.85,
            "research_to_sale_ratio": 1.09,
            "price_fair": 161.26,
            "eps_avg_yearly": 4.61,
            "eps_latest_yearly": 4.08,
            "eps_growth_yearly": 143.68
        },
        "20104": {
            "year_quarter": 20104,
            "year": 2010,
            "quarter": 4,
            "eps": 0.57,
            "eps_growth_year": -26.32,
            "eps_4q": 3.77,
            "eps_4q_growth_year": -7.77,
            "roe": 1.99,
            "roe_4q": 12.89,
            "gross_profit": 233769,
            "gross_margin": 11.57,
            "gross_margin_4q_avg": 13.41,
            "net_income": 60500,
            "net_income_4q": null,
            "revenue": 2020870,
            "revenue_4q": null,
            "common_shares": 1054171,
            "book_valuer_per_share": 28.46,
            "book_valuer_per_share_4q_avg": 29.28,
            "equity": 3017128,
            "current_ratio": 234.4,
            "debt_ratio": 45.29,
            "inventory_turnover_ratio": 1.32,
            "account_receivable_turnover_ratio": 0.64,
            "reinvestment_rate": 153.65,
            "research_to_sale_ratio": 1.46,
            "price_fair": 152.25,
            "eps_avg_yearly": 4.35,
            "eps_latest_yearly": 2.28,
            "eps_growth_yearly": 131.85
        },
        "20111": {
            "year_quarter": 20111,
            "year": 2011,
            "quarter": 1,
            "eps": 1.03,
            "eps_growth_year": 10.75,
            "eps_4q": 3.93,
            "eps_4q_growth_year": -10.96,
            "roe": 3.49,
            "roe_4q": 13.5,
            "gross_profit": 249926,
            "gross_margin": 11.56,
            "gross_margin_4q_avg": 12.28,
            "net_income": 107768,
            "net_income_4q": null,
            "revenue": 2161779,
            "revenue_4q": null,
            "common_shares": 1054233,
            "book_valuer_per_share": 29.76,
            "book_valuer_per_share_4q_avg": 29.2,
            "equity": 3153100,
            "current_ratio": 227.82,
            "debt_ratio": 46.88,
            "inventory_turnover_ratio": 1.28,
            "account_receivable_turnover_ratio": 0.64,
            "reinvestment_rate": 170.38,
            "research_to_sale_ratio": 1.53,
            "price_fair": 150.24,
            "eps_avg_yearly": 4.29,
            "eps_latest_yearly": 4.12,
            "eps_growth_yearly": 157.34
        },
        "20112": {
            "year_quarter": 20112,
            "year": 2011,
            "quarter": 2,
            "eps": 1.26,
            "eps_growth_year": -3.49,
            "eps_4q": 3.75,
            "eps_4q_growth_year": -11.73,
            "roe": 4.45,
            "roe_4q": 13.45,
            "gross_profit": 305751,
            "gross_margin": 12.03,
            "gross_margin_4q_avg": 12.42,
            "net_income": 138480,
            "net_income_4q": null,
            "revenue": 2541282,
            "revenue_4q": null,
            "common_shares": 1054233,
            "book_valuer_per_share": 29.05,
            "book_valuer_per_share_4q_avg": 29.02,
            "equity": 3077106,
            "current_ratio": 209.59,
            "debt_ratio": 51.51,
            "inventory_turnover_ratio": 1.42,
            "account_receivable_turnover_ratio": 0.65,
            "reinvestment_rate": 174.42,
            "research_to_sale_ratio": 1.14,
            "price_fair": 147.35,
            "eps_avg_yearly": 4.21,
            "eps_latest_yearly": 5.04,
            "eps_growth_yearly": 156.37
        },
        "20113": {
            "year_quarter": 20113,
            "year": 2011,
            "quarter": 3,
            "eps": 1.55,
            "eps_growth_year": 52.07,
            "eps_4q": 4.18,
            "eps_4q_growth_year": 8.14,
            "roe": 5.34,
            "roe_4q": 15.27,
            "gross_profit": 283969,
            "gross_margin": 11.78,
            "gross_margin_4q_avg": 11.74,
            "net_income": 180273,
            "net_income_4q": null,
            "revenue": 2410592,
            "revenue_4q": null,
            "common_shares": 1188763,
            "book_valuer_per_share": 31.13,
            "book_valuer_per_share_4q_avg": 29.6,
            "equity": 3672130,
            "current_ratio": 235.07,
            "debt_ratio": 46.67,
            "inventory_turnover_ratio": 1.3,
            "account_receivable_turnover_ratio": 0.56,
            "reinvestment_rate": 187.27,
            "research_to_sale_ratio": 0.97,
            "price_fair": 148.49,
            "eps_avg_yearly": 4.24,
            "eps_latest_yearly": 6.2,
            "eps_growth_yearly": 164.8
        },
        "20114": {
            "year_quarter": 20114,
            "year": 2011,
            "quarter": 4,
            "eps": 0.72,
            "eps_growth_year": 24.63,
            "eps_4q": 4.39,
            "eps_4q_growth_year": 16.46,
            "roe": 2.26,
            "roe_4q": 15.540000000000001,
            "gross_profit": 265115,
            "gross_margin": 13.45,
            "gross_margin_4q_avg": 12.21,
            "net_income": 83765,
            "net_income_4q": null,
            "revenue": 1971051,
            "revenue_4q": null,
            "common_shares": 1188762,
            "book_valuer_per_share": 31.78,
            "book_valuer_per_share_4q_avg": 30.43,
            "equity": 3727898,
            "current_ratio": 271.77,
            "debt_ratio": 41.86,
            "inventory_turnover_ratio": 1.05,
            "account_receivable_turnover_ratio": 0.49,
            "reinvestment_rate": 175.42,
            "research_to_sale_ratio": 1.23,
            "price_fair": 144.11,
            "eps_avg_yearly": 4.12,
            "eps_latest_yearly": 2.88,
            "eps_growth_yearly": 154.93
        },
        "20121": {
            "year_quarter": 20121,
            "year": 2012,
            "quarter": 1,
            "eps": 0.72,
            "eps_growth_year": -30.1,
            "eps_4q": 4.17,
            "eps_4q_growth_year": 6.22,
            "roe": 2.24,
            "roe_4q": 14.29,
            "gross_profit": 246550,
            "gross_margin": 13.96,
            "gross_margin_4q_avg": 12.81,
            "net_income": 83913,
            "net_income_4q": null,
            "revenue": 1765577,
            "revenue_4q": null,
            "common_shares": 1188762,
            "book_valuer_per_share": 32.08,
            "book_valuer_per_share_4q_avg": 31.01,
            "equity": 3762311,
            "current_ratio": 303.95,
            "debt_ratio": 38.88,
            "inventory_turnover_ratio": 0.95,
            "account_receivable_turnover_ratio": 0.52,
            "reinvestment_rate": 168.12,
            "research_to_sale_ratio": 0.94,
            "price_fair": 146.39,
            "eps_avg_yearly": 4.18,
            "eps_latest_yearly": 2.88,
            "eps_growth_yearly": 170.51
        },
        "20122": {
            "year_quarter": 20122,
            "year": 2012,
            "quarter": 2,
            "eps": 0.89,
            "eps_growth_year": -29.79,
            "eps_4q": 3.87,
            "eps_4q_growth_year": 3,
            "roe": 2.84,
            "roe_4q": 12.68,
            "gross_profit": 255091,
            "gross_margin": 13.32,
            "gross_margin_4q_avg": 13.13,
            "net_income": 103814,
            "net_income_4q": null,
            "revenue": 1915442,
            "revenue_4q": null,
            "common_shares": 1188762,
            "book_valuer_per_share": 30.2,
            "book_valuer_per_share_4q_avg": 31.3,
            "equity": 3542286,
            "current_ratio": 285.22,
            "debt_ratio": 40.64,
            "inventory_turnover_ratio": 1.01,
            "account_receivable_turnover_ratio": 0.61,
            "reinvestment_rate": 156.63,
            "research_to_sale_ratio": 0.98,
            "price_fair": 142.36,
            "eps_avg_yearly": 4.07,
            "eps_latest_yearly": 3.56,
            "eps_growth_yearly": 128.04
        },
        "20123": {
            "year_quarter": 20123,
            "year": 2012,
            "quarter": 3,
            "eps": 0.74,
            "eps_growth_year": -52.3,
            "eps_4q": 3.05,
            "eps_4q_growth_year": -26.87,
            "roe": 2.43,
            "roe_4q": 9.77,
            "gross_profit": 208289,
            "gross_margin": 11.87,
            "gross_margin_4q_avg": 13.15,
            "net_income": 86534,
            "net_income_4q": null,
            "revenue": 1754175,
            "revenue_4q": null,
            "common_shares": 1188762,
            "book_valuer_per_share": 30.63,
            "book_valuer_per_share_4q_avg": 31.17,
            "equity": 3593011,
            "current_ratio": 349.82,
            "debt_ratio": 35.55,
            "inventory_turnover_ratio": 1.02,
            "account_receivable_turnover_ratio": 0.59,
            "reinvestment_rate": 166.92,
            "research_to_sale_ratio": 1,
            "price_fair": 136.15,
            "eps_avg_yearly": 3.89,
            "eps_latest_yearly": 2.96,
            "eps_growth_yearly": 121.97
        },
        "20124": {
            "year_quarter": 20124,
            "year": 2012,
            "quarter": 4,
            "eps": 0.66,
            "eps_growth_year": -7.15,
            "eps_4q": 3,
            "eps_4q_growth_year": -31.52,
            "roe": 2.15,
            "roe_4q": 9.66,
            "gross_profit": 240669,
            "gross_margin": 14.54,
            "gross_margin_4q_avg": 13.42,
            "net_income": 77996,
            "net_income_4q": null,
            "revenue": 1654741,
            "revenue_4q": null,
            "common_shares": 1188762,
            "book_valuer_per_share": 31.28,
            "book_valuer_per_share_4q_avg": 31.05,
            "equity": 3668781,
            "current_ratio": 376.38,
            "debt_ratio": 34.04,
            "inventory_turnover_ratio": 1.14,
            "account_receivable_turnover_ratio": 0.6,
            "reinvestment_rate": 158.52,
            "research_to_sale_ratio": 0.94,
            "price_fair": 140.79,
            "eps_avg_yearly": 4.02,
            "eps_latest_yearly": 2.64,
            "eps_growth_yearly": 142.03
        },
        "20131": {
            "year_quarter": 20131,
            "year": 2013,
            "quarter": 1,
            "eps": 1.08,
            "eps_growth_year": 50,
            "eps_4q": 3.36,
            "eps_4q_growth_year": -19.39,
            "roe": 3.36,
            "roe_4q": 10.78,
            "gross_profit": 243065,
            "gross_margin": 16.44,
            "gross_margin_4q_avg": 14.04,
            "net_income": 126288,
            "net_income_4q": null,
            "revenue": 1478595,
            "revenue_4q": null,
            "common_shares": 1188762,
            "book_valuer_per_share": 32.9,
            "book_valuer_per_share_4q_avg": 31.25,
            "equity": 3858629,
            "current_ratio": 366.17,
            "debt_ratio": 34.8,
            "inventory_turnover_ratio": 1.02,
            "account_receivable_turnover_ratio": 0.59,
            "reinvestment_rate": 2.06,
            "research_to_sale_ratio": 1.43,
            "price_fair": 144.29,
            "eps_avg_yearly": 4.12,
            "eps_latest_yearly": 4.32,
            "eps_growth_yearly": 52.17
        },
        "20132": {
            "year_quarter": 20132,
            "year": 2013,
            "quarter": 2,
            "eps": 0.74,
            "eps_growth_year": -16.4,
            "eps_4q": 3.22,
            "eps_4q_growth_year": -16.7,
            "roe": 2.28,
            "roe_4q": 10.219999999999999,
            "gross_profit": 216278,
            "gross_margin": 14.74,
            "gross_margin_4q_avg": 14.4,
            "net_income": 86993,
            "net_income_4q": null,
            "revenue": 1467622,
            "revenue_4q": null,
            "common_shares": 1188762,
            "book_valuer_per_share": 32.02,
            "book_valuer_per_share_4q_avg": 31.71,
            "equity": 3756010,
            "current_ratio": 289.13,
            "debt_ratio": 39.5,
            "inventory_turnover_ratio": 1.01,
            "account_receivable_turnover_ratio": 0.67,
            "reinvestment_rate": 13.35,
            "research_to_sale_ratio": 1.41,
            "price_fair": 87.47,
            "eps_avg_yearly": 3.92,
            "eps_latest_yearly": 2.96,
            "eps_growth_yearly": 12.31
        },
        "20133": {
            "year_quarter": 20133,
            "year": 2013,
            "quarter": 3,
            "eps": 0.49,
            "eps_growth_year": -33.59,
            "eps_4q": 2.98,
            "eps_4q_growth_year": -2.56,
            "roe": 1.53,
            "roe_4q": 9.32,
            "gross_profit": 205130,
            "gross_margin": 14.13,
            "gross_margin_4q_avg": 14.96,
            "net_income": 57805,
            "net_income_4q": null,
            "revenue": 1451833,
            "revenue_4q": null,
            "common_shares": 1188762,
            "book_valuer_per_share": 32.28,
            "book_valuer_per_share_4q_avg": 32.12,
            "equity": 3785500,
            "current_ratio": 328.74,
            "debt_ratio": 36.15,
            "inventory_turnover_ratio": 1.16,
            "account_receivable_turnover_ratio": 0.72,
            "reinvestment_rate": 12.9,
            "research_to_sale_ratio": 1.7,
            "price_fair": 42.64,
            "eps_avg_yearly": 3.62,
            "eps_latest_yearly": 1.96,
            "eps_growth_yearly": 1.77
        },
        "20134": {
            "year_quarter": 20134,
            "year": 2013,
            "quarter": 4,
            "eps": 0.71,
            "eps_growth_year": 6.2,
            "eps_4q": 3.02,
            "eps_4q_growth_year": 0.47,
            "roe": 2.16,
            "roe_4q": 9.33,
            "gross_profit": 221701,
            "gross_margin": 15.08,
            "gross_margin_4q_avg": 15.1,
            "net_income": 82835,
            "net_income_4q": null,
            "revenue": 1470219,
            "revenue_4q": null,
            "common_shares": 1188762,
            "book_valuer_per_share": 33.16,
            "book_valuer_per_share_4q_avg": 32.59,
            "equity": 3889678,
            "current_ratio": 259.55,
            "debt_ratio": 36.62,
            "inventory_turnover_ratio": 1.18,
            "account_receivable_turnover_ratio": 0.79,
            "reinvestment_rate": -120.88,
            "research_to_sale_ratio": 2,
            "price_fair": 126.18,
            "eps_avg_yearly": 3.61,
            "eps_latest_yearly": 2.84,
            "eps_growth_yearly": 26.39
        },
        "20141": {
            "year_quarter": 20141,
            "year": 2014,
            "quarter": 1,
            "eps": 0.81,
            "eps_growth_year": -25,
            "eps_4q": 2.74,
            "eps_4q_growth_year": -18.66,
            "roe": 2.4,
            "roe_4q": 8.370000000000001,
            "gross_profit": 210318,
            "gross_margin": 15.2,
            "gross_margin_4q_avg": 14.79,
            "net_income": 95197,
            "net_income_4q": null,
            "revenue": 1383902,
            "revenue_4q": null,
            "common_shares": 1195522,
            "book_valuer_per_share": 34.28,
            "book_valuer_per_share_4q_avg": 32.94,
            "equity": 4043374,
            "current_ratio": 306.19,
            "debt_ratio": 31.96,
            "inventory_turnover_ratio": 1.09,
            "account_receivable_turnover_ratio": 0.74,
            "reinvestment_rate": 2.08,
            "research_to_sale_ratio": 1.53,
            "price_fair": 125.13,
            "eps_avg_yearly": 3.58,
            "eps_latest_yearly": 3.24,
            "eps_growth_yearly": 25.1
        },
        "20142": {
            "year_quarter": 20142,
            "year": 2014,
            "quarter": 2,
            "eps": 0.59,
            "eps_growth_year": -20.27,
            "eps_4q": 2.53,
            "eps_4q_growth_year": -21.47,
            "roe": 1.78,
            "roe_4q": 7.87,
            "gross_profit": 234252,
            "gross_margin": 16.53,
            "gross_margin_4q_avg": 15.24,
            "net_income": 71490,
            "net_income_4q": null,
            "revenue": 1416740,
            "revenue_4q": null,
            "common_shares": 1230773,
            "book_valuer_per_share": 32.71,
            "book_valuer_per_share_4q_avg": 33.11,
            "equity": 3973804,
            "current_ratio": 288.62,
            "debt_ratio": 33.47,
            "inventory_turnover_ratio": 1.11,
            "account_receivable_turnover_ratio": 0.74,
            "reinvestment_rate": -116.6,
            "research_to_sale_ratio": 1.81,
            "price_fair": 61.44,
            "eps_avg_yearly": 3.4,
            "eps_latest_yearly": 2.36,
            "eps_growth_yearly": 8.1
        },
        "20143": {
            "year_quarter": 20143,
            "year": 2014,
            "quarter": 3,
            "eps": 0.67,
            "eps_growth_year": 36.73,
            "eps_4q": 2.72,
            "eps_4q_growth_year": -8.72,
            "roe": 1.99,
            "roe_4q": 8.33,
            "gross_profit": 223614,
            "gross_margin": 14.22,
            "gross_margin_4q_avg": 15.26,
            "net_income": 80529,
            "net_income_4q": null,
            "revenue": 1572752,
            "revenue_4q": null,
            "common_shares": 1230773,
            "book_valuer_per_share": 33.75,
            "book_valuer_per_share_4q_avg": 33.48,
            "equity": 4100389,
            "current_ratio": 274,
            "debt_ratio": 35.09,
            "inventory_turnover_ratio": 1.19,
            "account_receivable_turnover_ratio": 0.79,
            "reinvestment_rate": -121.99,
            "research_to_sale_ratio": 1.25,
            "price_fair": 89.37,
            "eps_avg_yearly": 3.31,
            "eps_latest_yearly": 2.68,
            "eps_growth_yearly": 17.02
        },
        "20144": {
            "year_quarter": 20144,
            "year": 2014,
            "quarter": 4,
            "eps": 0.48,
            "eps_growth_year": -31.65,
            "eps_4q": 2.52,
            "eps_4q_growth_year": -16.57,
            "roe": 1.41,
            "roe_4q": 7.58,
            "gross_profit": 181891,
            "gross_margin": 12.98,
            "gross_margin_4q_avg": 14.73,
            "net_income": 58647,
            "net_income_4q": null,
            "revenue": 1401106,
            "revenue_4q": null,
            "common_shares": 1214893,
            "book_valuer_per_share": 35.42,
            "book_valuer_per_share_4q_avg": 34.04,
            "equity": 4246771,
            "current_ratio": 294.01,
            "debt_ratio": 36.02,
            "inventory_turnover_ratio": 1.05,
            "account_receivable_turnover_ratio": 0.71,
            "reinvestment_rate": -90.9,
            "research_to_sale_ratio": 1.41,
            "price_fair": 101.7,
            "eps_avg_yearly": 3.29,
            "eps_latest_yearly": 1.92,
            "eps_growth_yearly": 20.96
        },
        "20151": {
            "year_quarter": 20151,
            "year": 2015,
            "quarter": 1,
            "eps": 0.26,
            "eps_growth_year": -67.9,
            "eps_4q": 1.99,
            "eps_4q_growth_year": -27.23,
            "roe": 0.74,
            "roe_4q": 5.92,
            "gross_profit": 178684,
            "gross_margin": 13.8,
            "gross_margin_4q_avg": 14.38,
            "net_income": 31282,
            "net_income_4q": null,
            "revenue": 1294563,
            "revenue_4q": null,
            "common_shares": 1214893,
            "book_valuer_per_share": 34.86,
            "book_valuer_per_share_4q_avg": 34.19,
            "equity": 4235433,
            "current_ratio": 295.47,
            "debt_ratio": 35.88,
            "inventory_turnover_ratio": 0.94,
            "account_receivable_turnover_ratio": 0.7,
            "reinvestment_rate": -103.81,
            "research_to_sale_ratio": 1.43,
            "price_fair": 9.28,
            "eps_avg_yearly": 3.09,
            "eps_latest_yearly": 1.04,
            "eps_growth_yearly": -10.67
        },
        "20152": {
            "year_quarter": 20152,
            "year": 2015,
            "quarter": 2,
            "eps": 0.15,
            "eps_growth_year": -74.58,
            "eps_4q": 1.55,
            "eps_4q_growth_year": -38.59,
            "roe": 0.44,
            "roe_4q": 4.58,
            "gross_profit": 145970,
            "gross_margin": 12.84,
            "gross_margin_4q_avg": 13.46,
            "net_income": 18268,
            "net_income_4q": null,
            "revenue": 1136681,
            "revenue_4q": null,
            "common_shares": 1214893,
            "book_valuer_per_share": 32.73,
            "book_valuer_per_share_4q_avg": 34.19,
            "equity": 3976724,
            "current_ratio": 250.57,
            "debt_ratio": 40.61,
            "inventory_turnover_ratio": 0.88,
            "account_receivable_turnover_ratio": 0.67,
            "reinvestment_rate": -123.08,
            "research_to_sale_ratio": 1.61,
            "price_fair": 8.45,
            "eps_avg_yearly": 2.82,
            "eps_latest_yearly": 0.6,
            "eps_growth_yearly": -26.83
        },
        "20153": {
            "year_quarter": 20153,
            "year": 2015,
            "quarter": 3,
            "eps": 0.3,
            "eps_growth_year": -55.22,
            "eps_4q": 1.22,
            "eps_4q_growth_year": -55.26,
            "roe": 0.9,
            "roe_4q": 3.49,
            "gross_profit": 179945,
            "gross_margin": 16.09,
            "gross_margin_4q_avg": 13.93,
            "net_income": 35897,
            "net_income_4q": null,
            "revenue": 1118167,
            "revenue_4q": null,
            "common_shares": 1214893,
            "book_valuer_per_share": 33.81,
            "book_valuer_per_share_4q_avg": 34.21,
            "equity": 4007777,
            "current_ratio": 265.96,
            "debt_ratio": 38.76,
            "inventory_turnover_ratio": 0.94,
            "account_receivable_turnover_ratio": 0.67,
            "reinvestment_rate": -162.9,
            "research_to_sale_ratio": 1.72,
            "price_fair": 7.51,
            "eps_avg_yearly": 2.5,
            "eps_latest_yearly": 1.2,
            "eps_growth_yearly": -7.59
        },
        "20154": {
            "year_quarter": 20154,
            "year": 2015,
            "quarter": 4,
            "eps": 0.23,
            "eps_growth_year": -52.11,
            "eps_4q": 0.95,
            "eps_4q_growth_year": -62.19,
            "roe": 0.69,
            "roe_4q": 2.7699999999999996,
            "gross_profit": 164077,
            "gross_margin": 13.86,
            "gross_margin_4q_avg": 14.15,
            "net_income": 27793,
            "net_income_4q": null,
            "revenue": 1183731,
            "revenue_4q": null,
            "common_shares": 1214893,
            "book_valuer_per_share": 33.73,
            "book_valuer_per_share_4q_avg": 33.78,
            "equity": 4022791,
            "current_ratio": 279.03,
            "debt_ratio": 37.98,
            "inventory_turnover_ratio": 1.08,
            "account_receivable_turnover_ratio": 0.72,
            "reinvestment_rate": -170.27,
            "research_to_sale_ratio": 1.47,
            "price_fair": 7.14,
            "eps_avg_yearly": 2.38,
            "eps_latest_yearly": 0.92,
            "eps_growth_yearly": -0.03
        },
        "20161": {
            "year_quarter": 20161,
            "year": 2016,
            "quarter": 1,
            "eps": 0.51,
            "eps_growth_year": 96.15,
            "eps_4q": 1.22,
            "eps_4q_growth_year": -38.86,
            "roe": 1.51,
            "roe_4q": 3.54,
            "gross_profit": 191875,
            "gross_margin": 18.56,
            "gross_margin_4q_avg": 15.34,
            "net_income": 60493,
            "net_income_4q": null,
            "revenue": 1033959,
            "revenue_4q": null,
            "common_shares": 1214893,
            "book_valuer_per_share": 34.13,
            "book_valuer_per_share_4q_avg": 33.6,
            "equity": 4006486,
            "current_ratio": 273.68,
            "debt_ratio": 37.58,
            "inventory_turnover_ratio": 0.8,
            "account_receivable_turnover_ratio": 0.67,
            "reinvestment_rate": -166.91,
            "research_to_sale_ratio": 2.03,
            "price_fair": 81.46,
            "eps_avg_yearly": 2.33,
            "eps_latest_yearly": 2.04,
            "eps_growth_yearly": 30.4
        },
        "20162": {
            "year_quarter": 20162,
            "year": 2016,
            "quarter": 2,
            "eps": 0.67,
            "eps_growth_year": 346.67,
            "eps_4q": 1.74,
            "eps_4q_growth_year": 11.71,
            "roe": 1.99,
            "roe_4q": 5.09,
            "gross_profit": 204177,
            "gross_margin": 18.21,
            "gross_margin_4q_avg": 16.68,
            "net_income": 78739,
            "net_income_4q": null,
            "revenue": 1121057,
            "revenue_4q": null,
            "common_shares": 1214893,
            "book_valuer_per_share": 33.35,
            "book_valuer_per_share_4q_avg": 33.76,
            "equity": 3914776,
            "current_ratio": 259.62,
            "debt_ratio": 39.39,
            "inventory_turnover_ratio": 0.78,
            "account_receivable_turnover_ratio": 0.75,
            "reinvestment_rate": -134.81,
            "research_to_sale_ratio": 1.67,
            "price_fair": 79.54,
            "eps_avg_yearly": 2.27,
            "eps_latest_yearly": 2.68,
            "eps_growth_yearly": 32.34
        },
        "20163": {
            "year_quarter": 20163,
            "year": 2016,
            "quarter": 3,
            "eps": 0.66,
            "eps_growth_year": 120,
            "eps_4q": 2.1,
            "eps_4q_growth_year": 72.92,
            "roe": 1.97,
            "roe_4q": 6.16,
            "gross_profit": 228938,
            "gross_margin": 16.73,
            "gross_margin_4q_avg": 16.84,
            "net_income": 76956,
            "net_income_4q": null,
            "revenue": 1368110,
            "revenue_4q": null,
            "common_shares": 1214893,
            "book_valuer_per_share": 33.34,
            "book_valuer_per_share_4q_avg": 33.64,
            "equity": 3890773,
            "current_ratio": 287.63,
            "debt_ratio": 37.46,
            "inventory_turnover_ratio": 0.91,
            "account_receivable_turnover_ratio": 0.87,
            "reinvestment_rate": -147.03,
            "research_to_sale_ratio": 2.12,
            "price_fair": 78.84,
            "eps_avg_yearly": 2.25,
            "eps_latest_yearly": 2.64,
            "eps_growth_yearly": 36.18
        },
        "20164": {
            "year_quarter": 20164,
            "year": 2016,
            "quarter": 4,
            "eps": 0.26,
            "eps_growth_year": 13.46,
            "eps_4q": 2.14,
            "eps_4q_growth_year": 124.46,
            "roe": 0.81,
            "roe_4q": 6.28,
            "gross_profit": 168213,
            "gross_margin": 13.13,
            "gross_margin_4q_avg": 16.66,
            "net_income": 31827,
            "net_income_4q": null,
            "revenue": 1281396,
            "revenue_4q": null,
            "common_shares": 1214893,
            "book_valuer_per_share": 33.66,
            "book_valuer_per_share_4q_avg": 33.62,
            "equity": 3957059,
            "current_ratio": 275.32,
            "debt_ratio": 38.5,
            "inventory_turnover_ratio": 0.81,
            "account_receivable_turnover_ratio": 0.75,
            "reinvestment_rate": -147.65,
            "research_to_sale_ratio": 1.81,
            "price_fair": 72.61,
            "eps_avg_yearly": 2.15,
            "eps_latest_yearly": 1.04,
            "eps_growth_yearly": 23.73
        },
        "20171": {
            "year_quarter": 20171,
            "year": 2017,
            "quarter": 1,
            "eps": 0.22,
            "eps_growth_year": -56.86,
            "eps_4q": 1.73,
            "eps_4q_growth_year": 41.83,
            "roe": 0.63,
            "roe_4q": 5.4,
            "gross_profit": 192783,
            "gross_margin": 15.62,
            "gross_margin_4q_avg": 15.92,
            "net_income": 24938,
            "net_income_4q": null,
            "revenue": 1234432,
            "revenue_4q": null,
            "common_shares": 1214893,
            "book_valuer_per_share": 32.68,
            "book_valuer_per_share_4q_avg": 33.26,
            "equity": 3940295,
            "current_ratio": 250.26,
            "debt_ratio": 40.57,
            "inventory_turnover_ratio": 0.71,
            "account_receivable_turnover_ratio": 0.75,
            "reinvestment_rate": 121.25,
            "research_to_sale_ratio": 1.54,
            "price_fair": 27.08,
            "eps_avg_yearly": 1.94,
            "eps_latest_yearly": 0.88,
            "eps_growth_yearly": 3.98
        },
        "20172": {
            "year_quarter": 20172,
            "year": 2017,
            "quarter": 2,
            "eps": 0.23,
            "eps_growth_year": -65.67,
            "eps_4q": 1.35,
            "eps_4q_growth_year": -22.25,
            "roe": 0.72,
            "roe_4q": 4.13,
            "gross_profit": 170977,
            "gross_margin": 13.74,
            "gross_margin_4q_avg": 14.81,
            "net_income": 27464,
            "net_income_4q": null,
            "revenue": 1244821,
            "revenue_4q": null,
            "common_shares": 1214893,
            "book_valuer_per_share": 30.95,
            "book_valuer_per_share_4q_avg": 32.66,
            "equity": 3729160,
            "current_ratio": 220.93,
            "debt_ratio": 44.45,
            "inventory_turnover_ratio": 0.72,
            "account_receivable_turnover_ratio": 0.8,
            "reinvestment_rate": 108.07,
            "research_to_sale_ratio": 1.42,
            "price_fair": 41.6,
            "eps_avg_yearly": 1.81,
            "eps_latest_yearly": 0.92,
            "eps_growth_yearly": 12.98
        },
        "20173": {
            "year_quarter": 20173,
            "year": 2017,
            "quarter": 3,
            "eps": 0.19,
            "eps_growth_year": -71.21,
            "eps_4q": 0.89,
            "eps_4q_growth_year": -57.83,
            "roe": 0.58,
            "roe_4q": 2.7399999999999998,
            "gross_profit": 142536,
            "gross_margin": 9.91,
            "gross_margin_4q_avg": 13.1,
            "net_income": 21952,
            "net_income_4q": null,
            "revenue": 1438293,
            "revenue_4q": null,
            "common_shares": 1214893,
            "book_valuer_per_share": 31.36,
            "book_valuer_per_share_4q_avg": 32.16,
            "equity": 3778031,
            "current_ratio": 231.7,
            "debt_ratio": 42.89,
            "inventory_turnover_ratio": 0.89,
            "account_receivable_turnover_ratio": 0.86,
            "reinvestment_rate": 119.18,
            "research_to_sale_ratio": 1.19,
            "price_fair": 46.99,
            "eps_avg_yearly": 1.74,
            "eps_latest_yearly": 0.76,
            "eps_growth_yearly": 17.08
        },
        "20174": {
            "year_quarter": 20174,
            "year": 2017,
            "quarter": 4,
            "eps": 0.14,
            "eps_growth_year": -47.24,
            "eps_4q": 0.77,
            "eps_4q_growth_year": -64.02,
            "roe": 0.44,
            "roe_4q": 2.37,
            "gross_profit": 129788,
            "gross_margin": 9.69,
            "gross_margin_4q_avg": 12.24,
            "net_income": 16501,
            "net_income_4q": null,
            "revenue": 1338769,
            "revenue_4q": null,
            "common_shares": 1214893,
            "book_valuer_per_share": 31.05,
            "book_valuer_per_share_4q_avg": 31.51,
            "equity": 3752325,
            "current_ratio": 225.2,
            "debt_ratio": 43.5,
            "inventory_turnover_ratio": 0.81,
            "account_receivable_turnover_ratio": 0.76,
            "reinvestment_rate": 128.25,
            "research_to_sale_ratio": 1.91,
            "price_fair": 4.78,
            "eps_avg_yearly": 1.59,
            "eps_latest_yearly": 0.56,
            "eps_growth_yearly": -0.72
        },
        "20181": {
            "year_quarter": 20181,
            "year": 2018,
            "quarter": 1,
            "eps": -0.37,
            "eps_growth_year": -268.18,
            "eps_4q": 0.19,
            "eps_4q_growth_year": -88.93,
            "roe": -1.16,
            "roe_4q": 0.58,
            "gross_profit": 139952,
            "gross_margin": 10.21,
            "gross_margin_4q_avg": 10.89,
            "net_income": -43298,
            "net_income_4q": null,
            "revenue": 1371348,
            "revenue_4q": null,
            "common_shares": 1214893,
            "book_valuer_per_share": 30.78,
            "book_valuer_per_share_4q_avg": 31.04,
            "equity": 3720591,
            "current_ratio": 224.24,
            "debt_ratio": 44.26,
            "inventory_turnover_ratio": 0.79,
            "account_receivable_turnover_ratio": 0.8,
            "reinvestment_rate": 152.79,
            "research_to_sale_ratio": 1.28,
            "price_fair": 4.45,
            "eps_avg_yearly": 1.48,
            "eps_latest_yearly": 0.56,
            "eps_growth_yearly": -4.52
        },
        "20182": {
            "year_quarter": 20182,
            "year": 2018,
            "quarter": 2,
            "eps": 0.43,
            "eps_growth_year": 86.96,
            "eps_4q": 0.39,
            "eps_4q_growth_year": -71.11,
            "roe": 1.42,
            "roe_4q": 1.2799999999999998,
            "gross_profit": 146960,
            "gross_margin": 10.48,
            "gross_margin_4q_avg": 10.07,
            "net_income": 52417,
            "net_income_4q": null,
            "revenue": 1402354,
            "revenue_4q": null,
            "common_shares": 1214893,
            "book_valuer_per_share": 30.23,
            "book_valuer_per_share_4q_avg": 30.86,
            "equity": 3654863,
            "current_ratio": 209.01,
            "debt_ratio": 46.04,
            "inventory_turnover_ratio": 0.78,
            "account_receivable_turnover_ratio": 0.83,
            "reinvestment_rate": 153.09,
            "research_to_sale_ratio": 1.45,
            "price_fair": 18.34,
            "eps_avg_yearly": 1.42,
            "eps_latest_yearly": 0.56,
            "eps_growth_yearly": 2.91
        },
        "20183": {
            "year_quarter": 20183,
            "year": 2018,
            "quarter": 3,
            "eps": 0.17,
            "eps_growth_year": -10.53,
            "eps_4q": 0.37,
            "eps_4q_growth_year": -57.71,
            "roe": 0.55,
            "roe_4q": 1.25,
            "gross_profit": 150906,
            "gross_margin": 10.37,
            "gross_margin_4q_avg": 10.19,
            "net_income": 20122,
            "net_income_4q": null,
            "revenue": 1455010,
            "revenue_4q": null,
            "common_shares": 1214893,
            "book_valuer_per_share": 29.92,
            "book_valuer_per_share_4q_avg": 30.5,
            "equity": 3618154,
            "current_ratio": 205.92,
            "debt_ratio": 46.17,
            "inventory_turnover_ratio": 0.79,
            "account_receivable_turnover_ratio": 0.82,
            "reinvestment_rate": 165.92,
            "research_to_sale_ratio": 1.47,
            "price_fair": 3.83,
            "eps_avg_yearly": 1.28,
            "eps_latest_yearly": 0.68,
            "eps_growth_yearly": -18.24
        },
        "20184": {
            "year_quarter": 20184,
            "year": 2018,
            "quarter": 4,
            "eps": 0.12,
            "eps_growth_year": -14.64,
            "eps_4q": 0.35,
            "eps_4q_growth_year": -53.88,
            "roe": 0.38,
            "roe_4q": 1.1900000000000002,
            "gross_profit": 118495,
            "gross_margin": 9.68,
            "gross_margin_4q_avg": 10.19,
            "net_income": 13839,
            "net_income_4q": null,
            "revenue": 1223542,
            "revenue_4q": null,
            "common_shares": 1214893,
            "book_valuer_per_share": 30.16,
            "book_valuer_per_share_4q_avg": 30.27,
            "equity": 3641463,
            "current_ratio": 218.64,
            "debt_ratio": 43.66,
            "inventory_turnover_ratio": 0.68,
            "account_receivable_turnover_ratio": 0.71,
            "reinvestment_rate": 101.67,
            "research_to_sale_ratio": 1.71,
            "price_fair": 3.52,
            "eps_avg_yearly": 1.17,
            "eps_latest_yearly": 0.48,
            "eps_growth_yearly": -18.54
        },
        "20191": {
            "year_quarter": 20191,
            "year": 2019,
            "quarter": 1,
            "eps": 0.16,
            "eps_growth_year": null,
            "eps_4q": 0.88,
            "eps_4q_growth_year": 358.56,
            "roe": 0.54,
            "roe_4q": 2.89,
            "gross_profit": 141769,
            "gross_margin": 11.59,
            "gross_margin_4q_avg": 10.53,
            "net_income": 19864,
            "net_income_4q": null,
            "revenue": 1222719,
            "revenue_4q": null,
            "common_shares": 1214893,
            "book_valuer_per_share": 30.67,
            "book_valuer_per_share_4q_avg": 30.25,
            "equity": 3696625,
            "current_ratio": 218.09,
            "debt_ratio": 43.71,
            "inventory_turnover_ratio": 0.69,
            "account_receivable_turnover_ratio": 0.76,
            "reinvestment_rate": 104,
            "research_to_sale_ratio": 1.62,
            "price_fair": 16.13,
            "eps_avg_yearly": 1.15,
            "eps_latest_yearly": 0.64,
            "eps_growth_yearly": 4.08
        },
        "20192": {
            "year_quarter": 20192,
            "year": 2019,
            "quarter": 2,
            "eps": 0.56,
            "eps_growth_year": 30.23,
            "eps_4q": 1.01,
            "eps_4q_growth_year": 158.59,
            "roe": 1.78,
            "roe_4q": 3.25,
            "gross_profit": 203876,
            "gross_margin": 15.32,
            "gross_margin_4q_avg": 11.74,
            "net_income": 64628,
            "net_income_4q": null,
            "revenue": 1330784,
            "revenue_4q": null,
            "common_shares": 1195503,
            "book_valuer_per_share": 30.12,
            "book_valuer_per_share_4q_avg": 30.22,
            "equity": 3575025,
            "current_ratio": 179.57,
            "debt_ratio": 47.37,
            "inventory_turnover_ratio": 0.74,
            "account_receivable_turnover_ratio": 0.83,
            "reinvestment_rate": 143.99,
            "research_to_sale_ratio": 1.42,
            "price_fair": 44.2,
            "eps_avg_yearly": 1.26,
            "eps_latest_yearly": 2.24,
            "eps_growth_yearly": 87.6
        },
        "20193": {
            "year_quarter": 20193,
            "year": 2019,
            "quarter": 3,
            "eps": 0.7,
            "eps_growth_year": 311.76,
            "eps_4q": 1.54,
            "eps_4q_growth_year": 310.13,
            "roe": 2.39,
            "roe_4q": 5.09,
            "gross_profit": 148095,
            "gross_margin": 11.14,
            "gross_margin_4q_avg": 11.93,
            "net_income": 85784,
            "net_income_4q": null,
            "revenue": 1329931,
            "revenue_4q": null,
            "common_shares": 1195503,
            "book_valuer_per_share": 30.42,
            "book_valuer_per_share_4q_avg": 30.34,
            "equity": 3607407,
            "current_ratio": 217.57,
            "debt_ratio": 43.36,
            "inventory_turnover_ratio": 0.83,
            "account_receivable_turnover_ratio": 0.78,
            "reinvestment_rate": 128.69,
            "research_to_sale_ratio": 1.27,
            "price_fair": 48.2,
            "eps_avg_yearly": 1.38,
            "eps_latest_yearly": 2.8,
            "eps_growth_yearly": 66.17
        },
        "20194": {
            "year_quarter": 20194,
            "year": 2019,
            "quarter": 4,
            "eps": 0.01,
            "eps_growth_year": -89.89,
            "eps_4q": 1.43,
            "eps_4q_growth_year": 303.61,
            "roe": 0.04,
            "roe_4q": 4.75,
            "gross_profit": 149623,
            "gross_margin": 11.15,
            "gross_margin_4q_avg": 12.3,
            "net_income": 1475,
            "net_income_4q": null,
            "revenue": 1341372,
            "revenue_4q": null,
            "common_shares": 1182653,
            "book_valuer_per_share": 30.05,
            "book_valuer_per_share_4q_avg": 30.32,
            "equity": 3563787,
            "current_ratio": 208.25,
            "debt_ratio": 43.98,
            "inventory_turnover_ratio": 0.92,
            "account_receivable_turnover_ratio": 0.78,
            "reinvestment_rate": 129.44,
            "research_to_sale_ratio": 1.24,
            "price_fair": 46,
            "eps_avg_yearly": 1.31,
            "eps_latest_yearly": 0.04,
            "eps_growth_yearly": 44.67
        },
        "20201": {
            "year_quarter": 20201,
            "year": 2020,
            "quarter": 1,
            "eps": 0.1,
            "eps_growth_year": -37.5,
            "eps_4q": 1.38,
            "eps_4q_growth_year": 56.99,
            "roe": 0.33,
            "roe_4q": 4.54,
            "gross_profit": 109194,
            "gross_margin": 11.23,
            "gross_margin_4q_avg": 12.21,
            "net_income": 11578,
            "net_income_4q": null,
            "revenue": 972651,
            "revenue_4q": null,
            "common_shares": 1182653,
            "book_valuer_per_share": 29.85,
            "book_valuer_per_share_4q_avg": 30.11,
            "equity": 3530497,
            "current_ratio": 193.1,
            "debt_ratio": 45.21,
            "inventory_turnover_ratio": 0.69,
            "account_receivable_turnover_ratio": 0.64,
            "reinvestment_rate": 140.86,
            "research_to_sale_ratio": 1.71,
            "price_fair": 41.9,
            "eps_avg_yearly": 1.2,
            "eps_latest_yearly": 0.4,
            "eps_growth_yearly": 267.03
        },
        "20202": {
            "year_quarter": 20202,
            "year": 2020,
            "quarter": 2,
            "eps": 0.31,
            "eps_growth_year": -44.64,
            "eps_4q": 1.13,
            "eps_4q_growth_year": 12.32,
            "roe": 1.06,
            "roe_4q": 3.8200000000000003,
            "gross_profit": 161171,
            "gross_margin": 12.92,
            "gross_margin_4q_avg": 11.61,
            "net_income": 37109,
            "net_income_4q": null,
            "revenue": 1247617,
            "revenue_4q": null,
            "common_shares": 1182653,
            "book_valuer_per_share": 29.14,
            "book_valuer_per_share_4q_avg": 29.87,
            "equity": 3439000,
            "current_ratio": 180.25,
            "debt_ratio": 46.5,
            "inventory_turnover_ratio": 0.91,
            "account_receivable_turnover_ratio": 0.87,
            "reinvestment_rate": 129.62,
            "research_to_sale_ratio": 1.35,
            "price_fair": 38.3,
            "eps_avg_yearly": 1.09,
            "eps_latest_yearly": 1.24,
            "eps_growth_yearly": 318.07
        },
        "20203": {
            "year_quarter": 20203,
            "year": 2020,
            "quarter": 3,
            "eps": 0.59,
            "eps_growth_year": -15.71,
            "eps_4q": 1.01,
            "eps_4q_growth_year": -34.07,
            "roe": 1.98,
            "roe_4q": 3.41,
            "gross_profit": 209208,
            "gross_margin": 13.9,
            "gross_margin_4q_avg": 12.3,
            "net_income": 69332,
            "net_income_4q": null,
            "revenue": 1505222,
            "revenue_4q": null,
            "common_shares": 1182653,
            "book_valuer_per_share": 29.99,
            "book_valuer_per_share_4q_avg": 29.76,
            "equity": 3547859,
            "current_ratio": 179.8,
            "debt_ratio": 45.99,
            "inventory_turnover_ratio": 1.15,
            "account_receivable_turnover_ratio": 0.91,
            "reinvestment_rate": 148.92,
            "research_to_sale_ratio": 1.07,
            "price_fair": 37.6,
            "eps_avg_yearly": 1.07,
            "eps_latest_yearly": 2.36,
            "eps_growth_yearly": 344.3
        },
        "20204": {
            "year_quarter": 20204,
            "year": 2020,
            "quarter": 4,
            "eps": 0.51,
            "eps_growth_year": 4201.05,
            "eps_4q": 1.52,
            "eps_4q_growth_year": 5.87,
            "roe": 1.68,
            "roe_4q": 5.050000000000001,
            "gross_profit": 192251,
            "gross_margin": 12.36,
            "gross_margin_4q_avg": 12.6,
            "net_income": 60514,
            "net_income_4q": null,
            "revenue": 1555098,
            "revenue_4q": null,
            "common_shares": 1182653,
            "book_valuer_per_share": 31.03,
            "book_valuer_per_share_4q_avg": 30,
            "equity": 3671295,
            "current_ratio": 237.33,
            "debt_ratio": 44.65,
            "inventory_turnover_ratio": 1.16,
            "account_receivable_turnover_ratio": 0.82,
            "reinvestment_rate": 126.46,
            "research_to_sale_ratio": 1.16,
            "price_fair": 40.1,
            "eps_avg_yearly": 1.15,
            "eps_latest_yearly": 2.04,
            "eps_growth_yearly": 357.74
        },
        "20211": {
            "year_quarter": 20211,
            "year": 2021,
            "quarter": 1,
            "eps": 1.04,
            "eps_growth_year": 940,
            "eps_4q": 2.43,
            "eps_4q_growth_year": 76.4,
            "roe": 3.27,
            "roe_4q": 7.99,
            "gross_profit": 269274,
            "gross_margin": 15.73,
            "gross_margin_4q_avg": 13.73,
            "net_income": 122615,
            "net_income_4q": null,
            "revenue": 1712243,
            "revenue_4q": null,
            "common_shares": 1195436,
            "book_valuer_per_share": 31.92,
            "book_valuer_per_share_4q_avg": 30.52,
            "equity": 3817604,
            "current_ratio": 218.58,
            "debt_ratio": 45.34,
            "inventory_turnover_ratio": 1.11,
            "account_receivable_turnover_ratio": 0.83,
            "reinvestment_rate": 103.73,
            "research_to_sale_ratio": 1.01,
            "price_fair": 48.3,
            "eps_avg_yearly": 1.38,
            "eps_latest_yearly": 4.16,
            "eps_growth_yearly": 391.83
        },
        "20212": {
            "year_quarter": 20212,
            "year": 2021,
            "quarter": 2,
            "eps": 1.21,
            "eps_growth_year": 290.32,
            "eps_4q": 3.16,
            "eps_4q_growth_year": 179.47,
            "roe": 3.69,
            "roe_4q": 10.620000000000001,
            "gross_profit": 328195,
            "gross_margin": 18,
            "gross_margin_4q_avg": 15,
            "net_income": 145633,
            "net_income_4q": null,
            "revenue": 1823254,
            "revenue_4q": null,
            "common_shares": 1280122,
            "book_valuer_per_share": 32.42,
            "book_valuer_per_share_4q_avg": 31.34,
            "equity": 4081862,
            "current_ratio": 196.45,
            "debt_ratio": 44.85,
            "inventory_turnover_ratio": 1.05,
            "account_receivable_turnover_ratio": 0.82,
            "reinvestment_rate": 79.48,
            "research_to_sale_ratio": 1,
            "price_fair": 58.1,
            "eps_avg_yearly": 1.66,
            "eps_latest_yearly": 4.84,
            "eps_growth_yearly": 395.2
        },
        "20213": {
            "year_quarter": 20213,
            "year": 2021,
            "quarter": 3,
            "eps": 1.51,
            "eps_growth_year": 155.93,
            "eps_4q": 3.91,
            "eps_4q_growth_year": 286.06,
            "roe": 4.46,
            "roe_4q": 13.1,
            "gross_profit": 355463,
            "gross_margin": 16.07,
            "gross_margin_4q_avg": 15.54,
            "net_income": 185611,
            "net_income_4q": null,
            "revenue": 2212046,
            "revenue_4q": null,
            "common_shares": 1334463,
            "book_valuer_per_share": 32.23,
            "book_valuer_per_share_4q_avg": 31.9,
            "equity": 4234393,
            "current_ratio": 175.28,
            "debt_ratio": 45.49,
            "inventory_turnover_ratio": 1.24,
            "account_receivable_turnover_ratio": 0.88,
            "reinvestment_rate": 68.81,
            "research_to_sale_ratio": 0.84,
            "price_fair": 71.3,
            "eps_avg_yearly": 2.04,
            "eps_latest_yearly": 6.04,
            "eps_growth_yearly": 407.26
        },
        "20214": {
            "year_quarter": 20214,
            "year": 2021,
            "quarter": 4,
            "eps": 1.23,
            "eps_growth_year": 138.58,
            "eps_4q": 4.66,
            "eps_4q_growth_year": 207.46,
            "roe": 3.71,
            "roe_4q": 15.129999999999999,
            "gross_profit": 366609,
            "gross_margin": 14.52,
            "gross_margin_4q_avg": 16.08,
            "net_income": 160751,
            "net_income_4q": null,
            "revenue": 2524580,
            "revenue_4q": null,
            "common_shares": 1341164,
            "book_valuer_per_share": 33.63,
            "book_valuer_per_share_4q_avg": 32.55,
            "equity": 4439956,
            "current_ratio": 179.62,
            "debt_ratio": 47.45,
            "inventory_turnover_ratio": 1.43,
            "account_receivable_turnover_ratio": 0.86,
            "reinvestment_rate": 53.09,
            "research_to_sale_ratio": 1.55,
            "price_fair": 82.2,
            "eps_avg_yearly": 2.35,
            "eps_latest_yearly": 4.92,
            "eps_growth_yearly": 409.48
        },
        "20221": {
            "year_quarter": 20221,
            "year": 2022,
            "quarter": 1,
            "eps": 2.87,
            "eps_growth_year": 175.96,
            "eps_4q": 6.65,
            "eps_4q_growth_year": 173.92,
            "roe": 8.23,
            "roe_4q": 20.090000000000003,
            "gross_profit": 315926,
            "gross_margin": 12.14,
            "gross_margin_4q_avg": 15.18,
            "net_income": 385118,
            "net_income_4q": null,
            "revenue": 2603207,
            "revenue_4q": null,
            "common_shares": 1342375,
            "book_valuer_per_share": 37.26,
            "book_valuer_per_share_4q_avg": 33.89,
            "equity": 4921585,
            "current_ratio": 187.93,
            "debt_ratio": 46.14,
            "inventory_turnover_ratio": 1.34,
            "account_receivable_turnover_ratio": 0.8,
            "reinvestment_rate": 40.04,
            "research_to_sale_ratio": 0.81,
            "price_fair": 103.51,
            "eps_avg_yearly": 2.96,
            "eps_latest_yearly": 11.48,
            "eps_growth_yearly": 417.73
        },
        "20222": {
            "year_quarter": 20222,
            "year": 2022,
            "quarter": 2,
            "eps": 1.03,
            "eps_growth_year": -14.88,
            "eps_4q": 6.58,
            "eps_4q_growth_year": 107.95,
            "roe": 2.82,
            "roe_4q": 19.220000000000002,
            "gross_profit": 289815,
            "gross_margin": 12.83,
            "gross_margin_4q_avg": 13.89,
            "net_income": 135665,
            "net_income_4q": null,
            "revenue": 2258709,
            "revenue_4q": null,
            "common_shares": 1342375,
            "book_valuer_per_share": 35.61,
            "book_valuer_per_share_4q_avg": 34.68,
            "equity": 4705535,
            "current_ratio": 178.06,
            "debt_ratio": 47.88,
            "inventory_turnover_ratio": 1,
            "account_receivable_turnover_ratio": 0.71,
            "reinvestment_rate": 38.72,
            "research_to_sale_ratio": 0.91,
            "price_fair": 106.05,
            "eps_avg_yearly": 3.03,
            "eps_latest_yearly": 4.12,
            "eps_growth_yearly": 375.6
        },
        "20223": {
            "year_quarter": 20223,
            "year": 2022,
            "quarter": 3,
            "eps": 0.42,
            "eps_growth_year": -72.19,
            "eps_4q": 5.59,
            "eps_4q_growth_year": 42.88,
            "roe": 1.15,
            "roe_4q": 15.91,
            "gross_profit": 136235,
            "gross_margin": 7.06,
            "gross_margin_4q_avg": 11.64,
            "net_income": 54754,
            "net_income_4q": null,
            "revenue": 1929583,
            "revenue_4q": null,
            "common_shares": 1342375,
            "book_valuer_per_share": 36.24,
            "book_valuer_per_share_4q_avg": 35.69,
            "equity": 4788308,
            "current_ratio": 202.09,
            "debt_ratio": 42.13,
            "inventory_turnover_ratio": 0.98,
            "account_receivable_turnover_ratio": 0.68,
            "reinvestment_rate": 37.77,
            "research_to_sale_ratio": 1.07,
            "price_fair": 108.24,
            "eps_avg_yearly": 3.09,
            "eps_latest_yearly": 1.68,
            "eps_growth_yearly": 375.91
        },
        "20224": {
            "year_quarter": 20224,
            "year": 2022,
            "quarter": 4,
            "eps": -0.33,
            "eps_growth_year": -126.94,
            "eps_4q": 4.04,
            "eps_4q_growth_year": -13.34,
            "roe": -0.91,
            "roe_4q": 11.29,
            "gross_profit": 124292,
            "gross_margin": 7.64,
            "gross_margin_4q_avg": 9.92,
            "net_income": -43435,
            "net_income_4q": null,
            "revenue": 1627283,
            "revenue_4q": null,
            "common_shares": 1342375,
            "book_valuer_per_share": 35.73,
            "book_valuer_per_share_4q_avg": 36.21,
            "equity": 4720920,
            "current_ratio": 202.11,
            "debt_ratio": 40.22,
            "inventory_turnover_ratio": 0.98,
            "account_receivable_turnover_ratio": 0.68,
            "reinvestment_rate": 50.4,
            "research_to_sale_ratio": 1.6,
            "price_fair": 114.33,
            "eps_avg_yearly": 3.27,
            "eps_latest_yearly": 1.68,
            "eps_growth_yearly": 408.81
        },
        "20231": {
            "year_quarter": 20231,
            "year": 2023,
            "quarter": 1,
            "eps": 0.31,
            "eps_growth_year": -89.2,
            "eps_4q": 1.42,
            "eps_4q_growth_year": -78.58,
            "roe": 0.87,
            "roe_4q": 3.9299999999999997,
            "gross_profit": 226397,
            "gross_margin": 15.11,
            "gross_margin_4q_avg": 10.66,
            "net_income": 41745,
            "net_income_4q": null,
            "revenue": 1498056,
            "revenue_4q": null,
            "common_shares": 1342375,
            "book_valuer_per_share": 36.74,
            "book_valuer_per_share_4q_avg": 36.08,
            "equity": 4854979,
            "current_ratio": 214.61,
            "debt_ratio": 36.81,
            "inventory_turnover_ratio": 0.92,
            "account_receivable_turnover_ratio": 0.72,
            "reinvestment_rate": 48.88,
            "research_to_sale_ratio": 1.21,
            "price_fair": 120.9,
            "eps_avg_yearly": 3.45,
            "eps_latest_yearly": 1.68,
            "eps_growth_yearly": 428.49
        },
        "20232": {
            "year_quarter": 20232,
            "year": 2023,
            "quarter": 2,
            "eps": 0.69,
            "eps_growth_year": -33.01,
            "eps_4q": 1.08,
            "eps_4q_growth_year": -83.51,
            "roe": 1.9,
            "roe_4q": 3.01,
            "gross_profit": 230525,
            "gross_margin": 14.97,
            "gross_margin_4q_avg": 11.2,
            "net_income": 90065,
            "net_income_4q": null,
            "revenue": 1539795,
            "revenue_4q": null,
            "common_shares": 1342375,
            "book_valuer_per_share": 35.08,
            "book_valuer_per_share_4q_avg": 35.95,
            "equity": 4634775,
            "current_ratio": 169.17,
            "debt_ratio": 43.08,
            "inventory_turnover_ratio": 1.04,
            "account_receivable_turnover_ratio": 0.78,
            "reinvestment_rate": 33.8,
            "research_to_sale_ratio": 1.19,
            "price_fair": 122.2,
            "eps_avg_yearly": 3.49,
            "eps_latest_yearly": 2.76,
            "eps_growth_yearly": 392.08
        },
        "20233": {
            "year_quarter": 20233,
            "year": 2023,
            "quarter": 3,
            "eps": 0.58,
            "eps_growth_year": 38.1,
            "eps_4q": 1.25,
            "eps_4q_growth_year": -77.57,
            "roe": 1.63,
            "roe_4q": 3.4899999999999993,
            "gross_profit": 247214,
            "gross_margin": 15.06,
            "gross_margin_4q_avg": 13.2,
            "net_income": 76424,
            "net_income_4q": null,
            "revenue": 1641248,
            "revenue_4q": null,
            "common_shares": 1342375,
            "book_valuer_per_share": 36.08,
            "book_valuer_per_share_4q_avg": 35.91,
            "equity": 4767264,
            "current_ratio": 179.75,
            "debt_ratio": 41.02,
            "inventory_turnover_ratio": 1.1,
            "account_receivable_turnover_ratio": 0.81,
            "reinvestment_rate": 31.69,
            "research_to_sale_ratio": 1.19,
            "price_fair": 121,
            "eps_avg_yearly": 3.46,
            "eps_latest_yearly": 2.32,
            "eps_growth_yearly": 380.38
        }
    },
    "months": {
        "2004-06": {
            "month": "2004-06",
            "price": "23.86",
            "revenue": 62554
        },
        "2004-07": {
            "month": "2004-07",
            "price": "25.83",
            "revenue": 56165
        },
        "2004-08": {
            "month": "2004-08",
            "price": "25.17",
            "revenue": 72049
        },
        "2004-09": {
            "month": "2004-09",
            "price": "24.33",
            "revenue": 71677
        },
        "2004-10": {
            "month": "2004-10",
            "price": "25.00",
            "revenue": 77601
        },
        "2004-11": {
            "month": "2004-11",
            "price": "23.90",
            "revenue": 75730
        },
        "2004-12": {
            "month": "2004-12",
            "price": "23.66",
            "revenue": 62839
        },
        "2005-02": {
            "month": "2005-02",
            "price": "24.78",
            "revenue": 52915
        },
        "2005-03": {
            "month": "2005-03",
            "price": "29.74",
            "revenue": 51218
        },
        "2005-04": {
            "month": "2005-04",
            "price": "32.99",
            "revenue": 64397
        },
        "2005-05": {
            "month": "2005-05",
            "price": "32.86",
            "revenue": 66953
        },
        "2005-06": {
            "month": "2005-06",
            "price": "32.10",
            "revenue": 61878
        },
        "2005-07": {
            "month": "2005-07",
            "price": "52.30",
            "revenue": 62868
        },
        "2005-08": {
            "month": "2005-08",
            "price": "66.39",
            "revenue": 81084
        },
        "2005-09": {
            "month": "2005-09",
            "price": "57.97",
            "revenue": 213800
        },
        "2005-10": {
            "month": "2005-10",
            "price": "63.60",
            "revenue": 183898
        },
        "2005-11": {
            "month": "2005-11",
            "price": "75.43",
            "revenue": 194907
        },
        "2005-12": {
            "month": "2005-12",
            "price": "109.32",
            "revenue": 208119
        },
        "2006-01": {
            "month": "2006-01",
            "price": "115.83",
            "revenue": 207541
        },
        "2006-02": {
            "month": "2006-02",
            "price": "114.68",
            "revenue": 183072
        },
        "2006-03": {
            "month": "2006-03",
            "price": "120.35",
            "revenue": 244336
        },
        "2006-04": {
            "month": "2006-04",
            "price": "131.87",
            "revenue": 304390
        },
        "2006-05": {
            "month": "2006-05",
            "price": "147.90",
            "revenue": 299776
        },
        "2006-06": {
            "month": "2006-06",
            "price": "146.84",
            "revenue": 314493
        },
        "2006-07": {
            "month": "2006-07",
            "price": "143.45",
            "revenue": 324317
        },
        "2006-08": {
            "month": "2006-08",
            "price": "115.61",
            "revenue": 350601
        },
        "2006-09": {
            "month": "2006-09",
            "price": "118.50",
            "revenue": 383397
        },
        "2006-10": {
            "month": "2006-10",
            "price": "104.76",
            "revenue": 341866
        },
        "2006-11": {
            "month": "2006-11",
            "price": "99.05",
            "revenue": 333093
        },
        "2006-12": {
            "month": "2006-12",
            "price": "96.53",
            "revenue": 345419
        },
        "2007-01": {
            "month": "2007-01",
            "price": "109.26",
            "revenue": 303024
        },
        "2007-02": {
            "month": "2007-02",
            "price": "100.49",
            "revenue": 266479
        },
        "2007-03": {
            "month": "2007-03",
            "price": "94.09",
            "revenue": 345388
        },
        "2007-04": {
            "month": "2007-04",
            "price": "94.88",
            "revenue": 337621
        },
        "2007-05": {
            "month": "2007-05",
            "price": "84.67",
            "revenue": 338883
        },
        "2007-06": {
            "month": "2007-06",
            "price": "84.29",
            "revenue": 377402
        },
        "2007-07": {
            "month": "2007-07",
            "price": "100.82",
            "revenue": 401062
        },
        "2007-08": {
            "month": "2007-08",
            "price": "88.94",
            "revenue": 456100
        },
        "2007-09": {
            "month": "2007-09",
            "price": "72.03",
            "revenue": 502797
        },
        "2007-10": {
            "month": "2007-10",
            "price": "70.86",
            "revenue": 558662
        },
        "2007-11": {
            "month": "2007-11",
            "price": "58.85",
            "revenue": 518164
        },
        "2007-12": {
            "month": "2007-12",
            "price": "56.32",
            "revenue": 405083
        },
        "2008-01": {
            "month": "2008-01",
            "price": "48.65",
            "revenue": 464285
        },
        "2008-02": {
            "month": "2008-02",
            "price": "45.83",
            "revenue": 357271
        },
        "2008-03": {
            "month": "2008-03",
            "price": "47.72",
            "revenue": 522534
        },
        "2008-04": {
            "month": "2008-04",
            "price": "52.72",
            "revenue": 546643
        },
        "2008-05": {
            "month": "2008-05",
            "price": "58.08",
            "revenue": 542735
        },
        "2008-06": {
            "month": "2008-06",
            "price": "60.79",
            "revenue": 559249
        },
        "2008-07": {
            "month": "2008-07",
            "price": "50.88",
            "revenue": 600800
        },
        "2008-08": {
            "month": "2008-08",
            "price": "51.21",
            "revenue": 532175
        },
        "2008-09": {
            "month": "2008-09",
            "price": "40.72",
            "revenue": 576868
        },
        "2008-10": {
            "month": "2008-10",
            "price": "31.72",
            "revenue": 445697
        },
        "2008-11": {
            "month": "2008-11",
            "price": "23.65",
            "revenue": 315050
        },
        "2008-12": {
            "month": "2008-12",
            "price": "22.16",
            "revenue": 243072
        },
        "2009-01": {
            "month": "2009-01",
            "price": "22.55",
            "revenue": 229975
        },
        "2009-02": {
            "month": "2009-02",
            "price": "26.40",
            "revenue": 276358
        },
        "2009-03": {
            "month": "2009-03",
            "price": "29.74",
            "revenue": 353425
        },
        "2009-04": {
            "month": "2009-04",
            "price": "32.25",
            "revenue": 424111
        },
        "2009-05": {
            "month": "2009-05",
            "price": "40.54",
            "revenue": 433208
        },
        "2009-06": {
            "month": "2009-06",
            "price": "44.19",
            "revenue": 476735
        },
        "2009-07": {
            "month": "2009-07",
            "price": "62.50",
            "revenue": 504128
        },
        "2009-08": {
            "month": "2009-08",
            "price": "73.66",
            "revenue": 541163
        },
        "2009-09": {
            "month": "2009-09",
            "price": "74.12",
            "revenue": 575593
        },
        "2009-10": {
            "month": "2009-10",
            "price": "62.87",
            "revenue": 516315
        },
        "2009-11": {
            "month": "2009-11",
            "price": "61.51",
            "revenue": 483063
        },
        "2009-12": {
            "month": "2009-12",
            "price": "66.37",
            "revenue": 492903
        },
        "2010-01": {
            "month": "2010-01",
            "price": "65.48",
            "revenue": 533671
        },
        "2010-02": {
            "month": "2010-02",
            "price": "55.79",
            "revenue": 464186
        },
        "2010-03": {
            "month": "2010-03",
            "price": "60.17",
            "revenue": 544686
        },
        "2010-04": {
            "month": "2010-04",
            "price": "61.71",
            "revenue": 611755
        },
        "2010-05": {
            "month": "2010-05",
            "price": "54.35",
            "revenue": 623569
        },
        "2010-06": {
            "month": "2010-06",
            "price": "51.76",
            "revenue": 587230
        },
        "2010-07": {
            "month": "2010-07",
            "price": "53.58",
            "revenue": 632432
        },
        "2010-08": {
            "month": "2010-08",
            "price": "53.85",
            "revenue": 634933
        },
        "2010-09": {
            "month": "2010-09",
            "price": "52.65",
            "revenue": 658727
        },
        "2010-10": {
            "month": "2010-10",
            "price": "52.84",
            "revenue": 664824
        },
        "2010-11": {
            "month": "2010-11",
            "price": "50.10",
            "revenue": 652338
        },
        "2010-12": {
            "month": "2010-12",
            "price": "52.06",
            "revenue": 723599
        },
        "2011-01": {
            "month": "2011-01",
            "price": "51.03",
            "revenue": 739162
        },
        "2011-02": {
            "month": "2011-02",
            "price": "52.14",
            "revenue": 592507
        },
        "2011-03": {
            "month": "2011-03",
            "price": "52.35",
            "revenue": 829711
        },
        "2011-04": {
            "month": "2011-04",
            "price": "52.51",
            "revenue": 877891
        },
        "2011-05": {
            "month": "2011-05",
            "price": "50.07",
            "revenue": 841536
        },
        "2011-06": {
            "month": "2011-06",
            "price": "49.91",
            "revenue": 816125
        },
        "2011-07": {
            "month": "2011-07",
            "price": "52.33",
            "revenue": 766017
        },
        "2011-08": {
            "month": "2011-08",
            "price": "48.01",
            "revenue": 820199
        },
        "2011-09": {
            "month": "2011-09",
            "price": "39.19",
            "revenue": 824376
        },
        "2011-10": {
            "month": "2011-10",
            "price": "36.10",
            "revenue": 711511
        },
        "2011-11": {
            "month": "2011-11",
            "price": "36.07",
            "revenue": 612566
        },
        "2011-12": {
            "month": "2011-12",
            "price": "33.12",
            "revenue": 629544
        },
        "2012-01": {
            "month": "2012-01",
            "price": "36.93",
            "revenue": 503932
        },
        "2012-02": {
            "month": "2012-02",
            "price": "41.99",
            "revenue": 578825
        },
        "2012-03": {
            "month": "2012-03",
            "price": "42.11",
            "revenue": 645814
        },
        "2012-04": {
            "month": "2012-04",
            "price": "38.92",
            "revenue": 660203
        },
        "2012-05": {
            "month": "2012-05",
            "price": "35.97",
            "revenue": 689042
        },
        "2012-06": {
            "month": "2012-06",
            "price": "35.72",
            "revenue": 616191
        },
        "2012-07": {
            "month": "2012-07",
            "price": "34.40",
            "revenue": 576172
        },
        "2012-08": {
            "month": "2012-08",
            "price": "34.29",
            "revenue": 583918
        },
        "2012-09": {
            "month": "2012-09",
            "price": "35.35",
            "revenue": 587942
        },
        "2012-10": {
            "month": "2012-10",
            "price": "33.98",
            "revenue": 581477
        },
        "2012-11": {
            "month": "2012-11",
            "price": "30.77",
            "revenue": 554220
        },
        "2012-12": {
            "month": "2012-12",
            "price": "31.71",
            "revenue": 523321
        },
        "2013-01": {
            "month": "2013-01",
            "price": "32.06",
            "revenue": 600845
        },
        "2013-02": {
            "month": "2013-02",
            "price": "32.75",
            "revenue": 403346
        },
        "2013-03": {
            "month": "2013-03",
            "price": "32.84",
            "revenue": 440268
        },
        "2013-04": {
            "month": "2013-04",
            "price": "31.08",
            "revenue": 490358
        },
        "2013-05": {
            "month": "2013-05",
            "price": "33.32",
            "revenue": 500274
        },
        "2013-06": {
            "month": "2013-06",
            "price": "32.51",
            "revenue": 507178
        },
        "2013-07": {
            "month": "2013-07",
            "price": "33.50",
            "revenue": 489949
        },
        "2013-08": {
            "month": "2013-08",
            "price": "32.20",
            "revenue": 470018
        },
        "2013-09": {
            "month": "2013-09",
            "price": "31.92",
            "revenue": 510515
        },
        "2013-10": {
            "month": "2013-10",
            "price": "33.72",
            "revenue": 471211
        },
        "2013-11": {
            "month": "2013-11",
            "price": "32.91",
            "revenue": 463893
        },
        "2013-12": {
            "month": "2013-12",
            "price": "33.13",
            "revenue": 500115
        },
        "2014-01": {
            "month": "2014-01",
            "price": "36.86",
            "revenue": 510886
        },
        "2014-02": {
            "month": "2014-02",
            "price": "40.31",
            "revenue": 417515
        },
        "2014-03": {
            "month": "2014-03",
            "price": "41.75",
            "revenue": 460114
        },
        "2014-04": {
            "month": "2014-04",
            "price": "41.58",
            "revenue": 460617
        },
        "2014-05": {
            "month": "2014-05",
            "price": "39.85",
            "revenue": 466524
        },
        "2014-06": {
            "month": "2014-06",
            "price": "37.84",
            "revenue": 480106
        },
        "2014-07": {
            "month": "2014-07",
            "price": "35.89",
            "revenue": 523594
        },
        "2014-08": {
            "month": "2014-08",
            "price": "35.60",
            "revenue": 526259
        },
        "2014-09": {
            "month": "2014-09",
            "price": "35.47",
            "revenue": 513500
        },
        "2014-10": {
            "month": "2014-10",
            "price": "32.75",
            "revenue": 501270
        },
        "2014-11": {
            "month": "2014-11",
            "price": "31.80",
            "revenue": 460514
        },
        "2014-12": {
            "month": "2014-12",
            "price": "32.10",
            "revenue": 446760
        },
        "2015-01": {
            "month": "2015-01",
            "price": "33.41",
            "revenue": 491076
        },
        "2015-02": {
            "month": "2015-02",
            "price": "32.55",
            "revenue": 401107
        },
        "2015-03": {
            "month": "2015-03",
            "price": "32.78",
            "revenue": 403798
        },
        "2015-04": {
            "month": "2015-04",
            "price": "32.90",
            "revenue": 411006
        },
        "2015-05": {
            "month": "2015-05",
            "price": "30.31",
            "revenue": 342313
        },
        "2015-06": {
            "month": "2015-06",
            "price": "27.92",
            "revenue": 380021
        },
        "2015-07": {
            "month": "2015-07",
            "price": "26.52",
            "revenue": 370431
        },
        "2015-08": {
            "month": "2015-08",
            "price": "23.77",
            "revenue": 360624
        },
        "2015-09": {
            "month": "2015-09",
            "price": "24.37",
            "revenue": 387491
        },
        "2015-10": {
            "month": "2015-10",
            "price": "23.86",
            "revenue": 393766
        },
        "2015-11": {
            "month": "2015-11",
            "price": "23.46",
            "revenue": 378353
        },
        "2015-12": {
            "month": "2015-12",
            "price": "23.92",
            "revenue": 374871
        },
        "2016-01": {
            "month": "2016-01",
            "price": "23.07",
            "revenue": 383734
        },
        "2016-02": {
            "month": "2016-02",
            "price": "25.38",
            "revenue": 310876
        },
        "2016-03": {
            "month": "2016-03",
            "price": "24.85",
            "revenue": 337142
        },
        "2016-04": {
            "month": "2016-04",
            "price": "23.40",
            "revenue": 339197
        },
        "2016-05": {
            "month": "2016-05",
            "price": "20.75",
            "revenue": 372632
        },
        "2016-06": {
            "month": "2016-06",
            "price": "22.05",
            "revenue": 388408
        },
        "2016-07": {
            "month": "2016-07",
            "price": "22.88",
            "revenue": 405636
        },
        "2016-08": {
            "month": "2016-08",
            "price": "26.85",
            "revenue": 450578
        },
        "2016-09": {
            "month": "2016-09",
            "price": "29.29",
            "revenue": 480377
        },
        "2016-10": {
            "month": "2016-10",
            "price": "30.44",
            "revenue": 462672
        },
        "2016-11": {
            "month": "2016-11",
            "price": "28.77",
            "revenue": 452010
        },
        "2016-12": {
            "month": "2016-12",
            "price": "29.97",
            "revenue": 411205
        },
        "2017-01": {
            "month": "2017-01",
            "price": "33.30",
            "revenue": 441465
        },
        "2017-02": {
            "month": "2017-02",
            "price": "33.06",
            "revenue": 358456
        },
        "2017-03": {
            "month": "2017-03",
            "price": "33.73",
            "revenue": 435509
        },
        "2017-04": {
            "month": "2017-04",
            "price": "31.73",
            "revenue": 432773
        },
        "2017-05": {
            "month": "2017-05",
            "price": "30.74",
            "revenue": 435001
        },
        "2017-06": {
            "month": "2017-06",
            "price": "31.06",
            "revenue": 412606
        },
        "2017-07": {
            "month": "2017-07",
            "price": "28.96",
            "revenue": 424652
        },
        "2017-08": {
            "month": "2017-08",
            "price": "27.68",
            "revenue": 450743
        },
        "2017-09": {
            "month": "2017-09",
            "price": "26.41",
            "revenue": 513160
        },
        "2017-10": {
            "month": "2017-10",
            "price": "26.53",
            "revenue": 442048
        },
        "2017-11": {
            "month": "2017-11",
            "price": "26.85",
            "revenue": 464939
        },
        "2017-12": {
            "month": "2017-12",
            "price": "26.27",
            "revenue": 456042
        },
        "2018-01": {
            "month": "2018-01",
            "price": "26.61",
            "revenue": 518553
        },
        "2018-02": {
            "month": "2018-02",
            "price": "25.82",
            "revenue": 420190
        },
        "2018-03": {
            "month": "2018-03",
            "price": "25.69",
            "revenue": 459730
        },
        "2018-04": {
            "month": "2018-04",
            "price": "24.96",
            "revenue": 482649
        },
        "2018-05": {
            "month": "2018-05",
            "price": "23.75",
            "revenue": 459667
        },
        "2018-06": {
            "month": "2018-06",
            "price": "23.31",
            "revenue": 452377
        },
        "2018-07": {
            "month": "2018-07",
            "price": "21.71",
            "revenue": 463847
        },
        "2018-08": {
            "month": "2018-08",
            "price": "22.41",
            "revenue": 487566
        },
        "2018-09": {
            "month": "2018-09",
            "price": "21.70",
            "revenue": 490089
        },
        "2018-10": {
            "month": "2018-10",
            "price": "20.73",
            "revenue": 389057
        },
        "2018-11": {
            "month": "2018-11",
            "price": "19.90",
            "revenue": 435933
        },
        "2018-12": {
            "month": "2018-12",
            "price": "19.40",
            "revenue": 418690
        },
        "2019-01": {
            "month": "2019-01",
            "price": "19.07",
            "revenue": 495202
        },
        "2019-02": {
            "month": "2019-02",
            "price": "19.98",
            "revenue": 312382
        },
        "2019-03": {
            "month": "2019-03",
            "price": "20.00",
            "revenue": 439664
        },
        "2019-04": {
            "month": "2019-04",
            "price": "20.00",
            "revenue": 375875
        },
        "2019-05": {
            "month": "2019-05",
            "price": "20.44",
            "revenue": 450832
        },
        "2019-06": {
            "month": "2019-06",
            "price": "20.65",
            "revenue": 442410
        },
        "2019-07": {
            "month": "2019-07",
            "price": "20.73",
            "revenue": 447302
        },
        "2019-08": {
            "month": "2019-08",
            "price": "21.50",
            "revenue": 435045
        },
        "2019-09": {
            "month": "2019-09",
            "price": "23.78",
            "revenue": 453294
        },
        "2019-10": {
            "month": "2019-10",
            "price": "22.79",
            "revenue": 455148
        },
        "2019-11": {
            "month": "2019-11",
            "price": "23.70",
            "revenue": 446332
        },
        "2019-12": {
            "month": "2019-12",
            "price": "24.58",
            "revenue": 462935
        },
        "2020-01": {
            "month": "2020-01",
            "price": "24.52",
            "revenue": 364414
        },
        "2020-02": {
            "month": "2020-02",
            "price": "22.71",
            "revenue": 272146
        },
        "2020-03": {
            "month": "2020-03",
            "price": "19.66",
            "revenue": 314175
        },
        "2020-04": {
            "month": "2020-04",
            "price": "18.62",
            "revenue": 420715
        },
        "2020-05": {
            "month": "2020-05",
            "price": "19.69",
            "revenue": 419009
        },
        "2020-06": {
            "month": "2020-06",
            "price": "20.52",
            "revenue": 392723
        },
        "2020-07": {
            "month": "2020-07",
            "price": "20.52",
            "revenue": 443160
        },
        "2020-08": {
            "month": "2020-08",
            "price": "24.35",
            "revenue": 458046
        },
        "2020-09": {
            "month": "2020-09",
            "price": "25.87",
            "revenue": 508286
        },
        "2020-10": {
            "month": "2020-10",
            "price": "24.93",
            "revenue": 509244
        },
        "2020-11": {
            "month": "2020-11",
            "price": "25.29",
            "revenue": 502058
        },
        "2020-12": {
            "month": "2020-12",
            "price": "29.01",
            "revenue": 581183
        },
        "2021-01": {
            "month": "2021-01",
            "price": "28.69",
            "revenue": 640261
        },
        "2021-02": {
            "month": "2021-02",
            "price": "35.67",
            "revenue": 500982
        },
        "2021-03": {
            "month": "2021-03",
            "price": "39.80",
            "revenue": 572286
        },
        "2021-04": {
            "month": "2021-04",
            "price": "48.62",
            "revenue": 533035
        },
        "2021-05": {
            "month": "2021-05",
            "price": "42.23",
            "revenue": 662588
        },
        "2021-06": {
            "month": "2021-06",
            "price": "49.34",
            "revenue": 642647
        },
        "2021-07": {
            "month": "2021-07",
            "price": "55.78",
            "revenue": 641614
        },
        "2021-08": {
            "month": "2021-08",
            "price": "48.84",
            "revenue": 710965
        },
        "2021-09": {
            "month": "2021-09",
            "price": "50.62",
            "revenue": 806854
        },
        "2021-10": {
            "month": "2021-10",
            "price": "57.75",
            "revenue": 757614
        },
        "2021-11": {
            "month": "2021-11",
            "price": "81.28",
            "revenue": 850564
        },
        "2021-12": {
            "month": "2021-12",
            "price": "80.27",
            "revenue": 851434
        },
        "2022-01": {
            "month": "2022-01",
            "price": "75.08",
            "revenue": 902182
        },
        "2022-02": {
            "month": "2022-02",
            "price": "73.59",
            "revenue": 875108
        },
        "2022-03": {
            "month": "2022-03",
            "price": "73.14",
            "revenue": 876371
        },
        "2022-04": {
            "month": "2022-04",
            "price": "72.00",
            "revenue": 881028
        },
        "2022-05": {
            "month": "2022-05",
            "price": "66.55",
            "revenue": 760872
        },
        "2022-06": {
            "month": "2022-06",
            "price": "63.86",
            "revenue": 728856
        },
        "2022-07": {
            "month": "2022-07",
            "price": "51.34",
            "revenue": 670145
        },
        "2022-08": {
            "month": "2022-08",
            "price": "53.84",
            "revenue": 642761
        },
        "2022-09": {
            "month": "2022-09",
            "price": "46.27",
            "revenue": 623183
        },
        "2022-10": {
            "month": "2022-10",
            "price": "38.54",
            "revenue": 534472
        },
        "2022-11": {
            "month": "2022-11",
            "price": "40.27",
            "revenue": 560945
        },
        "2022-12": {
            "month": "2022-12",
            "price": "40.95",
            "revenue": 551358
        },
        "2023-01": {
            "month": "2023-01",
            "price": "41.26",
            "revenue": 457420
        },
        "2023-02": {
            "month": "2023-02",
            "price": "48.33",
            "revenue": 483325
        },
        "2023-03": {
            "month": "2023-03",
            "price": "47.49",
            "revenue": 524703
        },
        "2023-04": {
            "month": "2023-04",
            "price": "49.46",
            "revenue": 511731
        },
        "2023-05": {
            "month": "2023-05",
            "price": "48.65",
            "revenue": 524390
        },
        "2023-06": {
            "month": "2023-06",
            "price": "52.40",
            "revenue": 536403
        },
        "2023-07": {
            "month": "2023-07",
            "price": "64.64",
            "revenue": 524971
        },
        "2023-08": {
            "month": "2023-08",
            "price": "65.34",
            "revenue": 541955
        },
        "2023-09": {
            "month": "2023-09",
            "price": "62.43",
            "revenue": 545200
        },
        "2023-10": {
            "month": "2023-10",
            "price": "61.74",
            "revenue": 468499
        },
        "2023-11": {
            "month": "2023-11",
            "price": "64.71",
            "revenue": 510597
        },
        "2023-12": {
            "month": "2023-12",
            "price": "70.92",
            "revenue": 483710
        }
    }
}
