{
    "summary": {
        "stock_name": "鼎天",
        "stock_id": "3306",
        "category": "通信網路",
        "main_business": "衛星定位系統(GPS)主機板<br>GPS資訊應用產品(CF-GPS.G-MOUSE)",
        "website_url": "http://tw.royaltek.com",
        "ceo": "陳俊彥",
        "pe_ratio": 81,
        "report_year_from": 2003,
        "report_year_to": 2023,
        "age": 20,
        "eps_negative_percentage": 15,
        "eps_growth_avg": {
            "last_all": -15.43,
            "last_2y": -13.2,
            "last_4y": 15.1,
            "last_8y": -21.46,
            "last_12y": -8.6,
            "last_16y": -15.43,
            "last_20y": null,
            "at_2006_last_3y": null,
            "at_2007_last_3y": null,
            "at_2008_last_3y": -61.24,
            "at_2009_last_3y": -42.76,
            "at_2010_last_3y": 0.83,
            "at_2011_last_3y": 0.33,
            "at_2012_last_3y": -1.05,
            "at_2013_last_3y": 17.14,
            "at_2014_last_3y": 4.87,
            "at_2015_last_3y": -3.02,
            "at_2016_last_3y": -16.3,
            "at_2017_last_3y": -58.03,
            "at_2018_last_3y": -71.27,
            "at_2019_last_3y": -27.03,
            "at_2020_last_3y": -21.45,
            "at_2021_last_3y": 45.21,
            "at_2022_last_3y": 15.1,
            "at_2023_last_3y": 15.1,
            "at_2006_last_all": -100,
            "at_2007_last_all": -100,
            "at_2008_last_all": -61.24,
            "at_2009_last_all": -42.76,
            "at_2010_last_all": -24.37,
            "at_2011_last_all": -19.74,
            "at_2012_last_all": -21.11,
            "at_2013_last_all": -8.53,
            "at_2014_last_all": -9.75,
            "at_2015_last_all": -12.31,
            "at_2016_last_all": -19.18,
            "at_2017_last_all": -26.53,
            "at_2018_last_all": -26.53,
            "at_2019_last_all": -15.99,
            "at_2020_last_all": -19.71,
            "at_2021_last_all": -11.16,
            "at_2022_last_all": -15.43,
            "at_2023_last_all": -15.43
        },
        "latest_eps": 0.45,
        "latest_price": 36.5,
        "latest_roe": 1.37,
        "latest_gross_margin": 22.69,
        "latest_equity": 1621477,
        "latest_revenue": 243596,
        "latest_gross_profit": 55263,
        "latest_net_income": 2442,
        "latest_debt_ratio": 13.36,
        "latest_current_ratio": 323.93,
        "latest_account_receivable_turnover_ratio": 2.87,
        "latest_inventory_turnover_ratio": 1.12,
        "latest_reinvestment_rate": 2.47,
        "latest_research_to_sale_ratio": 13.56
    },
    "eps_dividends": {
        "2001": {
            "cash": 0,
            "stock": 0,
            "eps": 0
        },
        "2002": {
            "cash": 0,
            "stock": 0,
            "eps": 0
        },
        "2003": {
            "cash": 0,
            "stock": 0,
            "eps": 0
        },
        "2004": {
            "cash": 0.8,
            "stock": 0,
            "eps": -0.48
        },
        "2005": {
            "cash": 0.56,
            "stock": 0,
            "eps": 2.66
        },
        "2006": {
            "cash": 0.8,
            "stock": 0.4,
            "eps": -0.1
        },
        "2007": {
            "cash": 0,
            "stock": 0,
            "eps": 1.78
        },
        "2008": {
            "cash": 1,
            "stock": 0.3,
            "eps": 1.38
        },
        "2009": {
            "cash": 0,
            "stock": 0.5,
            "eps": 1.3
        },
        "2010": {
            "cash": 1.5,
            "stock": 0,
            "eps": 1.7
        },
        "2011": {
            "cash": 1.6,
            "stock": 0,
            "eps": 1.68
        },
        "2012": {
            "cash": 1.7,
            "stock": 0,
            "eps": 1.21
        },
        "2013": {
            "cash": 1.2,
            "stock": 0,
            "eps": 2.02
        },
        "2014": {
            "cash": 1.8,
            "stock": 0,
            "eps": 1.65
        },
        "2015": {
            "cash": 1.4,
            "stock": 0,
            "eps": 1.11
        },
        "2016": {
            "cash": 1.5,
            "stock": 0,
            "eps": 0.21
        },
        "2017": {
            "cash": 0,
            "stock": 0,
            "eps": -0.91
        },
        "2018": {
            "cash": 0.5,
            "stock": 0,
            "eps": 0.1
        },
        "2019": {
            "cash": 0.5,
            "stock": 0,
            "eps": 1.01
        },
        "2020": {
            "cash": 0.7,
            "stock": 0,
            "eps": 0.36
        },
        "2021": {
            "cash": 0.5,
            "stock": 0,
            "eps": 1.05
        },
        "2022": {
            "cash": 0.8,
            "stock": 0,
            "eps": 0.26
        },
        "2023": {
            "cash": 0.5,
            "stock": 0,
            "eps": 0.05
        }
    },
    "dividends": {
        "2004-03-18": {
            "cash": 0.8,
            "stock": 0
        },
        "2005-03-04": {
            "cash": 0.56,
            "stock": 0
        },
        "2006-03-31": {
            "cash": 0.8,
            "stock": 0.4
        },
        "2008-03-21": {
            "cash": 1,
            "stock": 0.3
        },
        "2009-03-23": {
            "cash": 0,
            "stock": 0.5
        },
        "2010-04-27": {
            "cash": 1.5,
            "stock": 0
        },
        "2011-04-27": {
            "cash": 1.6,
            "stock": 0
        },
        "2012-06-21": {
            "cash": 1.7,
            "stock": 0
        },
        "2013-06-17": {
            "cash": 1.2,
            "stock": 0
        },
        "2014-06-23": {
            "cash": 1.8,
            "stock": 0
        },
        "2015-05-11": {
            "cash": 1.4,
            "stock": 0
        },
        "2016-05-03": {
            "cash": 1,
            "stock": 0
        },
        "2016-06-14": {
            "cash": 0.5,
            "stock": 0
        },
        "2018-03-22": {
            "cash": 0.5,
            "stock": 0
        },
        "2019-08-30": {
            "cash": 0.5,
            "stock": 0
        },
        "2020-08-18": {
            "cash": 0.7,
            "stock": 0
        },
        "2021-09-24": {
            "cash": 0.5,
            "stock": 0
        },
        "2022-08-26": {
            "cash": 0.8,
            "stock": 0
        },
        "2023-03-08": {
            "cash": 0.5,
            "stock": 0
        }
    },
    "prices": {
        "200101": "無",
        "200102": "無",
        "200103": "無",
        "200104": "無",
        "200105": "無",
        "200106": "無",
        "200107": "無",
        "200108": "無",
        "200109": "無",
        "200110": "無",
        "200111": "無",
        "200112": "無",
        "200201": "無",
        "200202": "無",
        "200203": "無",
        "200204": "無",
        "200205": "無",
        "200206": "無",
        "200207": "無",
        "200208": "無",
        "200209": "無",
        "200210": "無",
        "200211": "無",
        "200212": "無",
        "200301": "無",
        "200302": "無",
        "200303": "無",
        "200304": "無",
        "200305": "無",
        "200306": "無",
        "200307": "無",
        "200308": "無",
        "200309": "無",
        "200310": "無",
        "200311": "無",
        "200312": "無",
        "200401": "無",
        "200402": "無",
        "200403": "無",
        "200404": "47.80",
        "200405": "44.72",
        "200406": "37.89",
        "200407": "30.33",
        "200408": "28.31",
        "200409": "28.23",
        "200410": "28.87",
        "200411": "24.00",
        "200412": "19.61",
        "200501": "20.81",
        "200502": "26.67",
        "200503": "34.84",
        "200504": "34.37",
        "200505": "29.25",
        "200506": "33.01",
        "200507": "43.02",
        "200508": "61.52",
        "200509": "51.63",
        "200510": "48.94",
        "200511": "46.56",
        "200512": "50.85",
        "200601": "59.59",
        "200602": "58.12",
        "200603": "54.80",
        "200604": "56.36",
        "200605": "49.46",
        "200606": "36.26",
        "200607": "35.51",
        "200608": "36.65",
        "200609": "35.79",
        "200610": "43.01",
        "200611": "53.95",
        "200612": "62.12",
        "200701": "57.28",
        "200702": "55.62",
        "200703": "65.49",
        "200704": "72.80",
        "200705": "71.50",
        "200706": "78.28",
        "200707": "74.27",
        "200708": "64.15",
        "200709": "49.25",
        "200710": "53.13",
        "200711": "47.75",
        "200712": "46.19",
        "200801": "39.90",
        "200802": "33.82",
        "200803": "39.37",
        "200804": "40.19",
        "200805": "45.30",
        "200806": "41.46",
        "200807": "35.78",
        "200808": "30.99",
        "200809": "21.59",
        "200810": "17.56",
        "200811": "15.96",
        "200812": "14.35",
        "200901": "14.11",
        "200902": "14.00",
        "200903": "16.88",
        "200904": "18.08",
        "200905": "18.47",
        "200906": "19.76",
        "200907": "24.00",
        "200908": "36.59",
        "200909": "42.07",
        "200910": "49.48",
        "200911": "53.38",
        "200912": "65.35",
        "201001": "68.54",
        "201002": "51.84",
        "201003": "55.88",
        "201004": "53.47",
        "201005": "43.40",
        "201006": "42.92",
        "201007": "41.91",
        "201008": "39.11",
        "201009": "43.76",
        "201010": "51.81",
        "201011": "46.76",
        "201012": "44.48",
        "201101": "42.04",
        "201102": "38.60",
        "201103": "36.87",
        "201104": "37.12",
        "201105": "34.34",
        "201106": "32.96",
        "201107": "30.62",
        "201108": "23.77",
        "201109": "22.96",
        "201110": "22.37",
        "201111": "24.25",
        "201112": "22.11",
        "201201": "23.46",
        "201202": "29.46",
        "201203": "31.39",
        "201204": "25.61",
        "201205": "25.12",
        "201206": "23.36",
        "201207": "23.62",
        "201208": "24.16",
        "201209": "23.96",
        "201210": "21.86",
        "201211": "19.72",
        "201212": "20.41",
        "201301": "20.57",
        "201302": "20.28",
        "201303": "20.89",
        "201304": "20.47",
        "201305": "20.59",
        "201306": "20.28",
        "201307": "19.65",
        "201308": "19.04",
        "201309": "23.22",
        "201310": "27.14",
        "201311": "27.01",
        "201312": "28.62",
        "201401": "44.28",
        "201402": "45.62",
        "201403": "45.79",
        "201404": "48.29",
        "201405": "41.23",
        "201406": "45.08",
        "201407": "43.52",
        "201408": "38.04",
        "201409": "42.75",
        "201410": "36.36",
        "201411": "33.26",
        "201412": "35.40",
        "201501": "34.26",
        "201502": "33.67",
        "201503": "35.82",
        "201504": "36.60",
        "201505": "31.88",
        "201506": "29.62",
        "201507": "26.34",
        "201508": "21.85",
        "201509": "24.05",
        "201510": "25.89",
        "201511": "25.33",
        "201512": "23.89",
        "201601": "21.61",
        "201602": "23.00",
        "201603": "24.00",
        "201604": "23.18",
        "201605": "22.41",
        "201606": "22.12",
        "201607": "26.49",
        "201608": "31.07",
        "201609": "28.49",
        "201610": "24.66",
        "201611": "22.16",
        "201612": "24.77",
        "201701": "25.44",
        "201702": "25.74",
        "201703": "25.35",
        "201704": "23.82",
        "201705": "23.51",
        "201706": "23.77",
        "201707": "23.56",
        "201708": "22.96",
        "201709": "23.77",
        "201710": "23.23",
        "201711": "22.77",
        "201712": "21.67",
        "201801": "21.37",
        "201802": "18.74",
        "201803": "19.61",
        "201804": "19.66",
        "201805": "19.33",
        "201806": "21.17",
        "201807": "22.84",
        "201808": "21.97",
        "201809": "20.41",
        "201810": "17.72",
        "201811": "16.59",
        "201812": "17.20",
        "201901": "17.17",
        "201902": "18.22",
        "201903": "19.47",
        "201904": "20.01",
        "201905": "19.28",
        "201906": "19.55",
        "201907": "21.41",
        "201908": "21.78",
        "201909": "21.86",
        "201910": "21.28",
        "201911": "21.03",
        "201912": "20.93",
        "202001": "20.21",
        "202002": "18.89",
        "202003": "16.37",
        "202004": "16.30",
        "202005": "17.24",
        "202006": "17.91",
        "202007": "18.76",
        "202008": "18.12",
        "202009": "18.21",
        "202010": "18.09",
        "202011": "18.35",
        "202012": "20.40",
        "202101": "19.41",
        "202102": "19.24",
        "202103": "20.33",
        "202104": "22.25",
        "202105": "21.15",
        "202106": "20.54",
        "202107": "23.12",
        "202108": "23.68",
        "202109": "27.17",
        "202110": "25.77",
        "202111": "28.91",
        "202112": "34.85",
        "202201": "31.52",
        "202202": "29.06",
        "202203": "26.56",
        "202204": "25.23",
        "202205": "22.58",
        "202206": "24.43",
        "202207": "23.32",
        "202208": "25.34",
        "202209": "24.87",
        "202210": "21.41",
        "202211": "23.56",
        "202212": "23.45",
        "202301": "22.34",
        "202302": "23.42",
        "202303": "24.49",
        "202304": "25.89",
        "202305": "27.04",
        "202306": "36.27"
    },
    "quarters": {
        "20011": {
            "year_quarter": 20011,
            "year": 2001,
            "quarter": 1,
            "eps": null,
            "eps_growth_year": null,
            "eps_4q": null,
            "eps_4q_growth_year": null,
            "roe": null,
            "roe_4q": 0,
            "gross_profit": null,
            "gross_margin": null,
            "gross_margin_4q_avg": 0,
            "net_income": null,
            "revenue": null,
            "common_shares": null,
            "book_valuer_per_share": null,
            "book_valuer_per_share_4q_avg": 0,
            "equity": null,
            "current_ratio": null,
            "debt_ratio": null,
            "inventory_turnover_ratio": null,
            "account_receivable_turnover_ratio": null,
            "reinvestment_rate": null,
            "research_to_sale_ratio": null,
            "price_fair": 0,
            "eps_avg_yearly": 0,
            "eps_latest_yearly": 0,
            "eps_growth_yearly": 0
        },
        "20012": {
            "year_quarter": 20012,
            "year": 2001,
            "quarter": 2,
            "eps": null,
            "eps_growth_year": null,
            "eps_4q": null,
            "eps_4q_growth_year": null,
            "roe": null,
            "roe_4q": 0,
            "gross_profit": null,
            "gross_margin": null,
            "gross_margin_4q_avg": 0,
            "net_income": null,
            "revenue": null,
            "common_shares": null,
            "book_valuer_per_share": null,
            "book_valuer_per_share_4q_avg": 0,
            "equity": null,
            "current_ratio": null,
            "debt_ratio": null,
            "inventory_turnover_ratio": null,
            "account_receivable_turnover_ratio": null,
            "reinvestment_rate": null,
            "research_to_sale_ratio": null,
            "price_fair": 0,
            "eps_avg_yearly": 0,
            "eps_latest_yearly": 0,
            "eps_growth_yearly": 0
        },
        "20013": {
            "year_quarter": 20013,
            "year": 2001,
            "quarter": 3,
            "eps": null,
            "eps_growth_year": null,
            "eps_4q": null,
            "eps_4q_growth_year": null,
            "roe": null,
            "roe_4q": 0,
            "gross_profit": null,
            "gross_margin": null,
            "gross_margin_4q_avg": 0,
            "net_income": null,
            "revenue": null,
            "common_shares": null,
            "book_valuer_per_share": null,
            "book_valuer_per_share_4q_avg": 0,
            "equity": null,
            "current_ratio": null,
            "debt_ratio": null,
            "inventory_turnover_ratio": null,
            "account_receivable_turnover_ratio": null,
            "reinvestment_rate": null,
            "research_to_sale_ratio": null,
            "price_fair": 0,
            "eps_avg_yearly": 0,
            "eps_latest_yearly": 0,
            "eps_growth_yearly": 0
        },
        "20014": {
            "year_quarter": 20014,
            "year": 2001,
            "quarter": 4,
            "eps": null,
            "eps_growth_year": null,
            "eps_4q": null,
            "eps_4q_growth_year": null,
            "roe": null,
            "roe_4q": 0,
            "gross_profit": null,
            "gross_margin": null,
            "gross_margin_4q_avg": 0,
            "net_income": null,
            "revenue": null,
            "common_shares": 396000,
            "book_valuer_per_share": 6.86,
            "book_valuer_per_share_4q_avg": 1.72,
            "equity": 271645,
            "current_ratio": 321.04,
            "debt_ratio": 12.83,
            "inventory_turnover_ratio": null,
            "account_receivable_turnover_ratio": null,
            "reinvestment_rate": null,
            "research_to_sale_ratio": null,
            "price_fair": 0,
            "eps_avg_yearly": 0,
            "eps_latest_yearly": 0,
            "eps_growth_yearly": 0
        },
        "20021": {
            "year_quarter": 20021,
            "year": 2002,
            "quarter": 1,
            "eps": null,
            "eps_growth_year": null,
            "eps_4q": null,
            "eps_4q_growth_year": null,
            "roe": null,
            "roe_4q": 0,
            "gross_profit": null,
            "gross_margin": null,
            "gross_margin_4q_avg": 0,
            "net_income": null,
            "revenue": null,
            "common_shares": null,
            "book_valuer_per_share": null,
            "book_valuer_per_share_4q_avg": 1.72,
            "equity": null,
            "current_ratio": null,
            "debt_ratio": null,
            "inventory_turnover_ratio": null,
            "account_receivable_turnover_ratio": null,
            "reinvestment_rate": null,
            "research_to_sale_ratio": null,
            "price_fair": 0,
            "eps_avg_yearly": 0,
            "eps_latest_yearly": 0,
            "eps_growth_yearly": 0
        },
        "20022": {
            "year_quarter": 20022,
            "year": 2002,
            "quarter": 2,
            "eps": null,
            "eps_growth_year": null,
            "eps_4q": null,
            "eps_4q_growth_year": null,
            "roe": null,
            "roe_4q": 0,
            "gross_profit": null,
            "gross_margin": null,
            "gross_margin_4q_avg": 0,
            "net_income": null,
            "revenue": null,
            "common_shares": null,
            "book_valuer_per_share": null,
            "book_valuer_per_share_4q_avg": 1.72,
            "equity": null,
            "current_ratio": null,
            "debt_ratio": null,
            "inventory_turnover_ratio": null,
            "account_receivable_turnover_ratio": null,
            "reinvestment_rate": null,
            "research_to_sale_ratio": null,
            "price_fair": 0,
            "eps_avg_yearly": 0,
            "eps_latest_yearly": 0,
            "eps_growth_yearly": 0
        },
        "20023": {
            "year_quarter": 20023,
            "year": 2002,
            "quarter": 3,
            "eps": null,
            "eps_growth_year": null,
            "eps_4q": null,
            "eps_4q_growth_year": null,
            "roe": null,
            "roe_4q": 0,
            "gross_profit": null,
            "gross_margin": null,
            "gross_margin_4q_avg": 0,
            "net_income": null,
            "revenue": null,
            "common_shares": null,
            "book_valuer_per_share": null,
            "book_valuer_per_share_4q_avg": 1.72,
            "equity": null,
            "current_ratio": null,
            "debt_ratio": null,
            "inventory_turnover_ratio": null,
            "account_receivable_turnover_ratio": null,
            "reinvestment_rate": null,
            "research_to_sale_ratio": null,
            "price_fair": 0,
            "eps_avg_yearly": 0,
            "eps_latest_yearly": 0,
            "eps_growth_yearly": 0
        },
        "20024": {
            "year_quarter": 20024,
            "year": 2002,
            "quarter": 4,
            "eps": null,
            "eps_growth_year": null,
            "eps_4q": null,
            "eps_4q_growth_year": null,
            "roe": null,
            "roe_4q": 0,
            "gross_profit": null,
            "gross_margin": null,
            "gross_margin_4q_avg": 0,
            "net_income": null,
            "revenue": null,
            "common_shares": 396000,
            "book_valuer_per_share": 7.07,
            "book_valuer_per_share_4q_avg": 1.77,
            "equity": 280026,
            "current_ratio": 268.85,
            "debt_ratio": 17.75,
            "inventory_turnover_ratio": null,
            "account_receivable_turnover_ratio": null,
            "reinvestment_rate": null,
            "research_to_sale_ratio": null,
            "price_fair": 0,
            "eps_avg_yearly": 0,
            "eps_latest_yearly": 0,
            "eps_growth_yearly": 0
        },
        "20031": {
            "year_quarter": 20031,
            "year": 2003,
            "quarter": 1,
            "eps": null,
            "eps_growth_year": null,
            "eps_4q": null,
            "eps_4q_growth_year": null,
            "roe": null,
            "roe_4q": 0,
            "gross_profit": null,
            "gross_margin": null,
            "gross_margin_4q_avg": 0,
            "net_income": null,
            "revenue": null,
            "common_shares": null,
            "book_valuer_per_share": null,
            "book_valuer_per_share_4q_avg": 1.77,
            "equity": null,
            "current_ratio": null,
            "debt_ratio": null,
            "inventory_turnover_ratio": null,
            "account_receivable_turnover_ratio": null,
            "reinvestment_rate": null,
            "research_to_sale_ratio": null,
            "price_fair": 0,
            "eps_avg_yearly": 0,
            "eps_latest_yearly": 0,
            "eps_growth_yearly": 0
        },
        "20032": {
            "year_quarter": 20032,
            "year": 2003,
            "quarter": 2,
            "eps": null,
            "eps_growth_year": null,
            "eps_4q": null,
            "eps_4q_growth_year": null,
            "roe": null,
            "roe_4q": 0,
            "gross_profit": null,
            "gross_margin": null,
            "gross_margin_4q_avg": 0,
            "net_income": null,
            "revenue": null,
            "common_shares": null,
            "book_valuer_per_share": null,
            "book_valuer_per_share_4q_avg": 1.77,
            "equity": null,
            "current_ratio": null,
            "debt_ratio": null,
            "inventory_turnover_ratio": null,
            "account_receivable_turnover_ratio": null,
            "reinvestment_rate": null,
            "research_to_sale_ratio": null,
            "price_fair": 0,
            "eps_avg_yearly": 0,
            "eps_latest_yearly": 0,
            "eps_growth_yearly": 0
        },
        "20033": {
            "year_quarter": 20033,
            "year": 2003,
            "quarter": 3,
            "eps": null,
            "eps_growth_year": null,
            "eps_4q": null,
            "eps_4q_growth_year": null,
            "roe": null,
            "roe_4q": 0,
            "gross_profit": null,
            "gross_margin": null,
            "gross_margin_4q_avg": 0,
            "net_income": null,
            "revenue": null,
            "common_shares": null,
            "book_valuer_per_share": null,
            "book_valuer_per_share_4q_avg": 1.77,
            "equity": null,
            "current_ratio": null,
            "debt_ratio": null,
            "inventory_turnover_ratio": null,
            "account_receivable_turnover_ratio": null,
            "reinvestment_rate": null,
            "research_to_sale_ratio": null,
            "price_fair": 0,
            "eps_avg_yearly": 0,
            "eps_latest_yearly": 0,
            "eps_growth_yearly": 0
        },
        "20034": {
            "year_quarter": 20034,
            "year": 2003,
            "quarter": 4,
            "eps": null,
            "eps_growth_year": null,
            "eps_4q": null,
            "eps_4q_growth_year": null,
            "roe": null,
            "roe_4q": 0,
            "gross_profit": null,
            "gross_margin": null,
            "gross_margin_4q_avg": 0,
            "net_income": null,
            "revenue": null,
            "common_shares": 396000,
            "book_valuer_per_share": 11.18,
            "book_valuer_per_share_4q_avg": 2.8,
            "equity": 442533,
            "current_ratio": 362.62,
            "debt_ratio": 18.49,
            "inventory_turnover_ratio": null,
            "account_receivable_turnover_ratio": null,
            "reinvestment_rate": null,
            "research_to_sale_ratio": null,
            "price_fair": 0,
            "eps_avg_yearly": 0,
            "eps_latest_yearly": 0,
            "eps_growth_yearly": 0
        },
        "20041": {
            "year_quarter": 20041,
            "year": 2004,
            "quarter": 1,
            "eps": null,
            "eps_growth_year": null,
            "eps_4q": null,
            "eps_4q_growth_year": null,
            "roe": null,
            "roe_4q": 0,
            "gross_profit": null,
            "gross_margin": null,
            "gross_margin_4q_avg": 0,
            "net_income": null,
            "revenue": null,
            "common_shares": null,
            "book_valuer_per_share": null,
            "book_valuer_per_share_4q_avg": 2.8,
            "equity": null,
            "current_ratio": null,
            "debt_ratio": null,
            "inventory_turnover_ratio": null,
            "account_receivable_turnover_ratio": null,
            "reinvestment_rate": null,
            "research_to_sale_ratio": null,
            "price_fair": 0,
            "eps_avg_yearly": 0,
            "eps_latest_yearly": 0,
            "eps_growth_yearly": 0
        },
        "20042": {
            "year_quarter": 20042,
            "year": 2004,
            "quarter": 2,
            "eps": null,
            "eps_growth_year": null,
            "eps_4q": null,
            "eps_4q_growth_year": null,
            "roe": null,
            "roe_4q": 0,
            "gross_profit": null,
            "gross_margin": null,
            "gross_margin_4q_avg": 0,
            "net_income": null,
            "revenue": null,
            "common_shares": null,
            "book_valuer_per_share": null,
            "book_valuer_per_share_4q_avg": 2.8,
            "equity": null,
            "current_ratio": null,
            "debt_ratio": null,
            "inventory_turnover_ratio": null,
            "account_receivable_turnover_ratio": null,
            "reinvestment_rate": null,
            "research_to_sale_ratio": null,
            "price_fair": 0,
            "eps_avg_yearly": 0,
            "eps_latest_yearly": 0,
            "eps_growth_yearly": 0
        },
        "20043": {
            "year_quarter": 20043,
            "year": 2004,
            "quarter": 3,
            "eps": 0.77,
            "eps_growth_year": null,
            "eps_4q": null,
            "eps_4q_growth_year": null,
            "roe": 6.3,
            "roe_4q": 6.3,
            "gross_profit": 62911,
            "gross_margin": 28.31,
            "gross_margin_4q_avg": 7.08,
            "net_income": 30399,
            "revenue": 222233,
            "common_shares": 396000,
            "book_valuer_per_share": 12.18,
            "book_valuer_per_share_4q_avg": 5.84,
            "equity": 482458,
            "current_ratio": 237.94,
            "debt_ratio": 30.18,
            "inventory_turnover_ratio": 0.93,
            "account_receivable_turnover_ratio": null,
            "reinvestment_rate": null,
            "research_to_sale_ratio": null,
            "price_fair": 0,
            "eps_avg_yearly": 0,
            "eps_latest_yearly": 0,
            "eps_growth_yearly": 0
        },
        "20044": {
            "year_quarter": 20044,
            "year": 2004,
            "quarter": 4,
            "eps": -1.25,
            "eps_growth_year": null,
            "eps_4q": null,
            "eps_4q_growth_year": null,
            "roe": -10.85,
            "roe_4q": -4.55,
            "gross_profit": 69731,
            "gross_margin": 22.86,
            "gross_margin_4q_avg": 12.79,
            "net_income": -49647,
            "revenue": 305060,
            "common_shares": 396000,
            "book_valuer_per_share": 10.93,
            "book_valuer_per_share_4q_avg": 5.78,
            "equity": 432810,
            "current_ratio": 294.6,
            "debt_ratio": 27.58,
            "inventory_turnover_ratio": 1.6,
            "account_receivable_turnover_ratio": null,
            "reinvestment_rate": null,
            "research_to_sale_ratio": null,
            "price_fair": 0,
            "eps_avg_yearly": 0,
            "eps_latest_yearly": 0,
            "eps_growth_yearly": 0
        },
        "20051": {
            "year_quarter": 20051,
            "year": 2005,
            "quarter": 1,
            "eps": 0.42,
            "eps_growth_year": null,
            "eps_4q": null,
            "eps_4q_growth_year": null,
            "roe": 3.76,
            "roe_4q": -0.79,
            "gross_profit": 47885,
            "gross_margin": 17.76,
            "gross_margin_4q_avg": 17.23,
            "net_income": 16569,
            "revenue": 269581,
            "common_shares": 396000,
            "book_valuer_per_share": 11.35,
            "book_valuer_per_share_4q_avg": 8.62,
            "equity": 449379,
            "current_ratio": 262.93,
            "debt_ratio": 31.36,
            "inventory_turnover_ratio": 1.59,
            "account_receivable_turnover_ratio": null,
            "reinvestment_rate": null,
            "research_to_sale_ratio": null,
            "price_fair": 0,
            "eps_avg_yearly": 0,
            "eps_latest_yearly": 0,
            "eps_growth_yearly": 0
        },
        "20052": {
            "year_quarter": 20052,
            "year": 2005,
            "quarter": 2,
            "eps": 0.42,
            "eps_growth_year": null,
            "eps_4q": 0.35,
            "eps_4q_growth_year": null,
            "roe": 3.36,
            "roe_4q": 2.5699999999999994,
            "gross_profit": 67274,
            "gross_margin": 21.5,
            "gross_margin_4q_avg": 22.61,
            "net_income": 16852,
            "revenue": 312937,
            "common_shares": 446000,
            "book_valuer_per_share": 12.41,
            "book_valuer_per_share_4q_avg": 11.72,
            "equity": 553678,
            "current_ratio": 268.97,
            "debt_ratio": 32.39,
            "inventory_turnover_ratio": 1.42,
            "account_receivable_turnover_ratio": null,
            "reinvestment_rate": null,
            "research_to_sale_ratio": null,
            "price_fair": 16.8,
            "eps_avg_yearly": 1.68,
            "eps_latest_yearly": 1.68,
            "eps_growth_yearly": 0
        },
        "20053": {
            "year_quarter": 20053,
            "year": 2005,
            "quarter": 3,
            "eps": 1.4,
            "eps_growth_year": 81.82,
            "eps_4q": 1.01,
            "eps_4q_growth_year": null,
            "roe": 9.93,
            "roe_4q": 6.1999999999999975,
            "gross_profit": 115927,
            "gross_margin": 28.75,
            "gross_margin_4q_avg": 22.72,
            "net_income": 57833,
            "revenue": 403195,
            "common_shares": 446000,
            "book_valuer_per_share": 13.71,
            "book_valuer_per_share_4q_avg": 12.1,
            "equity": 611511,
            "current_ratio": 299.84,
            "debt_ratio": 29.87,
            "inventory_turnover_ratio": 1.31,
            "account_receivable_turnover_ratio": null,
            "reinvestment_rate": null,
            "research_to_sale_ratio": null,
            "price_fair": 127.4,
            "eps_avg_yearly": 3.64,
            "eps_latest_yearly": 5.6,
            "eps_growth_yearly": 466.67
        },
        "20054": {
            "year_quarter": 20054,
            "year": 2005,
            "quarter": 4,
            "eps": 0.42,
            "eps_growth_year": null,
            "eps_4q": 2.56,
            "eps_4q_growth_year": null,
            "roe": 2.88,
            "roe_4q": 19.93,
            "gross_profit": 95376,
            "gross_margin": 31.02,
            "gross_margin_4q_avg": 24.76,
            "net_income": 17900,
            "revenue": 307466,
            "common_shares": 446000,
            "book_valuer_per_share": 14.11,
            "book_valuer_per_share_4q_avg": 12.9,
            "equity": 629411,
            "current_ratio": 341.4,
            "debt_ratio": 26.16,
            "inventory_turnover_ratio": 0.86,
            "account_receivable_turnover_ratio": null,
            "reinvestment_rate": null,
            "research_to_sale_ratio": null,
            "price_fair": 104.53,
            "eps_avg_yearly": 2.99,
            "eps_latest_yearly": 1.68,
            "eps_growth_yearly": 217.78
        },
        "20061": {
            "year_quarter": 20061,
            "year": 2006,
            "quarter": 1,
            "eps": 0.1,
            "eps_growth_year": -76.19,
            "eps_4q": 2.23,
            "eps_4q_growth_year": null,
            "roe": 0.69,
            "roe_4q": 16.86,
            "gross_profit": 36589,
            "gross_margin": 23.63,
            "gross_margin_4q_avg": 26.23,
            "net_income": 4338,
            "revenue": 154826,
            "common_shares": 446000,
            "book_valuer_per_share": 14.21,
            "book_valuer_per_share_4q_avg": 13.61,
            "equity": 633749,
            "current_ratio": 585.99,
            "debt_ratio": 15,
            "inventory_turnover_ratio": 0.47,
            "account_receivable_turnover_ratio": null,
            "reinvestment_rate": null,
            "research_to_sale_ratio": null,
            "price_fair": 81.9,
            "eps_avg_yearly": 2.34,
            "eps_latest_yearly": 0.4,
            "eps_growth_yearly": 87.14
        },
        "20062": {
            "year_quarter": 20062,
            "year": 2006,
            "quarter": 2,
            "eps": -1.12,
            "eps_growth_year": -366.67,
            "eps_4q": 0.36,
            "eps_4q_growth_year": 2.84,
            "roe": -6.07,
            "roe_4q": 7.429999999999999,
            "gross_profit": -2709,
            "gross_margin": -1.09,
            "gross_margin_4q_avg": 20.58,
            "net_income": -57386,
            "revenue": 249068,
            "common_shares": 624500,
            "book_valuer_per_share": 20.11,
            "book_valuer_per_share_4q_avg": 15.54,
            "equity": 1255802,
            "current_ratio": 337.35,
            "debt_ratio": 11.99,
            "inventory_turnover_ratio": 1.55,
            "account_receivable_turnover_ratio": null,
            "reinvestment_rate": null,
            "research_to_sale_ratio": null,
            "price_fair": 81.9,
            "eps_avg_yearly": 2.34,
            "eps_latest_yearly": 0.4,
            "eps_growth_yearly": 87.14
        },
        "20063": {
            "year_quarter": 20063,
            "year": 2006,
            "quarter": 3,
            "eps": 0.37,
            "eps_growth_year": -73.57,
            "eps_4q": -0.24,
            "eps_4q_growth_year": -123.85,
            "roe": 1.7,
            "roe_4q": -0.8000000000000003,
            "gross_profit": 42808,
            "gross_margin": 19.26,
            "gross_margin_4q_avg": 18.21,
            "net_income": 21313,
            "revenue": 222266,
            "common_shares": 657911,
            "book_valuer_per_share": 19.06,
            "book_valuer_per_share_4q_avg": 16.87,
            "equity": 1253918,
            "current_ratio": 375.05,
            "debt_ratio": 11.71,
            "inventory_turnover_ratio": 2.25,
            "account_receivable_turnover_ratio": null,
            "reinvestment_rate": null,
            "research_to_sale_ratio": null,
            "price_fair": 81.9,
            "eps_avg_yearly": 2.34,
            "eps_latest_yearly": 0.4,
            "eps_growth_yearly": 87.14
        },
        "20064": {
            "year_quarter": 20064,
            "year": 2006,
            "quarter": 4,
            "eps": 0.55,
            "eps_growth_year": 30.95,
            "eps_4q": 0.02,
            "eps_4q_growth_year": -99.39,
            "roe": 2.46,
            "roe_4q": -1.2200000000000002,
            "gross_profit": 67789,
            "gross_margin": 14.73,
            "gross_margin_4q_avg": 14.13,
            "net_income": 32668,
            "revenue": 460106,
            "common_shares": 657911,
            "book_valuer_per_share": 21.23,
            "book_valuer_per_share_4q_avg": 18.65,
            "equity": 1396741,
            "current_ratio": 228.23,
            "debt_ratio": 18.99,
            "inventory_turnover_ratio": 3.5,
            "account_receivable_turnover_ratio": null,
            "reinvestment_rate": null,
            "research_to_sale_ratio": null,
            "price_fair": 80.92,
            "eps_avg_yearly": 2.31,
            "eps_latest_yearly": 2.2,
            "eps_growth_yearly": 108.63
        },
        "20071": {
            "year_quarter": 20071,
            "year": 2007,
            "quarter": 1,
            "eps": 0.21,
            "eps_growth_year": 110,
            "eps_4q": 0.16,
            "eps_4q_growth_year": -92.98,
            "roe": 1,
            "roe_4q": -0.9100000000000001,
            "gross_profit": 59016,
            "gross_margin": 22.79,
            "gross_margin_4q_avg": 13.92,
            "net_income": 13446,
            "revenue": 258986,
            "common_shares": 657911,
            "book_valuer_per_share": 19.69,
            "book_valuer_per_share_4q_avg": 20.02,
            "equity": 1295391,
            "current_ratio": 362.18,
            "debt_ratio": 11.49,
            "inventory_turnover_ratio": 1.54,
            "account_receivable_turnover_ratio": null,
            "reinvestment_rate": null,
            "research_to_sale_ratio": null,
            "price_fair": 72.33,
            "eps_avg_yearly": 2.07,
            "eps_latest_yearly": 0.84,
            "eps_growth_yearly": 49.32
        },
        "20072": {
            "year_quarter": 20072,
            "year": 2007,
            "quarter": 2,
            "eps": -0.2,
            "eps_growth_year": null,
            "eps_4q": 0.82,
            "eps_4q_growth_year": 124.82,
            "roe": -1,
            "roe_4q": 4.16,
            "gross_profit": 38828,
            "gross_margin": 20.36,
            "gross_margin_4q_avg": 19.29,
            "net_income": -13218,
            "revenue": 190676,
            "common_shares": 663781,
            "book_valuer_per_share": 20.32,
            "book_valuer_per_share_4q_avg": 20.08,
            "equity": 1349012,
            "current_ratio": 391.77,
            "debt_ratio": 10.85,
            "inventory_turnover_ratio": 1.27,
            "account_receivable_turnover_ratio": null,
            "reinvestment_rate": null,
            "research_to_sale_ratio": null,
            "price_fair": 72.33,
            "eps_avg_yearly": 2.07,
            "eps_latest_yearly": 0.84,
            "eps_growth_yearly": 49.32
        },
        "20073": {
            "year_quarter": 20073,
            "year": 2007,
            "quarter": 3,
            "eps": 0.77,
            "eps_growth_year": 108.11,
            "eps_4q": 1.27,
            "eps_4q_growth_year": null,
            "roe": 3.64,
            "roe_4q": 6.1,
            "gross_profit": 65416,
            "gross_margin": 18.97,
            "gross_margin_4q_avg": 19.21,
            "net_income": 50392,
            "revenue": 344769,
            "common_shares": 663781,
            "book_valuer_per_share": 21.42,
            "book_valuer_per_share_4q_avg": 20.67,
            "equity": 1421959,
            "current_ratio": 258.63,
            "debt_ratio": 18.74,
            "inventory_turnover_ratio": 2.3,
            "account_receivable_turnover_ratio": null,
            "reinvestment_rate": null,
            "research_to_sale_ratio": null,
            "price_fair": 72.33,
            "eps_avg_yearly": 2.07,
            "eps_latest_yearly": 0.84,
            "eps_growth_yearly": 49.32
        },
        "20074": {
            "year_quarter": 20074,
            "year": 2007,
            "quarter": 4,
            "eps": 1,
            "eps_growth_year": 81.82,
            "eps_4q": 1.78,
            "eps_4q_growth_year": 11210.28,
            "roe": 4.59,
            "roe_4q": 8.23,
            "gross_profit": 139653,
            "gross_margin": 16.4,
            "gross_margin_4q_avg": 19.63,
            "net_income": 65180,
            "revenue": 851411,
            "common_shares": 664161,
            "book_valuer_per_share": 21.32,
            "book_valuer_per_share_4q_avg": 20.69,
            "equity": 1416168,
            "current_ratio": 209.73,
            "debt_ratio": 27.76,
            "inventory_turnover_ratio": 5.82,
            "account_receivable_turnover_ratio": null,
            "reinvestment_rate": null,
            "research_to_sale_ratio": null,
            "price_fair": 82,
            "eps_avg_yearly": 2.34,
            "eps_latest_yearly": 4,
            "eps_growth_yearly": 59.34
        },
        "20081": {
            "year_quarter": 20081,
            "year": 2008,
            "quarter": 1,
            "eps": 0.55,
            "eps_growth_year": 161.9,
            "eps_4q": 2.09,
            "eps_4q_growth_year": 1234.78,
            "roe": 2.6,
            "roe_4q": 9.83,
            "gross_profit": 103526,
            "gross_margin": 21.46,
            "gross_margin_4q_avg": 19.3,
            "net_income": 36479,
            "revenue": 482396,
            "common_shares": 664161,
            "book_valuer_per_share": 20.98,
            "book_valuer_per_share_4q_avg": 21.01,
            "equity": 1393589,
            "current_ratio": 251.42,
            "debt_ratio": 23.03,
            "inventory_turnover_ratio": 2.71,
            "account_receivable_turnover_ratio": null,
            "reinvestment_rate": null,
            "research_to_sale_ratio": null,
            "price_fair": 81.38,
            "eps_avg_yearly": 2.33,
            "eps_latest_yearly": 2.2,
            "eps_growth_yearly": 29.42
        },
        "20082": {
            "year_quarter": 20082,
            "year": 2008,
            "quarter": 2,
            "eps": 0.73,
            "eps_growth_year": null,
            "eps_4q": 2.93,
            "eps_4q_growth_year": 258.95,
            "roe": 3.56,
            "roe_4q": 14.39,
            "gross_profit": 105855,
            "gross_margin": 14.73,
            "gross_margin_4q_avg": 17.89,
            "net_income": 50421,
            "revenue": 718510,
            "common_shares": 665160,
            "book_valuer_per_share": 21.68,
            "book_valuer_per_share_4q_avg": 21.35,
            "equity": 1442075,
            "current_ratio": 196.41,
            "debt_ratio": 30.08,
            "inventory_turnover_ratio": 4.57,
            "account_receivable_turnover_ratio": null,
            "reinvestment_rate": 5.34,
            "research_to_sale_ratio": null,
            "price_fair": 83.69,
            "eps_avg_yearly": 2.39,
            "eps_latest_yearly": 2.92,
            "eps_growth_yearly": 40.7
        },
        "20083": {
            "year_quarter": 20083,
            "year": 2008,
            "quarter": 3,
            "eps": 0.71,
            "eps_growth_year": -7.79,
            "eps_4q": 2.89,
            "eps_4q_growth_year": 127.3,
            "roe": 3.49,
            "roe_4q": 14.24,
            "gross_profit": 57465,
            "gross_margin": 12.85,
            "gross_margin_4q_avg": 16.36,
            "net_income": 49469,
            "revenue": 447101,
            "common_shares": 695844,
            "book_valuer_per_share": 20.01,
            "book_valuer_per_share_4q_avg": 21,
            "equity": 1392314,
            "current_ratio": 247.61,
            "debt_ratio": 24.23,
            "inventory_turnover_ratio": 4,
            "account_receivable_turnover_ratio": null,
            "reinvestment_rate": 1.11,
            "research_to_sale_ratio": null,
            "price_fair": 85.26,
            "eps_avg_yearly": 2.44,
            "eps_latest_yearly": 2.84,
            "eps_growth_yearly": 35.53
        },
        "20084": {
            "year_quarter": 20084,
            "year": 2008,
            "quarter": 4,
            "eps": -0.61,
            "eps_growth_year": -161,
            "eps_4q": 1.36,
            "eps_4q_growth_year": -23.45,
            "roe": -3.18,
            "roe_4q": 6.470000000000001,
            "gross_profit": 10619,
            "gross_margin": 7.48,
            "gross_margin_4q_avg": 14.13,
            "net_income": -42129,
            "revenue": 141873,
            "common_shares": 679354,
            "book_valuer_per_share": 18.49,
            "book_valuer_per_share_4q_avg": 20.29,
            "equity": 1255931,
            "current_ratio": 355.76,
            "debt_ratio": 15.83,
            "inventory_turnover_ratio": 1.62,
            "account_receivable_turnover_ratio": 8.3,
            "reinvestment_rate": 0.96,
            "research_to_sale_ratio": null,
            "price_fair": 85.26,
            "eps_avg_yearly": 2.44,
            "eps_latest_yearly": 2.84,
            "eps_growth_yearly": 35.53
        },
        "20091": {
            "year_quarter": 20091,
            "year": 2009,
            "quarter": 1,
            "eps": -0.19,
            "eps_growth_year": -134.55,
            "eps_4q": 0.66,
            "eps_4q_growth_year": -68.52,
            "roe": -0.99,
            "roe_4q": 2.8800000000000003,
            "gross_profit": 13947,
            "gross_margin": 16.14,
            "gross_margin_4q_avg": 12.8,
            "net_income": -12994,
            "revenue": 86405,
            "common_shares": 679354,
            "book_valuer_per_share": 20.15,
            "book_valuer_per_share_4q_avg": 20.08,
            "equity": 1369169,
            "current_ratio": 352.11,
            "debt_ratio": 14.42,
            "inventory_turnover_ratio": 1.01,
            "account_receivable_turnover_ratio": 1.89,
            "reinvestment_rate": 3.13,
            "research_to_sale_ratio": null,
            "price_fair": 85.26,
            "eps_avg_yearly": 2.44,
            "eps_latest_yearly": 2.84,
            "eps_growth_yearly": 35.53
        },
        "20092": {
            "year_quarter": 20092,
            "year": 2009,
            "quarter": 2,
            "eps": 0.37,
            "eps_growth_year": -49.32,
            "eps_4q": 0.29,
            "eps_4q_growth_year": -90.11,
            "roe": 1.79,
            "roe_4q": 1.1100000000000003,
            "gross_profit": 29832,
            "gross_margin": 16.24,
            "gross_margin_4q_avg": 13.18,
            "net_income": 26086,
            "revenue": 183661,
            "common_shares": 679554,
            "book_valuer_per_share": 22.82,
            "book_valuer_per_share_4q_avg": 20.37,
            "equity": 1550949,
            "current_ratio": 339.92,
            "debt_ratio": 14.18,
            "inventory_turnover_ratio": 2.36,
            "account_receivable_turnover_ratio": 2.69,
            "reinvestment_rate": 3.16,
            "research_to_sale_ratio": null,
            "price_fair": 88.2,
            "eps_avg_yearly": 2.52,
            "eps_latest_yearly": 2.84,
            "eps_growth_yearly": 39.48
        },
        "20093": {
            "year_quarter": 20093,
            "year": 2009,
            "quarter": 3,
            "eps": 0.61,
            "eps_growth_year": -14.08,
            "eps_4q": 0.2,
            "eps_4q_growth_year": -92.99,
            "roe": 2.62,
            "roe_4q": 0.23999999999999977,
            "gross_profit": 24662,
            "gross_margin": 16.45,
            "gross_margin_4q_avg": 14.08,
            "net_income": 43500,
            "revenue": 149897,
            "common_shares": 714819,
            "book_valuer_per_share": 24.71,
            "book_valuer_per_share_4q_avg": 21.54,
            "equity": 1766154,
            "current_ratio": 360.54,
            "debt_ratio": 14.25,
            "inventory_turnover_ratio": 1.13,
            "account_receivable_turnover_ratio": 1.88,
            "reinvestment_rate": 3.76,
            "research_to_sale_ratio": null,
            "price_fair": 6.51,
            "eps_avg_yearly": 2.17,
            "eps_latest_yearly": 2.44,
            "eps_growth_yearly": -35.39
        },
        "20094": {
            "year_quarter": 20094,
            "year": 2009,
            "quarter": 4,
            "eps": 0.51,
            "eps_growth_year": null,
            "eps_4q": 1.29,
            "eps_4q_growth_year": -5.29,
            "roe": 2.02,
            "roe_4q": 5.44,
            "gross_profit": 52724,
            "gross_margin": 16.03,
            "gross_margin_4q_avg": 16.22,
            "net_income": 36301,
            "revenue": 328928,
            "common_shares": 721157,
            "book_valuer_per_share": 25.26,
            "book_valuer_per_share_4q_avg": 23.24,
            "equity": 1821952,
            "current_ratio": 466.08,
            "debt_ratio": 11.81,
            "inventory_turnover_ratio": 2.14,
            "account_receivable_turnover_ratio": 4.54,
            "reinvestment_rate": 269.05,
            "research_to_sale_ratio": null,
            "price_fair": 6.63,
            "eps_avg_yearly": 2.21,
            "eps_latest_yearly": 2.04,
            "eps_growth_yearly": -11.57
        },
        "20101": {
            "year_quarter": 20101,
            "year": 2010,
            "quarter": 1,
            "eps": 0.06,
            "eps_growth_year": null,
            "eps_4q": 1.51,
            "eps_4q_growth_year": 128.47,
            "roe": 0.23,
            "roe_4q": 6.66,
            "gross_profit": 45746,
            "gross_margin": 17.3,
            "gross_margin_4q_avg": 16.51,
            "net_income": 4106,
            "revenue": 264361,
            "common_shares": 721157,
            "book_valuer_per_share": 0,
            "book_valuer_per_share_4q_avg": 18.2,
            "equity": 1742817,
            "current_ratio": 388.15,
            "debt_ratio": 15.33,
            "inventory_turnover_ratio": 2.03,
            "account_receivable_turnover_ratio": 1.61,
            "reinvestment_rate": 238.69,
            "research_to_sale_ratio": 8.5,
            "price_fair": 6.57,
            "eps_avg_yearly": 2.19,
            "eps_latest_yearly": 0.24,
            "eps_growth_yearly": -16.92
        },
        "20102": {
            "year_quarter": 20102,
            "year": 2010,
            "quarter": 2,
            "eps": 0.88,
            "eps_growth_year": 137.09,
            "eps_4q": 2.04,
            "eps_4q_growth_year": 603.17,
            "roe": 3.73,
            "roe_4q": 8.600000000000001,
            "gross_profit": 86508,
            "gross_margin": 17.37,
            "gross_margin_4q_avg": 16.79,
            "net_income": 63420,
            "revenue": 497943,
            "common_shares": 722967,
            "book_valuer_per_share": 0,
            "book_valuer_per_share_4q_avg": 12.49,
            "equity": 1661882,
            "current_ratio": 257.27,
            "debt_ratio": 24.9,
            "inventory_turnover_ratio": 3.69,
            "account_receivable_turnover_ratio": 1.94,
            "reinvestment_rate": 161.85,
            "research_to_sale_ratio": 8.77,
            "price_fair": 81.34,
            "eps_avg_yearly": 2.32,
            "eps_latest_yearly": 3.52,
            "eps_growth_yearly": 531.44
        },
        "20103": {
            "year_quarter": 20103,
            "year": 2010,
            "quarter": 3,
            "eps": 0.48,
            "eps_growth_year": -20.88,
            "eps_4q": 1.92,
            "eps_4q_growth_year": 846.06,
            "roe": 2.14,
            "roe_4q": 8.120000000000001,
            "gross_profit": 95667,
            "gross_margin": 16.96,
            "gross_margin_4q_avg": 16.92,
            "net_income": 34892,
            "revenue": 563989,
            "common_shares": 722967,
            "book_valuer_per_share": 0,
            "book_valuer_per_share_4q_avg": 6.32,
            "equity": 1606369,
            "current_ratio": 283.95,
            "debt_ratio": 23.4,
            "inventory_turnover_ratio": 4.16,
            "account_receivable_turnover_ratio": 1.74,
            "reinvestment_rate": 137,
            "research_to_sale_ratio": 6.82,
            "price_fair": 80.05,
            "eps_avg_yearly": 2.29,
            "eps_latest_yearly": 1.92,
            "eps_growth_yearly": 466.6
        },
        "20104": {
            "year_quarter": 20104,
            "year": 2010,
            "quarter": 4,
            "eps": 0.28,
            "eps_growth_year": -44.28,
            "eps_4q": 1.7,
            "eps_4q_growth_year": 32.04,
            "roe": 1.22,
            "roe_4q": 7.32,
            "gross_profit": 79281,
            "gross_margin": 14.84,
            "gross_margin_4q_avg": 16.62,
            "net_income": 20546,
            "revenue": 534124,
            "common_shares": 722967,
            "book_valuer_per_share": 24.18,
            "book_valuer_per_share_4q_avg": 6.05,
            "equity": 1748378,
            "current_ratio": 307.97,
            "debt_ratio": 20.35,
            "inventory_turnover_ratio": 4.22,
            "account_receivable_turnover_ratio": 1.88,
            "reinvestment_rate": 168.04,
            "research_to_sale_ratio": 7.37,
            "price_fair": 76.62,
            "eps_avg_yearly": 2.19,
            "eps_latest_yearly": 1.12,
            "eps_growth_yearly": 433.75
        },
        "20111": {
            "year_quarter": 20111,
            "year": 2011,
            "quarter": 1,
            "eps": 0.1,
            "eps_growth_year": 77.93,
            "eps_4q": 1.75,
            "eps_4q_growth_year": 16.12,
            "roe": 0.44,
            "roe_4q": 7.529999999999999,
            "gross_profit": 54405,
            "gross_margin": 16.38,
            "gross_margin_4q_avg": 16.39,
            "net_income": 7539,
            "revenue": 332050,
            "common_shares": 722967,
            "book_valuer_per_share": 23.37,
            "book_valuer_per_share_4q_avg": 11.89,
            "equity": 1689927,
            "current_ratio": 420.98,
            "debt_ratio": 14.8,
            "inventory_turnover_ratio": 2.81,
            "account_receivable_turnover_ratio": 1.48,
            "reinvestment_rate": 152.79,
            "research_to_sale_ratio": 8.45,
            "price_fair": 75.22,
            "eps_avg_yearly": 2.15,
            "eps_latest_yearly": 0.4,
            "eps_growth_yearly": 432.86
        },
        "20112": {
            "year_quarter": 20112,
            "year": 2011,
            "quarter": 2,
            "eps": 1.18,
            "eps_growth_year": 34.73,
            "eps_4q": 2.05,
            "eps_4q_growth_year": 0.74,
            "roe": 4.97,
            "roe_4q": 8.77,
            "gross_profit": 66070,
            "gross_margin": 14.63,
            "gross_margin_4q_avg": 15.7,
            "net_income": 85444,
            "revenue": 451721,
            "common_shares": 722967,
            "book_valuer_per_share": 24.14,
            "book_valuer_per_share_4q_avg": 17.92,
            "equity": 1745319,
            "current_ratio": 278.18,
            "debt_ratio": 24.32,
            "inventory_turnover_ratio": 3.82,
            "account_receivable_turnover_ratio": 1.72,
            "reinvestment_rate": 124.2,
            "research_to_sale_ratio": 8.52,
            "price_fair": 82.72,
            "eps_avg_yearly": 2.36,
            "eps_latest_yearly": 4.72,
            "eps_growth_yearly": 756.78
        },
        "20113": {
            "year_quarter": 20113,
            "year": 2011,
            "quarter": 3,
            "eps": 0.39,
            "eps_growth_year": -18.54,
            "eps_4q": 2.64,
            "eps_4q_growth_year": 37.4,
            "roe": 1.25,
            "roe_4q": 7.88,
            "gross_profit": 55509,
            "gross_margin": 16.97,
            "gross_margin_4q_avg": 15.71,
            "net_income": 19895,
            "revenue": 327130,
            "common_shares": 506077,
            "book_valuer_per_share": 28.57,
            "book_valuer_per_share_4q_avg": 25.07,
            "equity": 1445830,
            "current_ratio": 265.24,
            "debt_ratio": 26.46,
            "inventory_turnover_ratio": 2.54,
            "account_receivable_turnover_ratio": 1.28,
            "reinvestment_rate": 99.75,
            "research_to_sale_ratio": 11.4,
            "price_fair": 80.55,
            "eps_avg_yearly": 2.3,
            "eps_latest_yearly": 1.56,
            "eps_growth_yearly": 677.97
        },
        "20114": {
            "year_quarter": 20114,
            "year": 2011,
            "quarter": 4,
            "eps": 0.01,
            "eps_growth_year": -96.31,
            "eps_4q": 2.24,
            "eps_4q_growth_year": 31.76,
            "roe": 0.04,
            "roe_4q": 6.7,
            "gross_profit": 60282,
            "gross_margin": 11.1,
            "gross_margin_4q_avg": 14.77,
            "net_income": 531,
            "revenue": 542890,
            "common_shares": 506077,
            "book_valuer_per_share": 29.25,
            "book_valuer_per_share_4q_avg": 26.33,
            "equity": 1480407,
            "current_ratio": 288.87,
            "debt_ratio": 23.49,
            "inventory_turnover_ratio": 4.82,
            "account_receivable_turnover_ratio": 1.98,
            "reinvestment_rate": 122.33,
            "research_to_sale_ratio": 5.79,
            "price_fair": 69.89,
            "eps_avg_yearly": 2,
            "eps_latest_yearly": 0.04,
            "eps_growth_yearly": 638.8
        },
        "20121": {
            "year_quarter": 20121,
            "year": 2012,
            "quarter": 1,
            "eps": 0.1,
            "eps_growth_year": 0,
            "eps_4q": 2.19,
            "eps_4q_growth_year": 25.28,
            "roe": 0.32,
            "roe_4q": 6.58,
            "gross_profit": 52545,
            "gross_margin": 15.25,
            "gross_margin_4q_avg": 14.49,
            "net_income": 4976,
            "revenue": 344551,
            "common_shares": 506077,
            "book_valuer_per_share": 31.52,
            "book_valuer_per_share_4q_avg": 28.37,
            "equity": 1595397,
            "current_ratio": 470.57,
            "debt_ratio": 12.74,
            "inventory_turnover_ratio": 3.29,
            "account_receivable_turnover_ratio": 1.29,
            "reinvestment_rate": 161.22,
            "research_to_sale_ratio": 6.85,
            "price_fair": 65.05,
            "eps_avg_yearly": 1.86,
            "eps_latest_yearly": 0.4,
            "eps_growth_yearly": 929.57
        },
        "20122": {
            "year_quarter": 20122,
            "year": 2012,
            "quarter": 2,
            "eps": 0.7,
            "eps_growth_year": -40.9,
            "eps_4q": 1.2,
            "eps_4q_growth_year": -41.53,
            "roe": 2.24,
            "roe_4q": 3.85,
            "gross_profit": 70672,
            "gross_margin": 17.55,
            "gross_margin_4q_avg": 15.22,
            "net_income": 35349,
            "revenue": 402755,
            "common_shares": 506077,
            "book_valuer_per_share": 30.86,
            "book_valuer_per_share_4q_avg": 30.05,
            "equity": 1561972,
            "current_ratio": 310.18,
            "debt_ratio": 20,
            "inventory_turnover_ratio": 4.13,
            "account_receivable_turnover_ratio": 2.54,
            "reinvestment_rate": 171.65,
            "research_to_sale_ratio": 8.21,
            "price_fair": 64.72,
            "eps_avg_yearly": 1.85,
            "eps_latest_yearly": 2.8,
            "eps_growth_yearly": 1104.11
        },
        "20123": {
            "year_quarter": 20123,
            "year": 2012,
            "quarter": 3,
            "eps": 0.34,
            "eps_growth_year": -13.78,
            "eps_4q": 1.15,
            "eps_4q_growth_year": -56.52,
            "roe": 1.1,
            "roe_4q": 3.7,
            "gross_profit": 82374,
            "gross_margin": 20.53,
            "gross_margin_4q_avg": 16.11,
            "net_income": 17154,
            "revenue": 401328,
            "common_shares": 506077,
            "book_valuer_per_share": 30.96,
            "book_valuer_per_share_4q_avg": 30.65,
            "equity": 1566855,
            "current_ratio": 364.26,
            "debt_ratio": 16.79,
            "inventory_turnover_ratio": 4.35,
            "account_receivable_turnover_ratio": 2.97,
            "reinvestment_rate": 184.65,
            "research_to_sale_ratio": 8.53,
            "price_fair": 60.74,
            "eps_avg_yearly": 1.74,
            "eps_latest_yearly": 1.36,
            "eps_growth_yearly": 1089.13
        },
        "20124": {
            "year_quarter": 20124,
            "year": 2012,
            "quarter": 4,
            "eps": 0.07,
            "eps_growth_year": 592.5,
            "eps_4q": 1.21,
            "eps_4q_growth_year": -46.07,
            "roe": 0.24,
            "roe_4q": 3.9,
            "gross_profit": 58720,
            "gross_margin": 18.26,
            "gross_margin_4q_avg": 17.9,
            "net_income": 3677,
            "revenue": 321653,
            "common_shares": 506077,
            "book_valuer_per_share": 29.5,
            "book_valuer_per_share_4q_avg": 30.71,
            "equity": 1492694,
            "current_ratio": 406.71,
            "debt_ratio": 15.51,
            "inventory_turnover_ratio": 4.18,
            "account_receivable_turnover_ratio": 3.46,
            "reinvestment_rate": 142.55,
            "research_to_sale_ratio": 8.5,
            "price_fair": 57.1,
            "eps_avg_yearly": 1.63,
            "eps_latest_yearly": 0.28,
            "eps_growth_yearly": 988.65
        },
        "20131": {
            "year_quarter": 20131,
            "year": 2013,
            "quarter": 1,
            "eps": 0.11,
            "eps_growth_year": 10,
            "eps_4q": 1.22,
            "eps_4q_growth_year": -44.14,
            "roe": 0.39,
            "roe_4q": 3.97,
            "gross_profit": 52388,
            "gross_margin": 19.18,
            "gross_margin_4q_avg": 18.88,
            "net_income": 5733,
            "revenue": 273127,
            "common_shares": 506077,
            "book_valuer_per_share": 29.21,
            "book_valuer_per_share_4q_avg": 30.13,
            "equity": 1478343,
            "current_ratio": 476.19,
            "debt_ratio": 13.34,
            "inventory_turnover_ratio": 4.03,
            "account_receivable_turnover_ratio": 3.66,
            "reinvestment_rate": 128.81,
            "research_to_sale_ratio": 9.58,
            "price_fair": 54.32,
            "eps_avg_yearly": 1.55,
            "eps_latest_yearly": 0.44,
            "eps_growth_yearly": 937.98
        },
        "20132": {
            "year_quarter": 20132,
            "year": 2013,
            "quarter": 2,
            "eps": 0.51,
            "eps_growth_year": -26.99,
            "eps_4q": 1.04,
            "eps_4q_growth_year": -13.47,
            "roe": 1.79,
            "roe_4q": 3.52,
            "gross_profit": 56381,
            "gross_margin": 21.65,
            "gross_margin_4q_avg": 19.91,
            "net_income": 26001,
            "revenue": 260393,
            "common_shares": 506077,
            "book_valuer_per_share": 28.29,
            "book_valuer_per_share_4q_avg": 29.49,
            "equity": 1431562,
            "current_ratio": 349.82,
            "debt_ratio": 18.6,
            "inventory_turnover_ratio": 3.09,
            "account_receivable_turnover_ratio": 2.47,
            "reinvestment_rate": 125.56,
            "research_to_sale_ratio": 14.45,
            "price_fair": 55.39,
            "eps_avg_yearly": 1.58,
            "eps_latest_yearly": 2.04,
            "eps_growth_yearly": 970.26
        },
        "20133": {
            "year_quarter": 20133,
            "year": 2013,
            "quarter": 3,
            "eps": 0.52,
            "eps_growth_year": 53.41,
            "eps_4q": 1.22,
            "eps_4q_growth_year": 6.27,
            "roe": 1.82,
            "roe_4q": 4.24,
            "gross_profit": 91033,
            "gross_margin": 22.05,
            "gross_margin_4q_avg": 20.29,
            "net_income": 26234,
            "revenue": 412818,
            "common_shares": 506077,
            "book_valuer_per_share": 28.66,
            "book_valuer_per_share_4q_avg": 28.92,
            "equity": 1450436,
            "current_ratio": 332.46,
            "debt_ratio": 20.05,
            "inventory_turnover_ratio": 4.06,
            "account_receivable_turnover_ratio": 2.44,
            "reinvestment_rate": 128.9,
            "research_to_sale_ratio": 8.77,
            "price_fair": 54.6,
            "eps_avg_yearly": 1.56,
            "eps_latest_yearly": 2.08,
            "eps_growth_yearly": 954.54
        },
        "20134": {
            "year_quarter": 20134,
            "year": 2013,
            "quarter": 4,
            "eps": 0.88,
            "eps_growth_year": 1108.65,
            "eps_4q": 2.02,
            "eps_4q_growth_year": 67.46,
            "roe": 2.97,
            "roe_4q": 6.97,
            "gross_profit": 123748,
            "gross_margin": 26.15,
            "gross_margin_4q_avg": 22.26,
            "net_income": 44442,
            "revenue": 473251,
            "common_shares": 506077,
            "book_valuer_per_share": 30.46,
            "book_valuer_per_share_4q_avg": 29.16,
            "equity": 1541403,
            "current_ratio": 336.61,
            "debt_ratio": 19.57,
            "inventory_turnover_ratio": 4.17,
            "account_receivable_turnover_ratio": 2.51,
            "reinvestment_rate": -64.49,
            "research_to_sale_ratio": 8.24,
            "price_fair": 57.84,
            "eps_avg_yearly": 1.65,
            "eps_latest_yearly": 3.52,
            "eps_growth_yearly": 975.94
        },
        "20141": {
            "year_quarter": 20141,
            "year": 2014,
            "quarter": 1,
            "eps": 0.35,
            "eps_growth_year": 218.18,
            "eps_4q": 2.26,
            "eps_4q_growth_year": 84.54,
            "roe": 1.1,
            "roe_4q": 7.680000000000001,
            "gross_profit": 76623,
            "gross_margin": 23.07,
            "gross_margin_4q_avg": 23.23,
            "net_income": 17580,
            "revenue": 332103,
            "common_shares": 506077,
            "book_valuer_per_share": 32.81,
            "book_valuer_per_share_4q_avg": 30.06,
            "equity": 1660344,
            "current_ratio": 451.67,
            "debt_ratio": 13.45,
            "inventory_turnover_ratio": 2.99,
            "account_receivable_turnover_ratio": 2.55,
            "reinvestment_rate": -15.06,
            "research_to_sale_ratio": 10.97,
            "price_fair": 60.38,
            "eps_avg_yearly": 1.73,
            "eps_latest_yearly": 1.4,
            "eps_growth_yearly": 982.94
        },
        "20142": {
            "year_quarter": 20142,
            "year": 2014,
            "quarter": 2,
            "eps": 0.59,
            "eps_growth_year": 15.69,
            "eps_4q": 2.34,
            "eps_4q_growth_year": 124.95,
            "roe": 1.82,
            "roe_4q": 7.710000000000001,
            "gross_profit": 66025,
            "gross_margin": 23.23,
            "gross_margin_4q_avg": 23.63,
            "net_income": 29988,
            "revenue": 284229,
            "common_shares": 506077,
            "book_valuer_per_share": 32.4,
            "book_valuer_per_share_4q_avg": 31.08,
            "equity": 1639584,
            "current_ratio": 331.06,
            "debt_ratio": 18.15,
            "inventory_turnover_ratio": 2.29,
            "account_receivable_turnover_ratio": 2.73,
            "reinvestment_rate": 4.88,
            "research_to_sale_ratio": 13.33,
            "price_fair": 57.84,
            "eps_avg_yearly": 1.65,
            "eps_latest_yearly": 2.36,
            "eps_growth_yearly": 658.42
        },
        "20143": {
            "year_quarter": 20143,
            "year": 2014,
            "quarter": 3,
            "eps": 0.47,
            "eps_growth_year": -9.62,
            "eps_4q": 2.29,
            "eps_4q_growth_year": 87.6,
            "roe": 1.47,
            "roe_4q": 7.360000000000001,
            "gross_profit": 90314,
            "gross_margin": 22.64,
            "gross_margin_4q_avg": 23.77,
            "net_income": 23637,
            "revenue": 398844,
            "common_shares": 506077,
            "book_valuer_per_share": 31.3,
            "book_valuer_per_share_4q_avg": 31.74,
            "equity": 1584043,
            "current_ratio": 367.84,
            "debt_ratio": 16.86,
            "inventory_turnover_ratio": 2.86,
            "account_receivable_turnover_ratio": 3.22,
            "reinvestment_rate": 7.26,
            "research_to_sale_ratio": 9.61,
            "price_fair": 57.75,
            "eps_avg_yearly": 1.65,
            "eps_latest_yearly": 1.88,
            "eps_growth_yearly": 664.7
        },
        "20144": {
            "year_quarter": 20144,
            "year": 2014,
            "quarter": 4,
            "eps": 0.24,
            "eps_growth_year": -73.12,
            "eps_4q": 1.64,
            "eps_4q_growth_year": -18.81,
            "roe": 0.75,
            "roe_4q": 5.140000000000001,
            "gross_profit": 79442,
            "gross_margin": 21.58,
            "gross_margin_4q_avg": 22.63,
            "net_income": 11945,
            "revenue": 368058,
            "common_shares": 506077,
            "book_valuer_per_share": 31.83,
            "book_valuer_per_share_4q_avg": 32.09,
            "equity": 1610696,
            "current_ratio": 421.95,
            "debt_ratio": 14.6,
            "inventory_turnover_ratio": 3.05,
            "account_receivable_turnover_ratio": 3.2,
            "reinvestment_rate": -20.62,
            "research_to_sale_ratio": 11.72,
            "price_fair": 57.4,
            "eps_avg_yearly": 1.64,
            "eps_latest_yearly": 0.96,
            "eps_growth_yearly": 662.88
        },
        "20151": {
            "year_quarter": 20151,
            "year": 2015,
            "quarter": 1,
            "eps": 0.11,
            "eps_growth_year": -68.57,
            "eps_4q": 1.4,
            "eps_4q_growth_year": -37.91,
            "roe": 0.34,
            "roe_4q": 4.38,
            "gross_profit": 63000,
            "gross_margin": 21.87,
            "gross_margin_4q_avg": 22.33,
            "net_income": 5371,
            "revenue": 288056,
            "common_shares": 506077,
            "book_valuer_per_share": 31.35,
            "book_valuer_per_share_4q_avg": 31.72,
            "equity": 1586777,
            "current_ratio": 455.32,
            "debt_ratio": 13.62,
            "inventory_turnover_ratio": 2.73,
            "account_receivable_turnover_ratio": 3.07,
            "reinvestment_rate": -8.83,
            "research_to_sale_ratio": 13.18,
            "price_fair": 57.49,
            "eps_avg_yearly": 1.64,
            "eps_latest_yearly": 0.44,
            "eps_growth_yearly": 665.41
        },
        "20152": {
            "year_quarter": 20152,
            "year": 2015,
            "quarter": 2,
            "eps": 0.6,
            "eps_growth_year": 1.69,
            "eps_4q": 1.41,
            "eps_4q_growth_year": -39.68,
            "roe": 1.95,
            "roe_4q": 4.51,
            "gross_profit": 68363,
            "gross_margin": 22.25,
            "gross_margin_4q_avg": 22.09,
            "net_income": 30376,
            "revenue": 307240,
            "common_shares": 506077,
            "book_valuer_per_share": 30.14,
            "book_valuer_per_share_4q_avg": 31.16,
            "equity": 1525138,
            "current_ratio": 354.49,
            "debt_ratio": 17.87,
            "inventory_turnover_ratio": 2.76,
            "account_receivable_turnover_ratio": 3.42,
            "reinvestment_rate": -17.88,
            "research_to_sale_ratio": 13.9,
            "price_fair": 52.41,
            "eps_avg_yearly": 1.5,
            "eps_latest_yearly": 2.4,
            "eps_growth_yearly": 506.78
        },
        "20153": {
            "year_quarter": 20153,
            "year": 2015,
            "quarter": 3,
            "eps": 0.3,
            "eps_growth_year": -36.17,
            "eps_4q": 1.24,
            "eps_4q_growth_year": -45.62,
            "roe": 1.03,
            "roe_4q": 4.07,
            "gross_profit": 90209,
            "gross_margin": 24,
            "gross_margin_4q_avg": 22.43,
            "net_income": 15194,
            "revenue": 375834,
            "common_shares": 506077,
            "book_valuer_per_share": 27.89,
            "book_valuer_per_share_4q_avg": 30.3,
            "equity": 1411589,
            "current_ratio": 368.04,
            "debt_ratio": 18.47,
            "inventory_turnover_ratio": 3.11,
            "account_receivable_turnover_ratio": 3.64,
            "reinvestment_rate": -7.67,
            "research_to_sale_ratio": 12.05,
            "price_fair": 51.63,
            "eps_avg_yearly": 1.48,
            "eps_latest_yearly": 1.2,
            "eps_growth_yearly": 511.01
        },
        "20154": {
            "year_quarter": 20154,
            "year": 2015,
            "quarter": 4,
            "eps": 0.1,
            "eps_growth_year": -56.17,
            "eps_4q": 1.11,
            "eps_4q_growth_year": -32.44,
            "roe": 0.37,
            "roe_4q": 3.6899999999999995,
            "gross_profit": 75437,
            "gross_margin": 22.61,
            "gross_margin_4q_avg": 22.68,
            "net_income": 5235,
            "revenue": 333580,
            "common_shares": 506077,
            "book_valuer_per_share": 27.3,
            "book_valuer_per_share_4q_avg": 29.17,
            "equity": 1381383,
            "current_ratio": 426.16,
            "debt_ratio": 16.21,
            "inventory_turnover_ratio": 2.68,
            "account_receivable_turnover_ratio": 3.86,
            "reinvestment_rate": -29.67,
            "research_to_sale_ratio": 15.59,
            "price_fair": 52.41,
            "eps_avg_yearly": 1.5,
            "eps_latest_yearly": 0.4,
            "eps_growth_yearly": 518.71
        },
        "20161": {
            "year_quarter": 20161,
            "year": 2016,
            "quarter": 1,
            "eps": 0.13,
            "eps_growth_year": 18.18,
            "eps_4q": 1.13,
            "eps_4q_growth_year": -19.38,
            "roe": 0.46,
            "roe_4q": 3.81,
            "gross_profit": 75811,
            "gross_margin": 23.35,
            "gross_margin_4q_avg": 23.05,
            "net_income": 6390,
            "revenue": 324675,
            "common_shares": 506077,
            "book_valuer_per_share": 27.93,
            "book_valuer_per_share_4q_avg": 28.32,
            "equity": 1413695,
            "current_ratio": 414.18,
            "debt_ratio": 16.53,
            "inventory_turnover_ratio": 2.42,
            "account_receivable_turnover_ratio": 4.98,
            "reinvestment_rate": -58.43,
            "research_to_sale_ratio": 13.39,
            "price_fair": 52.68,
            "eps_avg_yearly": 1.51,
            "eps_latest_yearly": 0.52,
            "eps_growth_yearly": 301.21
        },
        "20162": {
            "year_quarter": 20162,
            "year": 2016,
            "quarter": 2,
            "eps": 0.61,
            "eps_growth_year": 1.67,
            "eps_4q": 1.14,
            "eps_4q_growth_year": -19.34,
            "roe": 2.16,
            "roe_4q": 4.0200000000000005,
            "gross_profit": 86021,
            "gross_margin": 24.36,
            "gross_margin_4q_avg": 23.58,
            "net_income": 30712,
            "revenue": 353080,
            "common_shares": 506077,
            "book_valuer_per_share": 28.31,
            "book_valuer_per_share_4q_avg": 27.86,
            "equity": 1432566,
            "current_ratio": 323.16,
            "debt_ratio": 21.14,
            "inventory_turnover_ratio": 2.35,
            "account_receivable_turnover_ratio": 3.78,
            "reinvestment_rate": -51.96,
            "research_to_sale_ratio": 15.87,
            "price_fair": 51.89,
            "eps_avg_yearly": 1.48,
            "eps_latest_yearly": 2.44,
            "eps_growth_yearly": 243.51
        },
        "20163": {
            "year_quarter": 20163,
            "year": 2016,
            "quarter": 3,
            "eps": 0.07,
            "eps_growth_year": -76.67,
            "eps_4q": 0.91,
            "eps_4q_growth_year": -26.7,
            "roe": 0.26,
            "roe_4q": 3.25,
            "gross_profit": 81788,
            "gross_margin": 24.26,
            "gross_margin_4q_avg": 23.65,
            "net_income": 3756,
            "revenue": 337141,
            "common_shares": 506077,
            "book_valuer_per_share": 29.08,
            "book_valuer_per_share_4q_avg": 28.16,
            "equity": 1471848,
            "current_ratio": 429.94,
            "debt_ratio": 15.07,
            "inventory_turnover_ratio": 2.31,
            "account_receivable_turnover_ratio": 3.66,
            "reinvestment_rate": -36.56,
            "research_to_sale_ratio": 14.86,
            "price_fair": 49.53,
            "eps_avg_yearly": 1.42,
            "eps_latest_yearly": 0.28,
            "eps_growth_yearly": 234.24
        },
        "20164": {
            "year_quarter": 20164,
            "year": 2016,
            "quarter": 4,
            "eps": -0.6,
            "eps_growth_year": -676.81,
            "eps_4q": 0.21,
            "eps_4q_growth_year": -81.02,
            "roe": -2.1,
            "roe_4q": 0.78,
            "gross_profit": 49164,
            "gross_margin": 16.32,
            "gross_margin_4q_avg": 22.07,
            "net_income": -30196,
            "revenue": 301316,
            "common_shares": 506077,
            "book_valuer_per_share": 27.7,
            "book_valuer_per_share_4q_avg": 28.26,
            "equity": 1402060,
            "current_ratio": 329.14,
            "debt_ratio": 19.63,
            "inventory_turnover_ratio": 2.57,
            "account_receivable_turnover_ratio": 3.05,
            "reinvestment_rate": -26.97,
            "research_to_sale_ratio": 16.98,
            "price_fair": 52.17,
            "eps_avg_yearly": 1.49,
            "eps_latest_yearly": 0.28,
            "eps_growth_yearly": 271.03
        },
        "20171": {
            "year_quarter": 20171,
            "year": 2017,
            "quarter": 1,
            "eps": -0.18,
            "eps_growth_year": -238.46,
            "eps_4q": -0.09,
            "eps_4q_growth_year": -108.37,
            "roe": -0.65,
            "roe_4q": -0.33000000000000007,
            "gross_profit": 56497,
            "gross_margin": 24.75,
            "gross_margin_4q_avg": 22.42,
            "net_income": -9062,
            "revenue": 228254,
            "common_shares": 506077,
            "book_valuer_per_share": 27.75,
            "book_valuer_per_share_4q_avg": 28.21,
            "equity": 1404265,
            "current_ratio": 533.06,
            "debt_ratio": 11.34,
            "inventory_turnover_ratio": 1.79,
            "account_receivable_turnover_ratio": 2.35,
            "reinvestment_rate": -13.46,
            "research_to_sale_ratio": 18.1,
            "price_fair": 54.8,
            "eps_avg_yearly": 1.57,
            "eps_latest_yearly": 0.28,
            "eps_growth_yearly": 274.06
        },
        "20172": {
            "year_quarter": 20172,
            "year": 2017,
            "quarter": 2,
            "eps": -0.18,
            "eps_growth_year": -129.51,
            "eps_4q": -0.88,
            "eps_4q_growth_year": -177.13,
            "roe": -0.62,
            "roe_4q": -3.1100000000000003,
            "gross_profit": 56089,
            "gross_margin": 19.23,
            "gross_margin_4q_avg": 21.14,
            "net_income": -8870,
            "revenue": 291642,
            "common_shares": 506077,
            "book_valuer_per_share": 28.72,
            "book_valuer_per_share_4q_avg": 28.31,
            "equity": 1453662,
            "current_ratio": 356.24,
            "debt_ratio": 16.61,
            "inventory_turnover_ratio": 2.56,
            "account_receivable_turnover_ratio": 3.41,
            "reinvestment_rate": 32.71,
            "research_to_sale_ratio": 18.96,
            "price_fair": 53.52,
            "eps_avg_yearly": 1.53,
            "eps_latest_yearly": 0.28,
            "eps_growth_yearly": 183.26
        },
        "20173": {
            "year_quarter": 20173,
            "year": 2017,
            "quarter": 3,
            "eps": -0.24,
            "eps_growth_year": -442.86,
            "eps_4q": -1.19,
            "eps_4q_growth_year": -230.46,
            "roe": -0.83,
            "roe_4q": -4.2,
            "gross_profit": 69667,
            "gross_margin": 18.64,
            "gross_margin_4q_avg": 19.74,
            "net_income": -12005,
            "revenue": 373718,
            "common_shares": 506077,
            "book_valuer_per_share": 28.15,
            "book_valuer_per_share_4q_avg": 28.08,
            "equity": 1424703,
            "current_ratio": 334.12,
            "debt_ratio": 17.98,
            "inventory_turnover_ratio": 3.53,
            "account_receivable_turnover_ratio": 4.08,
            "reinvestment_rate": 33.45,
            "research_to_sale_ratio": 10.86,
            "price_fair": 51.92,
            "eps_avg_yearly": 1.48,
            "eps_latest_yearly": 0.28,
            "eps_growth_yearly": 197.88
        },
        "20174": {
            "year_quarter": 20174,
            "year": 2017,
            "quarter": 4,
            "eps": -0.31,
            "eps_growth_year": null,
            "eps_4q": -0.9,
            "eps_4q_growth_year": -528.27,
            "roe": -1.14,
            "roe_4q": -3.2399999999999998,
            "gross_profit": 53125,
            "gross_margin": 18.54,
            "gross_margin_4q_avg": 20.29,
            "net_income": -15725,
            "revenue": 286591,
            "common_shares": 506077,
            "book_valuer_per_share": 26.53,
            "book_valuer_per_share_4q_avg": 27.79,
            "equity": 1342451,
            "current_ratio": 371.96,
            "debt_ratio": 16.51,
            "inventory_turnover_ratio": 2.64,
            "account_receivable_turnover_ratio": 3.62,
            "reinvestment_rate": -50.28,
            "research_to_sale_ratio": 13.31,
            "price_fair": 45.44,
            "eps_avg_yearly": 1.3,
            "eps_latest_yearly": 0.28,
            "eps_growth_yearly": 190.69
        },
        "20181": {
            "year_quarter": 20181,
            "year": 2018,
            "quarter": 1,
            "eps": 0.04,
            "eps_growth_year": null,
            "eps_4q": -0.68,
            "eps_4q_growth_year": null,
            "roe": 0.16,
            "roe_4q": -2.4299999999999997,
            "gross_profit": 67694,
            "gross_margin": 22.28,
            "gross_margin_4q_avg": 19.67,
            "net_income": 2198,
            "revenue": 303901,
            "common_shares": 506077,
            "book_valuer_per_share": 26.13,
            "book_valuer_per_share_4q_avg": 27.38,
            "equity": 1322161,
            "current_ratio": 403.92,
            "debt_ratio": 14.39,
            "inventory_turnover_ratio": 2.72,
            "account_receivable_turnover_ratio": 3.75,
            "reinvestment_rate": -743.63,
            "research_to_sale_ratio": 11.46,
            "price_fair": 45.08,
            "eps_avg_yearly": 1.29,
            "eps_latest_yearly": 0.28,
            "eps_growth_yearly": 233.85
        },
        "20182": {
            "year_quarter": 20182,
            "year": 2018,
            "quarter": 2,
            "eps": 0.58,
            "eps_growth_year": null,
            "eps_4q": 0.07,
            "eps_4q_growth_year": null,
            "roe": 2.24,
            "roe_4q": 0.4300000000000005,
            "gross_profit": 72292,
            "gross_margin": 20.72,
            "gross_margin_4q_avg": 20.05,
            "net_income": 29221,
            "revenue": 348856,
            "common_shares": 506077,
            "book_valuer_per_share": 25.39,
            "book_valuer_per_share_4q_avg": 26.55,
            "equity": 1284976,
            "current_ratio": 281.45,
            "debt_ratio": 20.02,
            "inventory_turnover_ratio": 3.24,
            "account_receivable_turnover_ratio": 3.06,
            "reinvestment_rate": -800.45,
            "research_to_sale_ratio": 11.88,
            "price_fair": 44.94,
            "eps_avg_yearly": 1.28,
            "eps_latest_yearly": 2.32,
            "eps_growth_yearly": 746.42
        },
        "20183": {
            "year_quarter": 20183,
            "year": 2018,
            "quarter": 3,
            "eps": -0.21,
            "eps_growth_year": null,
            "eps_4q": 0.1,
            "eps_4q_growth_year": null,
            "roe": -0.84,
            "roe_4q": 0.4200000000000004,
            "gross_profit": 48667,
            "gross_margin": 17.4,
            "gross_margin_4q_avg": 19.74,
            "net_income": -10728,
            "revenue": 279752,
            "common_shares": 506077,
            "book_valuer_per_share": 25.31,
            "book_valuer_per_share_4q_avg": 25.84,
            "equity": 1280957,
            "current_ratio": 366.16,
            "debt_ratio": 14.46,
            "inventory_turnover_ratio": 2.96,
            "account_receivable_turnover_ratio": 2.85,
            "reinvestment_rate": -1158.94,
            "research_to_sale_ratio": 14.61,
            "price_fair": 42.62,
            "eps_avg_yearly": 1.22,
            "eps_latest_yearly": 2.32,
            "eps_growth_yearly": 838.4
        },
        "20184": {
            "year_quarter": 20184,
            "year": 2018,
            "quarter": 4,
            "eps": -0.31,
            "eps_growth_year": null,
            "eps_4q": 0.1,
            "eps_4q_growth_year": null,
            "roe": -1.24,
            "roe_4q": 0.3200000000000002,
            "gross_profit": 53351,
            "gross_margin": 22.79,
            "gross_margin_4q_avg": 20.8,
            "net_income": -15648,
            "revenue": 234107,
            "common_shares": 506077,
            "book_valuer_per_share": 24.63,
            "book_valuer_per_share_4q_avg": 25.37,
            "equity": 1246705,
            "current_ratio": 331.62,
            "debt_ratio": 16.25,
            "inventory_turnover_ratio": 2.55,
            "account_receivable_turnover_ratio": 3.07,
            "reinvestment_rate": -2440.86,
            "research_to_sale_ratio": 17.31,
            "price_fair": 43.75,
            "eps_avg_yearly": 1.25,
            "eps_latest_yearly": 2.32,
            "eps_growth_yearly": 967.66
        },
        "20191": {
            "year_quarter": 20191,
            "year": 2019,
            "quarter": 1,
            "eps": 0.05,
            "eps_growth_year": 25,
            "eps_4q": 0.11,
            "eps_4q_growth_year": null,
            "roe": 0.21,
            "roe_4q": 0.3700000000000001,
            "gross_profit": 62561,
            "gross_margin": 20.1,
            "gross_margin_4q_avg": 20.25,
            "net_income": 2734,
            "revenue": 311244,
            "common_shares": 506077,
            "book_valuer_per_share": 25.84,
            "book_valuer_per_share_4q_avg": 25.29,
            "equity": 1307454,
            "current_ratio": 299.61,
            "debt_ratio": 18.19,
            "inventory_turnover_ratio": 3.12,
            "account_receivable_turnover_ratio": 2.96,
            "reinvestment_rate": -2605.44,
            "research_to_sale_ratio": 10.64,
            "price_fair": 47.8,
            "eps_avg_yearly": 1.37,
            "eps_latest_yearly": 2.32,
            "eps_growth_yearly": 1136.85
        },
        "20192": {
            "year_quarter": 20192,
            "year": 2019,
            "quarter": 2,
            "eps": 0.85,
            "eps_growth_year": 46.55,
            "eps_4q": 0.38,
            "eps_4q_growth_year": 422.8,
            "roe": 3.22,
            "roe_4q": 1.3500000000000005,
            "gross_profit": 101805,
            "gross_margin": 21.58,
            "gross_margin_4q_avg": 20.47,
            "net_income": 42928,
            "revenue": 471866,
            "common_shares": 506077,
            "book_valuer_per_share": 26.9,
            "book_valuer_per_share_4q_avg": 25.67,
            "equity": 1361358,
            "current_ratio": 231.39,
            "debt_ratio": 24.74,
            "inventory_turnover_ratio": 3.55,
            "account_receivable_turnover_ratio": 3.64,
            "reinvestment_rate": -1629.9,
            "research_to_sale_ratio": 10.99,
            "price_fair": 52.8,
            "eps_avg_yearly": 1.51,
            "eps_latest_yearly": 3.4,
            "eps_growth_yearly": 1796.59
        },
        "20193": {
            "year_quarter": 20193,
            "year": 2019,
            "quarter": 3,
            "eps": 0.2,
            "eps_growth_year": null,
            "eps_4q": 0.79,
            "eps_4q_growth_year": 705.4,
            "roe": 0.74,
            "roe_4q": 2.9299999999999997,
            "gross_profit": 79059,
            "gross_margin": 21.46,
            "gross_margin_4q_avg": 21.48,
            "net_income": 9982,
            "revenue": 368439,
            "common_shares": 506077,
            "book_valuer_per_share": 26.48,
            "book_valuer_per_share_4q_avg": 25.96,
            "equity": 1340231,
            "current_ratio": 295.7,
            "debt_ratio": 18.65,
            "inventory_turnover_ratio": 3.18,
            "account_receivable_turnover_ratio": 2.72,
            "reinvestment_rate": -1482.56,
            "research_to_sale_ratio": 12.42,
            "price_fair": 50.8,
            "eps_avg_yearly": 1.45,
            "eps_latest_yearly": 0.8,
            "eps_growth_yearly": 1781.47
        },
        "20194": {
            "year_quarter": 20194,
            "year": 2019,
            "quarter": 4,
            "eps": -0.09,
            "eps_growth_year": null,
            "eps_4q": 1.01,
            "eps_4q_growth_year": 912.65,
            "roe": -0.33,
            "roe_4q": 3.8400000000000003,
            "gross_profit": 54363,
            "gross_margin": 21.38,
            "gross_margin_4q_avg": 21.13,
            "net_income": -4576,
            "revenue": 254274,
            "common_shares": 506077,
            "book_valuer_per_share": 27.77,
            "book_valuer_per_share_4q_avg": 26.75,
            "equity": 1405232,
            "current_ratio": 279.19,
            "debt_ratio": 19.21,
            "inventory_turnover_ratio": 2.39,
            "account_receivable_turnover_ratio": 2.57,
            "reinvestment_rate": -2016.19,
            "research_to_sale_ratio": 13.7,
            "price_fair": 56.93,
            "eps_avg_yearly": 1.63,
            "eps_latest_yearly": 0.8,
            "eps_growth_yearly": 2122.82
        },
        "20201": {
            "year_quarter": 20201,
            "year": 2020,
            "quarter": 1,
            "eps": -0.04,
            "eps_growth_year": -180,
            "eps_4q": 0.91,
            "eps_4q_growth_year": 726.33,
            "roe": -0.16,
            "roe_4q": 3.47,
            "gross_profit": 50316,
            "gross_margin": 19.73,
            "gross_margin_4q_avg": 21.04,
            "net_income": -2233,
            "revenue": 254960,
            "common_shares": 506077,
            "book_valuer_per_share": 26.63,
            "book_valuer_per_share_4q_avg": 26.95,
            "equity": 1347561,
            "current_ratio": 352.96,
            "debt_ratio": 15.02,
            "inventory_turnover_ratio": 2.22,
            "account_receivable_turnover_ratio": 4.11,
            "reinvestment_rate": -3613.31,
            "research_to_sale_ratio": 12.7,
            "price_fair": 64.68,
            "eps_avg_yearly": 1.85,
            "eps_latest_yearly": 0.8,
            "eps_growth_yearly": 2523.39
        },
        "20202": {
            "year_quarter": 20202,
            "year": 2020,
            "quarter": 2,
            "eps": 0.32,
            "eps_growth_year": -62.35,
            "eps_4q": 0.39,
            "eps_4q_growth_year": 1.73,
            "roe": 1.18,
            "roe_4q": 1.43,
            "gross_profit": 58929,
            "gross_margin": 18.01,
            "gross_margin_4q_avg": 20.15,
            "net_income": 16447,
            "revenue": 327144,
            "common_shares": 506077,
            "book_valuer_per_share": 28.37,
            "book_valuer_per_share_4q_avg": 27.31,
            "equity": 1435950,
            "current_ratio": 252.8,
            "debt_ratio": 21.06,
            "inventory_turnover_ratio": 3.38,
            "account_receivable_turnover_ratio": 4.53,
            "reinvestment_rate": null,
            "research_to_sale_ratio": 13.08,
            "price_fair": 59.5,
            "eps_avg_yearly": 1.7,
            "eps_latest_yearly": 0.8,
            "eps_growth_yearly": 2785
        },
        "20203": {
            "year_quarter": 20203,
            "year": 2020,
            "quarter": 3,
            "eps": 0.17,
            "eps_growth_year": -15,
            "eps_4q": 0.36,
            "eps_4q_growth_year": -55.01,
            "roe": 0.58,
            "roe_4q": 1.2699999999999998,
            "gross_profit": 59391,
            "gross_margin": 21.04,
            "gross_margin_4q_avg": 20.04,
            "net_income": 8356,
            "revenue": 282317,
            "common_shares": 506077,
            "book_valuer_per_share": 29.06,
            "book_valuer_per_share_4q_avg": 27.96,
            "equity": 1470669,
            "current_ratio": 338.53,
            "debt_ratio": 15.13,
            "inventory_turnover_ratio": 3.24,
            "account_receivable_turnover_ratio": 3.3,
            "reinvestment_rate": -18802.02,
            "research_to_sale_ratio": 12.73,
            "price_fair": 63,
            "eps_avg_yearly": 1.8,
            "eps_latest_yearly": 0.68,
            "eps_growth_yearly": 2826.65
        },
        "20204": {
            "year_quarter": 20204,
            "year": 2020,
            "quarter": 4,
            "eps": -0.09,
            "eps_growth_year": null,
            "eps_4q": 0.35,
            "eps_4q_growth_year": -64.99,
            "roe": -0.31,
            "roe_4q": 1.29,
            "gross_profit": 45143,
            "gross_margin": 23.2,
            "gross_margin_4q_avg": 20.5,
            "net_income": -4693,
            "revenue": 194542,
            "common_shares": 506077,
            "book_valuer_per_share": 29.94,
            "book_valuer_per_share_4q_avg": 28.5,
            "equity": 1514958,
            "current_ratio": 315.62,
            "debt_ratio": 15.49,
            "inventory_turnover_ratio": 1.68,
            "account_receivable_turnover_ratio": 3.25,
            "reinvestment_rate": -1730.68,
            "research_to_sale_ratio": 16.43,
            "price_fair": 63,
            "eps_avg_yearly": 1.8,
            "eps_latest_yearly": 0.68,
            "eps_growth_yearly": 2826.65
        },
        "20211": {
            "year_quarter": 20211,
            "year": 2021,
            "quarter": 1,
            "eps": 0.1,
            "eps_growth_year": null,
            "eps_4q": 0.5,
            "eps_4q_growth_year": -45.29,
            "roe": 0.32,
            "roe_4q": 1.77,
            "gross_profit": 67622,
            "gross_margin": 23.23,
            "gross_margin_4q_avg": 21.37,
            "net_income": 5110,
            "revenue": 291108,
            "common_shares": 506077,
            "book_valuer_per_share": 32.93,
            "book_valuer_per_share_4q_avg": 30.08,
            "equity": 1666686,
            "current_ratio": 279.43,
            "debt_ratio": 16.36,
            "inventory_turnover_ratio": 1.85,
            "account_receivable_turnover_ratio": 4.6,
            "reinvestment_rate": -1186.49,
            "research_to_sale_ratio": 12.8,
            "price_fair": 63,
            "eps_avg_yearly": 1.8,
            "eps_latest_yearly": 0.68,
            "eps_growth_yearly": 2826.65
        },
        "20212": {
            "year_quarter": 20212,
            "year": 2021,
            "quarter": 2,
            "eps": 0.77,
            "eps_growth_year": 140.62,
            "eps_4q": 0.94,
            "eps_4q_growth_year": 142.64,
            "roe": 2.36,
            "roe_4q": 2.9499999999999997,
            "gross_profit": 61950,
            "gross_margin": 19.28,
            "gross_margin_4q_avg": 21.69,
            "net_income": 38833,
            "revenue": 321397,
            "common_shares": 506077,
            "book_valuer_per_share": 32.09,
            "book_valuer_per_share_4q_avg": 31.01,
            "equity": 1624010,
            "current_ratio": 267.05,
            "debt_ratio": 18.79,
            "inventory_turnover_ratio": 1.8,
            "account_receivable_turnover_ratio": 3.28,
            "reinvestment_rate": -655.13,
            "research_to_sale_ratio": 11.22,
            "price_fair": 71.96,
            "eps_avg_yearly": 2.06,
            "eps_latest_yearly": 3.08,
            "eps_growth_yearly": 2797.32
        },
        "20213": {
            "year_quarter": 20213,
            "year": 2021,
            "quarter": 3,
            "eps": 0.03,
            "eps_growth_year": -82.35,
            "eps_4q": 0.81,
            "eps_4q_growth_year": 127.39,
            "roe": 0.11,
            "roe_4q": 2.4799999999999995,
            "gross_profit": 59750,
            "gross_margin": 17.38,
            "gross_margin_4q_avg": 20.77,
            "net_income": 1667,
            "revenue": 343881,
            "common_shares": 506077,
            "book_valuer_per_share": 30.09,
            "book_valuer_per_share_4q_avg": 31.26,
            "equity": 1522766,
            "current_ratio": 234.03,
            "debt_ratio": 22.96,
            "inventory_turnover_ratio": 1.28,
            "account_receivable_turnover_ratio": 3.86,
            "reinvestment_rate": -552.04,
            "research_to_sale_ratio": 12.01,
            "price_fair": 60.67,
            "eps_avg_yearly": 1.73,
            "eps_latest_yearly": 0.12,
            "eps_growth_yearly": 2267.03
        },
        "20214": {
            "year_quarter": 20214,
            "year": 2021,
            "quarter": 4,
            "eps": 0.15,
            "eps_growth_year": null,
            "eps_4q": 1.05,
            "eps_4q_growth_year": 197.4,
            "roe": 0.47,
            "roe_4q": 3.26,
            "gross_profit": 76244,
            "gross_margin": 18.94,
            "gross_margin_4q_avg": 19.71,
            "net_income": 7557,
            "revenue": 402628,
            "common_shares": 506077,
            "book_valuer_per_share": 33.44,
            "book_valuer_per_share_4q_avg": 32.14,
            "equity": 1692165,
            "current_ratio": 227.54,
            "debt_ratio": 21.55,
            "inventory_turnover_ratio": 1.14,
            "account_receivable_turnover_ratio": 4.43,
            "reinvestment_rate": -392.82,
            "research_to_sale_ratio": 10.28,
            "price_fair": 55,
            "eps_avg_yearly": 1.57,
            "eps_latest_yearly": 0.6,
            "eps_growth_yearly": 2171.74
        },
        "20221": {
            "year_quarter": 20221,
            "year": 2022,
            "quarter": 1,
            "eps": -0.14,
            "eps_growth_year": -240,
            "eps_4q": 0.8,
            "eps_4q_growth_year": 61.51,
            "roe": -0.44,
            "roe_4q": 2.5,
            "gross_profit": 45906,
            "gross_margin": 15.95,
            "gross_margin_4q_avg": 17.89,
            "net_income": -7324,
            "revenue": 287774,
            "common_shares": 506077,
            "book_valuer_per_share": 33.1,
            "book_valuer_per_share_4q_avg": 32.18,
            "equity": 1675013,
            "current_ratio": 259.47,
            "debt_ratio": 17.99,
            "inventory_turnover_ratio": 0.73,
            "account_receivable_turnover_ratio": 2.9,
            "reinvestment_rate": 5.44,
            "research_to_sale_ratio": 11.71,
            "price_fair": 55,
            "eps_avg_yearly": 1.57,
            "eps_latest_yearly": 0.6,
            "eps_growth_yearly": 2171.74
        },
        "20222": {
            "year_quarter": 20222,
            "year": 2022,
            "quarter": 2,
            "eps": 0.66,
            "eps_growth_year": -14.29,
            "eps_4q": 0.69,
            "eps_4q_growth_year": -26.28,
            "roe": 2.05,
            "roe_4q": 2.19,
            "gross_profit": 42475,
            "gross_margin": 15.53,
            "gross_margin_4q_avg": 16.95,
            "net_income": 33196,
            "revenue": 273569,
            "common_shares": 506077,
            "book_valuer_per_share": 30.94,
            "book_valuer_per_share_4q_avg": 31.89,
            "equity": 1565655,
            "current_ratio": 247.5,
            "debt_ratio": 19.95,
            "inventory_turnover_ratio": 0.69,
            "account_receivable_turnover_ratio": 3.03,
            "reinvestment_rate": 5.8,
            "research_to_sale_ratio": 14.75,
            "price_fair": 50.63,
            "eps_avg_yearly": 1.45,
            "eps_latest_yearly": 0.6,
            "eps_growth_yearly": 1633.7
        },
        "20223": {
            "year_quarter": 20223,
            "year": 2022,
            "quarter": 3,
            "eps": 0,
            "eps_growth_year": -100,
            "eps_4q": 0.66,
            "eps_4q_growth_year": -17.95,
            "roe": 0.01,
            "roe_4q": 2.09,
            "gross_profit": 37104,
            "gross_margin": 10.13,
            "gross_margin_4q_avg": 15.14,
            "net_income": 143,
            "revenue": 366413,
            "common_shares": 506077,
            "book_valuer_per_share": 30.24,
            "book_valuer_per_share_4q_avg": 31.93,
            "equity": 1530500,
            "current_ratio": 248.62,
            "debt_ratio": 20.15,
            "inventory_turnover_ratio": 1.17,
            "account_receivable_turnover_ratio": 3.18,
            "reinvestment_rate": 2.91,
            "research_to_sale_ratio": 8.95,
            "price_fair": 50.63,
            "eps_avg_yearly": 1.45,
            "eps_latest_yearly": 0.6,
            "eps_growth_yearly": 1633.7
        },
        "20224": {
            "year_quarter": 20224,
            "year": 2022,
            "quarter": 4,
            "eps": -0.26,
            "eps_growth_year": -275.02,
            "eps_4q": 0.25,
            "eps_4q_growth_year": -75.95,
            "roe": -0.88,
            "roe_4q": 0.7399999999999998,
            "gross_profit": 43548,
            "gross_margin": 14.96,
            "gross_margin_4q_avg": 14.14,
            "net_income": -13226,
            "revenue": 291107,
            "common_shares": 506077,
            "book_valuer_per_share": 29.09,
            "book_valuer_per_share_4q_avg": 30.84,
            "equity": 1472269,
            "current_ratio": 284.57,
            "debt_ratio": 17.13,
            "inventory_turnover_ratio": 1.12,
            "account_receivable_turnover_ratio": 2.58,
            "reinvestment_rate": 2.78,
            "research_to_sale_ratio": 10.05,
            "price_fair": 50.63,
            "eps_avg_yearly": 1.45,
            "eps_latest_yearly": 0.6,
            "eps_growth_yearly": 1633.7
        },
        "20231": {
            "year_quarter": 20231,
            "year": 2023,
            "quarter": 1,
            "eps": 0.05,
            "eps_growth_year": null,
            "eps_4q": 0.45,
            "eps_4q_growth_year": -44.63,
            "roe": 0.16,
            "roe_4q": 1.3399999999999999,
            "gross_profit": 55263,
            "gross_margin": 22.69,
            "gross_margin_4q_avg": 15.83,
            "net_income": 2442,
            "revenue": 243596,
            "common_shares": 506077,
            "book_valuer_per_share": 32.04,
            "book_valuer_per_share_4q_avg": 30.58,
            "equity": 1621477,
            "current_ratio": 323.93,
            "debt_ratio": 13.36,
            "inventory_turnover_ratio": 1.12,
            "account_receivable_turnover_ratio": 2.87,
            "reinvestment_rate": 2.47,
            "research_to_sale_ratio": 13.56,
            "price_fair": 50.63,
            "eps_avg_yearly": 1.45,
            "eps_latest_yearly": 0.6,
            "eps_growth_yearly": 1633.7
        }
    },
    "months": {
        "2004-04": {
            "month": "2004-04",
            "price": "47.80",
            "revenue": 59534
        },
        "2004-05": {
            "month": "2004-05",
            "price": "44.72",
            "revenue": 41462
        },
        "2004-06": {
            "month": "2004-06",
            "price": "37.89",
            "revenue": 42523
        },
        "2004-07": {
            "month": "2004-07",
            "price": "30.33",
            "revenue": 46473
        },
        "2004-08": {
            "month": "2004-08",
            "price": "28.31",
            "revenue": 83759
        },
        "2004-09": {
            "month": "2004-09",
            "price": "28.23",
            "revenue": 92001
        },
        "2004-10": {
            "month": "2004-10",
            "price": "28.87",
            "revenue": 92761
        },
        "2004-11": {
            "month": "2004-11",
            "price": "24.00",
            "revenue": 123049
        },
        "2004-12": {
            "month": "2004-12",
            "price": "19.61",
            "revenue": 89388
        },
        "2005-01": {
            "month": "2005-01",
            "price": "20.81",
            "revenue": 58442
        },
        "2005-02": {
            "month": "2005-02",
            "price": "26.67",
            "revenue": 124963
        },
        "2005-03": {
            "month": "2005-03",
            "price": "34.84",
            "revenue": 86177
        },
        "2005-04": {
            "month": "2005-04",
            "price": "34.37",
            "revenue": 87924
        },
        "2005-05": {
            "month": "2005-05",
            "price": "29.25",
            "revenue": 134620
        },
        "2005-06": {
            "month": "2005-06",
            "price": "33.01",
            "revenue": 90393
        },
        "2005-07": {
            "month": "2005-07",
            "price": "43.02",
            "revenue": 130507
        },
        "2005-08": {
            "month": "2005-08",
            "price": "61.52",
            "revenue": 117192
        },
        "2005-09": {
            "month": "2005-09",
            "price": "51.63",
            "revenue": 155497
        },
        "2005-10": {
            "month": "2005-10",
            "price": "48.94",
            "revenue": 133010
        },
        "2005-11": {
            "month": "2005-11",
            "price": "46.56",
            "revenue": 104375
        },
        "2005-12": {
            "month": "2005-12",
            "price": "50.85",
            "revenue": 70081
        },
        "2006-01": {
            "month": "2006-01",
            "price": "59.59",
            "revenue": 53032
        },
        "2006-02": {
            "month": "2006-02",
            "price": "58.12",
            "revenue": 41242
        },
        "2006-03": {
            "month": "2006-03",
            "price": "54.80",
            "revenue": 60552
        },
        "2006-04": {
            "month": "2006-04",
            "price": "56.36",
            "revenue": 96118
        },
        "2006-05": {
            "month": "2006-05",
            "price": "49.46",
            "revenue": 86033
        },
        "2006-06": {
            "month": "2006-06",
            "price": "36.26",
            "revenue": 66917
        },
        "2006-07": {
            "month": "2006-07",
            "price": "35.51",
            "revenue": 69649
        },
        "2006-08": {
            "month": "2006-08",
            "price": "36.65",
            "revenue": 70240
        },
        "2006-09": {
            "month": "2006-09",
            "price": "35.79",
            "revenue": 82378
        },
        "2006-10": {
            "month": "2006-10",
            "price": "43.01",
            "revenue": 154733
        },
        "2006-11": {
            "month": "2006-11",
            "price": "53.95",
            "revenue": 201812
        },
        "2006-12": {
            "month": "2006-12",
            "price": "62.12",
            "revenue": 103561
        },
        "2007-01": {
            "month": "2007-01",
            "price": "57.28",
            "revenue": 95262
        },
        "2007-02": {
            "month": "2007-02",
            "price": "55.62",
            "revenue": 68967
        },
        "2007-03": {
            "month": "2007-03",
            "price": "65.49",
            "revenue": 94756
        },
        "2007-04": {
            "month": "2007-04",
            "price": "72.80",
            "revenue": 64371
        },
        "2007-05": {
            "month": "2007-05",
            "price": "71.50",
            "revenue": 52175
        },
        "2007-06": {
            "month": "2007-06",
            "price": "78.28",
            "revenue": 74131
        },
        "2007-07": {
            "month": "2007-07",
            "price": "74.27",
            "revenue": 119744
        },
        "2007-08": {
            "month": "2007-08",
            "price": "64.15",
            "revenue": 107232
        },
        "2007-09": {
            "month": "2007-09",
            "price": "49.25",
            "revenue": 117793
        },
        "2007-10": {
            "month": "2007-10",
            "price": "53.13",
            "revenue": 220495
        },
        "2007-11": {
            "month": "2007-11",
            "price": "47.75",
            "revenue": 382530
        },
        "2007-12": {
            "month": "2007-12",
            "price": "46.19",
            "revenue": 248386
        },
        "2008-01": {
            "month": "2008-01",
            "price": "39.90",
            "revenue": 163157
        },
        "2008-02": {
            "month": "2008-02",
            "price": "33.82",
            "revenue": 213081
        },
        "2008-03": {
            "month": "2008-03",
            "price": "39.37",
            "revenue": 115907
        },
        "2008-04": {
            "month": "2008-04",
            "price": "40.19",
            "revenue": 142784
        },
        "2008-05": {
            "month": "2008-05",
            "price": "45.30",
            "revenue": 276112
        },
        "2008-06": {
            "month": "2008-06",
            "price": "41.46",
            "revenue": 290287
        },
        "2008-07": {
            "month": "2008-07",
            "price": "35.78",
            "revenue": 191711
        },
        "2008-08": {
            "month": "2008-08",
            "price": "30.99",
            "revenue": 136725
        },
        "2008-09": {
            "month": "2008-09",
            "price": "21.59",
            "revenue": 118242
        },
        "2008-10": {
            "month": "2008-10",
            "price": "17.56",
            "revenue": 61469
        },
        "2008-11": {
            "month": "2008-11",
            "price": "15.96",
            "revenue": 40548
        },
        "2008-12": {
            "month": "2008-12",
            "price": "14.35",
            "revenue": 21553
        },
        "2009-01": {
            "month": "2009-01",
            "price": "14.11",
            "revenue": 13684
        },
        "2009-02": {
            "month": "2009-02",
            "price": "14.00",
            "revenue": 25819
        },
        "2009-03": {
            "month": "2009-03",
            "price": "16.88",
            "revenue": 46902
        },
        "2009-04": {
            "month": "2009-04",
            "price": "18.08",
            "revenue": 56994
        },
        "2009-05": {
            "month": "2009-05",
            "price": "18.47",
            "revenue": 60400
        },
        "2009-06": {
            "month": "2009-06",
            "price": "19.76",
            "revenue": 66266
        },
        "2009-07": {
            "month": "2009-07",
            "price": "24.00",
            "revenue": 56232
        },
        "2009-08": {
            "month": "2009-08",
            "price": "36.59",
            "revenue": 44755
        },
        "2009-09": {
            "month": "2009-09",
            "price": "42.07",
            "revenue": 48909
        },
        "2009-10": {
            "month": "2009-10",
            "price": "49.48",
            "revenue": 108130
        },
        "2009-11": {
            "month": "2009-11",
            "price": "53.38",
            "revenue": 125771
        },
        "2009-12": {
            "month": "2009-12",
            "price": "65.35",
            "revenue": 84708
        },
        "2010-01": {
            "month": "2010-01",
            "price": "68.54",
            "revenue": 68641
        },
        "2010-02": {
            "month": "2010-02",
            "price": "51.84",
            "revenue": 74467
        },
        "2010-03": {
            "month": "2010-03",
            "price": "55.88",
            "revenue": 121322
        },
        "2010-04": {
            "month": "2010-04",
            "price": "53.47",
            "revenue": 142846
        },
        "2010-05": {
            "month": "2010-05",
            "price": "43.40",
            "revenue": 173878
        },
        "2010-06": {
            "month": "2010-06",
            "price": "42.92",
            "revenue": 181219
        },
        "2010-07": {
            "month": "2010-07",
            "price": "41.91",
            "revenue": 184758
        },
        "2010-08": {
            "month": "2010-08",
            "price": "39.11",
            "revenue": 185602
        },
        "2010-09": {
            "month": "2010-09",
            "price": "43.76",
            "revenue": 193628
        },
        "2010-10": {
            "month": "2010-10",
            "price": "51.81",
            "revenue": 202786
        },
        "2010-11": {
            "month": "2010-11",
            "price": "46.76",
            "revenue": 186472
        },
        "2010-12": {
            "month": "2010-12",
            "price": "44.48",
            "revenue": 142472
        },
        "2011-01": {
            "month": "2011-01",
            "price": "42.04",
            "revenue": 100804
        },
        "2011-02": {
            "month": "2011-02",
            "price": "38.60",
            "revenue": 107944
        },
        "2011-03": {
            "month": "2011-03",
            "price": "36.87",
            "revenue": 118097
        },
        "2011-04": {
            "month": "2011-04",
            "price": "37.12",
            "revenue": 123533
        },
        "2011-05": {
            "month": "2011-05",
            "price": "34.34",
            "revenue": 158710
        },
        "2011-06": {
            "month": "2011-06",
            "price": "32.96",
            "revenue": 165995
        },
        "2011-07": {
            "month": "2011-07",
            "price": "30.62",
            "revenue": 132611
        },
        "2011-08": {
            "month": "2011-08",
            "price": "23.77",
            "revenue": 84180
        },
        "2011-09": {
            "month": "2011-09",
            "price": "22.96",
            "revenue": 104949
        },
        "2011-10": {
            "month": "2011-10",
            "price": "22.37",
            "revenue": 167423
        },
        "2011-11": {
            "month": "2011-11",
            "price": "24.25",
            "revenue": 202211
        },
        "2011-12": {
            "month": "2011-12",
            "price": "22.11",
            "revenue": 170357
        },
        "2012-01": {
            "month": "2012-01",
            "price": "23.46",
            "revenue": 110711
        },
        "2012-02": {
            "month": "2012-02",
            "price": "29.46",
            "revenue": 112238
        },
        "2012-03": {
            "month": "2012-03",
            "price": "31.39",
            "revenue": 119736
        },
        "2012-04": {
            "month": "2012-04",
            "price": "25.61",
            "revenue": 124607
        },
        "2012-05": {
            "month": "2012-05",
            "price": "25.12",
            "revenue": 135334
        },
        "2012-06": {
            "month": "2012-06",
            "price": "23.36",
            "revenue": 140092
        },
        "2012-07": {
            "month": "2012-07",
            "price": "23.62",
            "revenue": 131021
        },
        "2012-08": {
            "month": "2012-08",
            "price": "24.16",
            "revenue": 134449
        },
        "2012-09": {
            "month": "2012-09",
            "price": "23.96",
            "revenue": 135472
        },
        "2012-10": {
            "month": "2012-10",
            "price": "21.86",
            "revenue": 131022
        },
        "2012-11": {
            "month": "2012-11",
            "price": "19.72",
            "revenue": 100123
        },
        "2012-12": {
            "month": "2012-12",
            "price": "20.41",
            "revenue": 90509
        },
        "2013-01": {
            "month": "2013-01",
            "price": "20.57",
            "revenue": 112194
        },
        "2013-02": {
            "month": "2013-02",
            "price": "20.28",
            "revenue": 80530
        },
        "2013-03": {
            "month": "2013-03",
            "price": "20.89",
            "revenue": 80403
        },
        "2013-04": {
            "month": "2013-04",
            "price": "20.47",
            "revenue": 81232
        },
        "2013-05": {
            "month": "2013-05",
            "price": "20.59",
            "revenue": 88132
        },
        "2013-06": {
            "month": "2013-06",
            "price": "20.28",
            "revenue": 91030
        },
        "2013-07": {
            "month": "2013-07",
            "price": "19.65",
            "revenue": 91433
        },
        "2013-08": {
            "month": "2013-08",
            "price": "19.04",
            "revenue": 150245
        },
        "2013-09": {
            "month": "2013-09",
            "price": "23.22",
            "revenue": 171140
        },
        "2013-10": {
            "month": "2013-10",
            "price": "27.14",
            "revenue": 161083
        },
        "2013-11": {
            "month": "2013-11",
            "price": "27.01",
            "revenue": 161642
        },
        "2013-12": {
            "month": "2013-12",
            "price": "28.62",
            "revenue": 150526
        },
        "2014-01": {
            "month": "2014-01",
            "price": "44.28",
            "revenue": 130088
        },
        "2014-02": {
            "month": "2014-02",
            "price": "45.62",
            "revenue": 100807
        },
        "2014-03": {
            "month": "2014-03",
            "price": "45.79",
            "revenue": 101209
        },
        "2014-04": {
            "month": "2014-04",
            "price": "48.29",
            "revenue": 90375
        },
        "2014-05": {
            "month": "2014-05",
            "price": "41.23",
            "revenue": 92018
        },
        "2014-06": {
            "month": "2014-06",
            "price": "45.08",
            "revenue": 101836
        },
        "2014-07": {
            "month": "2014-07",
            "price": "43.52",
            "revenue": 112931
        },
        "2014-08": {
            "month": "2014-08",
            "price": "38.04",
            "revenue": 155682
        },
        "2014-09": {
            "month": "2014-09",
            "price": "42.75",
            "revenue": 130231
        },
        "2014-10": {
            "month": "2014-10",
            "price": "36.36",
            "revenue": 123102
        },
        "2014-11": {
            "month": "2014-11",
            "price": "33.26",
            "revenue": 124114
        },
        "2014-12": {
            "month": "2014-12",
            "price": "35.40",
            "revenue": 120843
        },
        "2015-01": {
            "month": "2015-01",
            "price": "34.26",
            "revenue": 100797
        },
        "2015-02": {
            "month": "2015-02",
            "price": "33.67",
            "revenue": 80167
        },
        "2015-03": {
            "month": "2015-03",
            "price": "35.82",
            "revenue": 107093
        },
        "2015-04": {
            "month": "2015-04",
            "price": "36.60",
            "revenue": 102375
        },
        "2015-05": {
            "month": "2015-05",
            "price": "31.88",
            "revenue": 102398
        },
        "2015-06": {
            "month": "2015-06",
            "price": "29.62",
            "revenue": 102467
        },
        "2015-07": {
            "month": "2015-07",
            "price": "26.34",
            "revenue": 114208
        },
        "2015-08": {
            "month": "2015-08",
            "price": "21.85",
            "revenue": 130413
        },
        "2015-09": {
            "month": "2015-09",
            "price": "24.05",
            "revenue": 131213
        },
        "2015-10": {
            "month": "2015-10",
            "price": "25.89",
            "revenue": 124010
        },
        "2015-11": {
            "month": "2015-11",
            "price": "25.33",
            "revenue": 110625
        },
        "2015-12": {
            "month": "2015-12",
            "price": "23.89",
            "revenue": 98945
        },
        "2016-01": {
            "month": "2016-01",
            "price": "21.61",
            "revenue": 107910
        },
        "2016-02": {
            "month": "2016-02",
            "price": "23.00",
            "revenue": 101386
        },
        "2016-03": {
            "month": "2016-03",
            "price": "24.00",
            "revenue": 115378
        },
        "2016-04": {
            "month": "2016-04",
            "price": "23.18",
            "revenue": 118485
        },
        "2016-05": {
            "month": "2016-05",
            "price": "22.41",
            "revenue": 111298
        },
        "2016-06": {
            "month": "2016-06",
            "price": "22.12",
            "revenue": 123296
        },
        "2016-07": {
            "month": "2016-07",
            "price": "26.49",
            "revenue": 115920
        },
        "2016-08": {
            "month": "2016-08",
            "price": "31.07",
            "revenue": 110326
        },
        "2016-09": {
            "month": "2016-09",
            "price": "28.49",
            "revenue": 110896
        },
        "2016-10": {
            "month": "2016-10",
            "price": "24.66",
            "revenue": 95475
        },
        "2016-11": {
            "month": "2016-11",
            "price": "22.16",
            "revenue": 101619
        },
        "2016-12": {
            "month": "2016-12",
            "price": "24.77",
            "revenue": 104222
        },
        "2017-01": {
            "month": "2017-01",
            "price": "25.44",
            "revenue": 70206
        },
        "2017-02": {
            "month": "2017-02",
            "price": "25.74",
            "revenue": 64784
        },
        "2017-03": {
            "month": "2017-03",
            "price": "25.35",
            "revenue": 93264
        },
        "2017-04": {
            "month": "2017-04",
            "price": "23.82",
            "revenue": 66013
        },
        "2017-05": {
            "month": "2017-05",
            "price": "23.51",
            "revenue": 113182
        },
        "2017-06": {
            "month": "2017-06",
            "price": "23.77",
            "revenue": 112447
        },
        "2017-07": {
            "month": "2017-07",
            "price": "23.56",
            "revenue": 134565
        },
        "2017-08": {
            "month": "2017-08",
            "price": "22.96",
            "revenue": 134052
        },
        "2017-09": {
            "month": "2017-09",
            "price": "23.77",
            "revenue": 105100
        },
        "2017-10": {
            "month": "2017-10",
            "price": "23.23",
            "revenue": 107348
        },
        "2017-11": {
            "month": "2017-11",
            "price": "22.77",
            "revenue": 92963
        },
        "2017-12": {
            "month": "2017-12",
            "price": "21.67",
            "revenue": 86280
        },
        "2018-01": {
            "month": "2018-01",
            "price": "21.37",
            "revenue": 98402
        },
        "2018-02": {
            "month": "2018-02",
            "price": "18.74",
            "revenue": 100588
        },
        "2018-03": {
            "month": "2018-03",
            "price": "19.61",
            "revenue": 104910
        },
        "2018-04": {
            "month": "2018-04",
            "price": "19.66",
            "revenue": 80966
        },
        "2018-05": {
            "month": "2018-05",
            "price": "19.33",
            "revenue": 130245
        },
        "2018-06": {
            "month": "2018-06",
            "price": "21.17",
            "revenue": 137646
        },
        "2018-07": {
            "month": "2018-07",
            "price": "22.84",
            "revenue": 130733
        },
        "2018-08": {
            "month": "2018-08",
            "price": "21.97",
            "revenue": 84730
        },
        "2018-09": {
            "month": "2018-09",
            "price": "20.41",
            "revenue": 64288
        },
        "2018-10": {
            "month": "2018-10",
            "price": "17.72",
            "revenue": 52143
        },
        "2018-11": {
            "month": "2018-11",
            "price": "16.59",
            "revenue": 69461
        },
        "2018-12": {
            "month": "2018-12",
            "price": "17.20",
            "revenue": 112503
        },
        "2019-01": {
            "month": "2019-01",
            "price": "17.17",
            "revenue": 92357
        },
        "2019-02": {
            "month": "2019-02",
            "price": "18.22",
            "revenue": 83400
        },
        "2019-03": {
            "month": "2019-03",
            "price": "19.47",
            "revenue": 135487
        },
        "2019-04": {
            "month": "2019-04",
            "price": "20.01",
            "revenue": 144191
        },
        "2019-05": {
            "month": "2019-05",
            "price": "19.28",
            "revenue": 160565
        },
        "2019-06": {
            "month": "2019-06",
            "price": "19.55",
            "revenue": 167109
        },
        "2019-07": {
            "month": "2019-07",
            "price": "21.41",
            "revenue": 158701
        },
        "2019-08": {
            "month": "2019-08",
            "price": "21.78",
            "revenue": 122036
        },
        "2019-09": {
            "month": "2019-09",
            "price": "21.86",
            "revenue": 87702
        },
        "2019-10": {
            "month": "2019-10",
            "price": "21.28",
            "revenue": 68650
        },
        "2019-11": {
            "month": "2019-11",
            "price": "21.03",
            "revenue": 95552
        },
        "2019-12": {
            "month": "2019-12",
            "price": "20.93",
            "revenue": 90072
        },
        "2020-01": {
            "month": "2020-01",
            "price": "20.21",
            "revenue": 112186
        },
        "2020-02": {
            "month": "2020-02",
            "price": "18.89",
            "revenue": 79720
        },
        "2020-03": {
            "month": "2020-03",
            "price": "16.37",
            "revenue": 63055
        },
        "2020-04": {
            "month": "2020-04",
            "price": "16.30",
            "revenue": 97895
        },
        "2020-05": {
            "month": "2020-05",
            "price": "17.24",
            "revenue": 126683
        },
        "2020-06": {
            "month": "2020-06",
            "price": "17.91",
            "revenue": 102566
        },
        "2020-07": {
            "month": "2020-07",
            "price": "18.76",
            "revenue": 122065
        },
        "2020-08": {
            "month": "2020-08",
            "price": "18.12",
            "revenue": 68057
        },
        "2020-09": {
            "month": "2020-09",
            "price": "18.21",
            "revenue": 92195
        },
        "2020-10": {
            "month": "2020-10",
            "price": "18.09",
            "revenue": 75842
        },
        "2020-11": {
            "month": "2020-11",
            "price": "18.35",
            "revenue": 61008
        },
        "2020-12": {
            "month": "2020-12",
            "price": "20.40",
            "revenue": 57692
        },
        "2021-01": {
            "month": "2021-01",
            "price": "19.41",
            "revenue": 106057
        },
        "2021-02": {
            "month": "2021-02",
            "price": "19.24",
            "revenue": 70265
        },
        "2021-03": {
            "month": "2021-03",
            "price": "20.33",
            "revenue": 114786
        },
        "2021-04": {
            "month": "2021-04",
            "price": "22.25",
            "revenue": 104667
        },
        "2021-05": {
            "month": "2021-05",
            "price": "21.15",
            "revenue": 78855
        },
        "2021-06": {
            "month": "2021-06",
            "price": "20.54",
            "revenue": 137875
        },
        "2021-07": {
            "month": "2021-07",
            "price": "23.12",
            "revenue": 137002
        },
        "2021-08": {
            "month": "2021-08",
            "price": "23.68",
            "revenue": 113223
        },
        "2021-09": {
            "month": "2021-09",
            "price": "27.17",
            "revenue": 93655
        },
        "2021-10": {
            "month": "2021-10",
            "price": "25.77",
            "revenue": 125352
        },
        "2021-11": {
            "month": "2021-11",
            "price": "28.91",
            "revenue": 112300
        },
        "2021-12": {
            "month": "2021-12",
            "price": "34.85",
            "revenue": 164975
        },
        "2022-01": {
            "month": "2022-01",
            "price": "31.52",
            "revenue": 103097
        },
        "2022-02": {
            "month": "2022-02",
            "price": "29.06",
            "revenue": 74285
        },
        "2022-03": {
            "month": "2022-03",
            "price": "26.56",
            "revenue": 110392
        },
        "2022-04": {
            "month": "2022-04",
            "price": "25.23",
            "revenue": 54162
        },
        "2022-05": {
            "month": "2022-05",
            "price": "22.58",
            "revenue": 94498
        },
        "2022-06": {
            "month": "2022-06",
            "price": "24.43",
            "revenue": 124909
        },
        "2022-07": {
            "month": "2022-07",
            "price": "23.32",
            "revenue": 131022
        },
        "2022-08": {
            "month": "2022-08",
            "price": "25.34",
            "revenue": 93505
        },
        "2022-09": {
            "month": "2022-09",
            "price": "24.87",
            "revenue": 141886
        },
        "2022-10": {
            "month": "2022-10",
            "price": "21.41",
            "revenue": 85454
        },
        "2022-11": {
            "month": "2022-11",
            "price": "23.56",
            "revenue": 108330
        },
        "2022-12": {
            "month": "2022-12",
            "price": "23.45",
            "revenue": 97322
        },
        "2023-01": {
            "month": "2023-01",
            "price": "22.34",
            "revenue": 61029
        },
        "2023-02": {
            "month": "2023-02",
            "price": "23.42",
            "revenue": 82915
        },
        "2023-03": {
            "month": "2023-03",
            "price": "24.49",
            "revenue": 99652
        },
        "2023-04": {
            "month": "2023-04",
            "price": "25.89",
            "revenue": 86126
        },
        "2023-05": {
            "month": "2023-05",
            "price": "27.04",
            "revenue": 119208
        }
    }
}
