{
    "summary": {
        "stock_name": "聯德",
        "stock_id": "3308",
        "category": "電子零組件",
        "main_business": "交換式電源供應器,無停電裝置,變壓器等之加工製造買賣業務.<br>電子零件,電機儀器,科學儀表,各式半導體裝置之加工及買賣業務.<br>各種有無線電通訊機件,器材,電音儀器之修護裝配買賣業務.",
        "website_url": "http://www.bestec.com.tw",
        "ceo": "鄧瑞玲",
        "pe_ratio": 8,
        "report_year_from": 2003,
        "report_year_to": 2023,
        "age": 20,
        "eps_negative_percentage": 61,
        "eps_growth_avg": {
            "last_all": -38.83,
            "last_2y": null,
            "last_4y": null,
            "last_8y": -100,
            "last_12y": -100,
            "last_16y": null,
            "last_20y": null,
            "at_2006_last_3y": null,
            "at_2007_last_3y": null,
            "at_2008_last_3y": null,
            "at_2009_last_3y": null,
            "at_2010_last_3y": -23.54,
            "at_2011_last_3y": -63.51,
            "at_2012_last_3y": -64.33,
            "at_2013_last_3y": -100,
            "at_2014_last_3y": null,
            "at_2015_last_3y": null,
            "at_2016_last_3y": -100,
            "at_2017_last_3y": -100,
            "at_2018_last_3y": -100,
            "at_2019_last_3y": -100,
            "at_2020_last_3y": null,
            "at_2021_last_3y": null,
            "at_2022_last_3y": null,
            "at_2023_last_3y": null,
            "at_2006_last_all": null,
            "at_2007_last_all": null,
            "at_2008_last_all": 17.24,
            "at_2009_last_all": 1.94,
            "at_2010_last_all": -23.54,
            "at_2011_last_all": -23.54,
            "at_2012_last_all": -23.54,
            "at_2013_last_all": -23.54,
            "at_2014_last_all": -23.54,
            "at_2015_last_all": -23.54,
            "at_2016_last_all": -38.83,
            "at_2017_last_all": -38.83,
            "at_2018_last_all": -38.83,
            "at_2019_last_all": -38.83,
            "at_2020_last_all": -38.83,
            "at_2021_last_all": -38.83,
            "at_2022_last_all": -38.83,
            "at_2023_last_all": -38.83
        },
        "latest_eps": 5.76,
        "latest_price": 44.35,
        "latest_roe": 47.46,
        "latest_gross_margin": 32.35,
        "latest_equity": 1055168,
        "latest_revenue": 160626,
        "latest_gross_profit": 51965,
        "latest_net_income": 367141,
        "latest_debt_ratio": 47.26,
        "latest_current_ratio": 210.23,
        "latest_account_receivable_turnover_ratio": 1.12,
        "latest_inventory_turnover_ratio": 0.43,
        "latest_reinvestment_rate": -11.82,
        "latest_research_to_sale_ratio": 3.5
    },
    "eps_dividends": {
        "2001": {
            "cash": 0,
            "stock": 0,
            "eps": 0
        },
        "2002": {
            "cash": 0,
            "stock": 0,
            "eps": 0
        },
        "2003": {
            "cash": 0,
            "stock": 0,
            "eps": 0
        },
        "2004": {
            "cash": 2.5,
            "stock": 2.5,
            "eps": 0
        },
        "2005": {
            "cash": 1,
            "stock": 2,
            "eps": 0
        },
        "2006": {
            "cash": 1.98,
            "stock": 1.98,
            "eps": 2.19
        },
        "2007": {
            "cash": 2.5,
            "stock": 0,
            "eps": 4.3
        },
        "2008": {
            "cash": 3,
            "stock": 0.5,
            "eps": 1.64
        },
        "2009": {
            "cash": 1.2,
            "stock": 0,
            "eps": 1.17
        },
        "2010": {
            "cash": 0.68,
            "stock": 0.29,
            "eps": -0.59
        },
        "2011": {
            "cash": 0,
            "stock": 0,
            "eps": -1.33
        },
        "2012": {
            "cash": 0,
            "stock": 0,
            "eps": -0.34
        },
        "2013": {
            "cash": 0,
            "stock": 0,
            "eps": -1.2
        },
        "2014": {
            "cash": 0,
            "stock": 0,
            "eps": -0.34
        },
        "2015": {
            "cash": 0,
            "stock": 0,
            "eps": 0
        },
        "2016": {
            "cash": 0,
            "stock": 0,
            "eps": -0.2
        },
        "2017": {
            "cash": 0,
            "stock": 0,
            "eps": -0.57
        },
        "2018": {
            "cash": 0,
            "stock": 0,
            "eps": -1.57
        },
        "2019": {
            "cash": 0,
            "stock": 0,
            "eps": -0.96
        },
        "2020": {
            "cash": 0,
            "stock": 0,
            "eps": -0.88
        },
        "2021": {
            "cash": 0,
            "stock": 0,
            "eps": -0.26
        },
        "2022": {
            "cash": 0,
            "stock": 0,
            "eps": 0.28
        },
        "2023": {
            "cash": 0,
            "stock": 0,
            "eps": 5.19
        }
    },
    "dividends": {
        "2004-04-28": {
            "cash": 2.5,
            "stock": 2.5
        },
        "2005-04-30": {
            "cash": 1,
            "stock": 2
        },
        "2006-03-31": {
            "cash": 1.98,
            "stock": 1.98
        },
        "2007-04-23": {
            "cash": 2.5,
            "stock": 0
        },
        "2008-03-24": {
            "cash": 3,
            "stock": 0.5
        },
        "2009-03-30": {
            "cash": 1.2,
            "stock": 0
        },
        "2010-03-25": {
            "cash": 0.68,
            "stock": 0.29
        }
    },
    "prices": {
        "200101": "無",
        "200102": "無",
        "200103": "無",
        "200104": "無",
        "200105": "無",
        "200106": "無",
        "200107": "無",
        "200108": "無",
        "200109": "無",
        "200110": "無",
        "200111": "無",
        "200112": "無",
        "200201": "無",
        "200202": "無",
        "200203": "無",
        "200204": "無",
        "200205": "無",
        "200206": "無",
        "200207": "無",
        "200208": "無",
        "200209": "無",
        "200210": "無",
        "200211": "無",
        "200212": "無",
        "200301": "無",
        "200302": "無",
        "200303": "無",
        "200304": "無",
        "200305": "無",
        "200306": "無",
        "200307": "無",
        "200308": "無",
        "200309": "無",
        "200310": "無",
        "200311": "無",
        "200312": "無",
        "200401": "無",
        "200402": "無",
        "200403": "無",
        "200404": "無",
        "200405": "無",
        "200406": "無",
        "200407": "無",
        "200408": "無",
        "200409": "51.25",
        "200410": "53.41",
        "200411": "無",
        "200412": "51.04",
        "200501": "52.00",
        "200502": "無",
        "200503": "無",
        "200504": "無",
        "200505": "無",
        "200506": "51.90",
        "200507": "43.00",
        "200508": "41.31",
        "200509": "40.00",
        "200510": "無",
        "200511": "39.21",
        "200512": "37.45",
        "200601": "無",
        "200602": "38.25",
        "200603": "43.08",
        "200604": "41.63",
        "200605": "43.61",
        "200606": "39.21",
        "200607": "35.35",
        "200608": "33.64",
        "200609": "32.07",
        "200610": "27.95",
        "200611": "27.25",
        "200612": "30.66",
        "200701": "31.74",
        "200702": "30.40",
        "200703": "30.01",
        "200704": "31.00",
        "200705": "30.55",
        "200706": "42.44",
        "200707": "59.85",
        "200708": "60.91",
        "200709": "58.61",
        "200710": "54.89",
        "200711": "55.50",
        "200712": "53.08",
        "200801": "48.82",
        "200802": "39.71",
        "200803": "37.38",
        "200804": "38.09",
        "200805": "37.44",
        "200806": "32.74",
        "200807": "26.67",
        "200808": "25.59",
        "200809": "24.04",
        "200810": "18.50",
        "200811": "14.69",
        "200812": "12.67",
        "200901": "14.14",
        "200902": "14.39",
        "200903": "16.49",
        "200904": "19.19",
        "200905": "19.61",
        "200906": "21.59",
        "200907": "21.51",
        "200908": "20.50",
        "200909": "20.05",
        "200910": "21.37",
        "200911": "20.17",
        "200912": "22.31",
        "201001": "25.46",
        "201002": "21.78",
        "201003": "23.97",
        "201004": "25.22",
        "201005": "21.65",
        "201006": "21.53",
        "201007": "21.71",
        "201008": "22.82",
        "201009": "26.95",
        "201010": "22.05",
        "201011": "20.34",
        "201012": "21.38",
        "201101": "19.92",
        "201102": "18.64",
        "201103": "16.95",
        "201104": "16.02",
        "201105": "14.02",
        "201106": "13.73",
        "201107": "13.19",
        "201108": "10.12",
        "201109": "8.89",
        "201110": "8.67",
        "201111": "7.80",
        "201112": "6.54",
        "201201": "6.92",
        "201202": "8.90",
        "201203": "8.61",
        "201204": "6.79",
        "201205": "6.86",
        "201206": "6.68",
        "201207": "6.83",
        "201208": "6.88",
        "201209": "7.43",
        "201210": "7.23",
        "201211": "6.42",
        "201212": "6.88",
        "201301": "6.89",
        "201302": "6.80",
        "201303": "7.28",
        "201304": "8.35",
        "201305": "8.14",
        "201306": "7.96",
        "201307": "7.79",
        "201308": "7.70",
        "201309": "8.00",
        "201310": "8.77",
        "201311": "9.21",
        "201312": "9.80",
        "201401": "12.71",
        "201402": "13.97",
        "201403": "12.99",
        "201404": "11.67",
        "201405": "9.74",
        "201406": "10.86",
        "201407": "11.01",
        "201408": "11.89",
        "201409": "10.21",
        "201410": "8.55",
        "201411": "8.00",
        "201412": "8.42",
        "201501": "10.15",
        "201502": "10.14",
        "201503": "10.22",
        "201504": "13.03",
        "201505": "11.10",
        "201506": "8.36",
        "201507": "7.96",
        "201508": "6.85",
        "201509": "7.34",
        "201510": "8.35",
        "201511": "7.91",
        "201512": "7.58",
        "201601": "6.90",
        "201602": "6.89",
        "201603": "7.33",
        "201604": "7.28",
        "201605": "7.11",
        "201606": "7.07",
        "201607": "8.04",
        "201608": "8.43",
        "201609": "7.82",
        "201610": "7.66",
        "201611": "7.45",
        "201612": "7.42",
        "201701": "7.75",
        "201702": "8.15",
        "201703": "8.14",
        "201704": "7.54",
        "201705": "7.50",
        "201706": "7.57",
        "201707": "7.38",
        "201708": "7.69",
        "201709": "8.26",
        "201710": "8.09",
        "201711": "8.17",
        "201712": "8.32",
        "201801": "9.04",
        "201802": "9.24",
        "201803": "9.52",
        "201804": "8.72",
        "201805": "8.03",
        "201806": "8.20",
        "201807": "7.89",
        "201808": "7.94",
        "201809": "7.64",
        "201810": "7.02",
        "201811": "6.58",
        "201812": "6.46",
        "201901": "6.21",
        "201902": "6.46",
        "201903": "6.58",
        "201904": "6.41",
        "201905": "6.22",
        "201906": "5.90",
        "201907": "5.90",
        "201908": "5.67",
        "201909": "6.09",
        "201910": "5.85",
        "201911": "5.57",
        "201912": "5.76",
        "202001": "5.94",
        "202002": "5.62",
        "202003": "4.76",
        "202004": "5.04",
        "202005": "5.19",
        "202006": "5.56",
        "202007": "6.04",
        "202008": "6.14",
        "202009": "6.84",
        "202010": "6.74",
        "202011": "6.80",
        "202012": "7.27",
        "202101": "6.81",
        "202102": "6.76",
        "202103": "7.85",
        "202104": "10.76",
        "202105": "8.86",
        "202106": "9.12",
        "202107": "9.13",
        "202108": "7.83",
        "202109": "7.79",
        "202110": "7.80",
        "202111": "8.00",
        "202112": "10.03",
        "202201": "19.00",
        "202202": "17.07",
        "202203": "15.58",
        "202204": "14.44",
        "202205": "16.08",
        "202206": "14.70",
        "202207": "13.42",
        "202208": "14.28",
        "202209": "14.00",
        "202210": "11.71",
        "202211": "13.59",
        "202212": "14.41",
        "202301": "14.26",
        "202302": "15.09",
        "202303": "16.62",
        "202304": "27.59",
        "202305": "36.30",
        "202306": "40.74"
    },
    "quarters": {
        "20011": {
            "year_quarter": 20011,
            "year": 2001,
            "quarter": 1,
            "eps": null,
            "eps_growth_year": null,
            "eps_4q": null,
            "eps_4q_growth_year": null,
            "roe": null,
            "roe_4q": 0,
            "gross_profit": null,
            "gross_margin": null,
            "gross_margin_4q_avg": 0,
            "net_income": null,
            "revenue": null,
            "common_shares": null,
            "book_valuer_per_share": null,
            "book_valuer_per_share_4q_avg": 0,
            "equity": null,
            "current_ratio": null,
            "debt_ratio": null,
            "inventory_turnover_ratio": null,
            "account_receivable_turnover_ratio": null,
            "reinvestment_rate": null,
            "research_to_sale_ratio": null,
            "price_fair": 0,
            "eps_avg_yearly": 0,
            "eps_latest_yearly": 0,
            "eps_growth_yearly": 0
        },
        "20012": {
            "year_quarter": 20012,
            "year": 2001,
            "quarter": 2,
            "eps": null,
            "eps_growth_year": null,
            "eps_4q": null,
            "eps_4q_growth_year": null,
            "roe": null,
            "roe_4q": 0,
            "gross_profit": null,
            "gross_margin": null,
            "gross_margin_4q_avg": 0,
            "net_income": null,
            "revenue": null,
            "common_shares": null,
            "book_valuer_per_share": null,
            "book_valuer_per_share_4q_avg": 0,
            "equity": null,
            "current_ratio": null,
            "debt_ratio": null,
            "inventory_turnover_ratio": null,
            "account_receivable_turnover_ratio": null,
            "reinvestment_rate": null,
            "research_to_sale_ratio": null,
            "price_fair": 0,
            "eps_avg_yearly": 0,
            "eps_latest_yearly": 0,
            "eps_growth_yearly": 0
        },
        "20013": {
            "year_quarter": 20013,
            "year": 2001,
            "quarter": 3,
            "eps": null,
            "eps_growth_year": null,
            "eps_4q": null,
            "eps_4q_growth_year": null,
            "roe": null,
            "roe_4q": 0,
            "gross_profit": null,
            "gross_margin": null,
            "gross_margin_4q_avg": 0,
            "net_income": null,
            "revenue": null,
            "common_shares": null,
            "book_valuer_per_share": null,
            "book_valuer_per_share_4q_avg": 0,
            "equity": null,
            "current_ratio": null,
            "debt_ratio": null,
            "inventory_turnover_ratio": null,
            "account_receivable_turnover_ratio": null,
            "reinvestment_rate": null,
            "research_to_sale_ratio": null,
            "price_fair": 0,
            "eps_avg_yearly": 0,
            "eps_latest_yearly": 0,
            "eps_growth_yearly": 0
        },
        "20014": {
            "year_quarter": 20014,
            "year": 2001,
            "quarter": 4,
            "eps": null,
            "eps_growth_year": null,
            "eps_4q": null,
            "eps_4q_growth_year": null,
            "roe": null,
            "roe_4q": 0,
            "gross_profit": null,
            "gross_margin": null,
            "gross_margin_4q_avg": 0,
            "net_income": null,
            "revenue": null,
            "common_shares": 182307,
            "book_valuer_per_share": 11.74,
            "book_valuer_per_share_4q_avg": 2.94,
            "equity": 214060,
            "current_ratio": 115.61,
            "debt_ratio": 82.23,
            "inventory_turnover_ratio": null,
            "account_receivable_turnover_ratio": null,
            "reinvestment_rate": null,
            "research_to_sale_ratio": null,
            "price_fair": 0,
            "eps_avg_yearly": 0,
            "eps_latest_yearly": 0,
            "eps_growth_yearly": 0
        },
        "20021": {
            "year_quarter": 20021,
            "year": 2002,
            "quarter": 1,
            "eps": null,
            "eps_growth_year": null,
            "eps_4q": null,
            "eps_4q_growth_year": null,
            "roe": null,
            "roe_4q": 0,
            "gross_profit": null,
            "gross_margin": null,
            "gross_margin_4q_avg": 0,
            "net_income": null,
            "revenue": null,
            "common_shares": null,
            "book_valuer_per_share": null,
            "book_valuer_per_share_4q_avg": 2.94,
            "equity": null,
            "current_ratio": null,
            "debt_ratio": null,
            "inventory_turnover_ratio": null,
            "account_receivable_turnover_ratio": null,
            "reinvestment_rate": null,
            "research_to_sale_ratio": null,
            "price_fair": 0,
            "eps_avg_yearly": 0,
            "eps_latest_yearly": 0,
            "eps_growth_yearly": 0
        },
        "20022": {
            "year_quarter": 20022,
            "year": 2002,
            "quarter": 2,
            "eps": null,
            "eps_growth_year": null,
            "eps_4q": null,
            "eps_4q_growth_year": null,
            "roe": null,
            "roe_4q": 0,
            "gross_profit": null,
            "gross_margin": null,
            "gross_margin_4q_avg": 0,
            "net_income": null,
            "revenue": null,
            "common_shares": null,
            "book_valuer_per_share": null,
            "book_valuer_per_share_4q_avg": 2.94,
            "equity": null,
            "current_ratio": null,
            "debt_ratio": null,
            "inventory_turnover_ratio": null,
            "account_receivable_turnover_ratio": null,
            "reinvestment_rate": null,
            "research_to_sale_ratio": null,
            "price_fair": 0,
            "eps_avg_yearly": 0,
            "eps_latest_yearly": 0,
            "eps_growth_yearly": 0
        },
        "20023": {
            "year_quarter": 20023,
            "year": 2002,
            "quarter": 3,
            "eps": null,
            "eps_growth_year": null,
            "eps_4q": null,
            "eps_4q_growth_year": null,
            "roe": null,
            "roe_4q": 0,
            "gross_profit": null,
            "gross_margin": null,
            "gross_margin_4q_avg": 0,
            "net_income": null,
            "revenue": null,
            "common_shares": null,
            "book_valuer_per_share": null,
            "book_valuer_per_share_4q_avg": 2.94,
            "equity": null,
            "current_ratio": null,
            "debt_ratio": null,
            "inventory_turnover_ratio": null,
            "account_receivable_turnover_ratio": null,
            "reinvestment_rate": null,
            "research_to_sale_ratio": null,
            "price_fair": 0,
            "eps_avg_yearly": 0,
            "eps_latest_yearly": 0,
            "eps_growth_yearly": 0
        },
        "20024": {
            "year_quarter": 20024,
            "year": 2002,
            "quarter": 4,
            "eps": null,
            "eps_growth_year": null,
            "eps_4q": null,
            "eps_4q_growth_year": null,
            "roe": null,
            "roe_4q": 0,
            "gross_profit": null,
            "gross_margin": null,
            "gross_margin_4q_avg": 0,
            "net_income": null,
            "revenue": null,
            "common_shares": 399580,
            "book_valuer_per_share": 11.08,
            "book_valuer_per_share_4q_avg": 2.77,
            "equity": 442801,
            "current_ratio": 122.14,
            "debt_ratio": 78.77,
            "inventory_turnover_ratio": null,
            "account_receivable_turnover_ratio": null,
            "reinvestment_rate": null,
            "research_to_sale_ratio": null,
            "price_fair": 0,
            "eps_avg_yearly": 0,
            "eps_latest_yearly": 0,
            "eps_growth_yearly": 0
        },
        "20031": {
            "year_quarter": 20031,
            "year": 2003,
            "quarter": 1,
            "eps": null,
            "eps_growth_year": null,
            "eps_4q": null,
            "eps_4q_growth_year": null,
            "roe": null,
            "roe_4q": 0,
            "gross_profit": null,
            "gross_margin": null,
            "gross_margin_4q_avg": 0,
            "net_income": null,
            "revenue": null,
            "common_shares": null,
            "book_valuer_per_share": null,
            "book_valuer_per_share_4q_avg": 2.77,
            "equity": null,
            "current_ratio": null,
            "debt_ratio": null,
            "inventory_turnover_ratio": null,
            "account_receivable_turnover_ratio": null,
            "reinvestment_rate": null,
            "research_to_sale_ratio": null,
            "price_fair": 0,
            "eps_avg_yearly": 0,
            "eps_latest_yearly": 0,
            "eps_growth_yearly": 0
        },
        "20032": {
            "year_quarter": 20032,
            "year": 2003,
            "quarter": 2,
            "eps": null,
            "eps_growth_year": null,
            "eps_4q": null,
            "eps_4q_growth_year": null,
            "roe": null,
            "roe_4q": 0,
            "gross_profit": null,
            "gross_margin": null,
            "gross_margin_4q_avg": 0,
            "net_income": null,
            "revenue": null,
            "common_shares": null,
            "book_valuer_per_share": null,
            "book_valuer_per_share_4q_avg": 2.77,
            "equity": null,
            "current_ratio": null,
            "debt_ratio": null,
            "inventory_turnover_ratio": null,
            "account_receivable_turnover_ratio": null,
            "reinvestment_rate": null,
            "research_to_sale_ratio": null,
            "price_fair": 0,
            "eps_avg_yearly": 0,
            "eps_latest_yearly": 0,
            "eps_growth_yearly": 0
        },
        "20033": {
            "year_quarter": 20033,
            "year": 2003,
            "quarter": 3,
            "eps": null,
            "eps_growth_year": null,
            "eps_4q": null,
            "eps_4q_growth_year": null,
            "roe": null,
            "roe_4q": 0,
            "gross_profit": null,
            "gross_margin": null,
            "gross_margin_4q_avg": 0,
            "net_income": null,
            "revenue": null,
            "common_shares": null,
            "book_valuer_per_share": null,
            "book_valuer_per_share_4q_avg": 2.77,
            "equity": null,
            "current_ratio": null,
            "debt_ratio": null,
            "inventory_turnover_ratio": null,
            "account_receivable_turnover_ratio": null,
            "reinvestment_rate": null,
            "research_to_sale_ratio": null,
            "price_fair": 0,
            "eps_avg_yearly": 0,
            "eps_latest_yearly": 0,
            "eps_growth_yearly": 0
        },
        "20034": {
            "year_quarter": 20034,
            "year": 2003,
            "quarter": 4,
            "eps": null,
            "eps_growth_year": null,
            "eps_4q": null,
            "eps_4q_growth_year": null,
            "roe": null,
            "roe_4q": 0,
            "gross_profit": null,
            "gross_margin": null,
            "gross_margin_4q_avg": 0,
            "net_income": null,
            "revenue": null,
            "common_shares": 399580,
            "book_valuer_per_share": 18.88,
            "book_valuer_per_share_4q_avg": 4.72,
            "equity": 754433,
            "current_ratio": 132.31,
            "debt_ratio": 70.09,
            "inventory_turnover_ratio": null,
            "account_receivable_turnover_ratio": null,
            "reinvestment_rate": null,
            "research_to_sale_ratio": null,
            "price_fair": 0,
            "eps_avg_yearly": 0,
            "eps_latest_yearly": 0,
            "eps_growth_yearly": 0
        },
        "20041": {
            "year_quarter": 20041,
            "year": 2004,
            "quarter": 1,
            "eps": null,
            "eps_growth_year": null,
            "eps_4q": null,
            "eps_4q_growth_year": null,
            "roe": null,
            "roe_4q": 0,
            "gross_profit": null,
            "gross_margin": null,
            "gross_margin_4q_avg": 0,
            "net_income": null,
            "revenue": null,
            "common_shares": null,
            "book_valuer_per_share": null,
            "book_valuer_per_share_4q_avg": 4.72,
            "equity": null,
            "current_ratio": null,
            "debt_ratio": null,
            "inventory_turnover_ratio": null,
            "account_receivable_turnover_ratio": null,
            "reinvestment_rate": null,
            "research_to_sale_ratio": null,
            "price_fair": 0,
            "eps_avg_yearly": 0,
            "eps_latest_yearly": 0,
            "eps_growth_yearly": 0
        },
        "20042": {
            "year_quarter": 20042,
            "year": 2004,
            "quarter": 2,
            "eps": null,
            "eps_growth_year": null,
            "eps_4q": null,
            "eps_4q_growth_year": null,
            "roe": null,
            "roe_4q": 0,
            "gross_profit": null,
            "gross_margin": null,
            "gross_margin_4q_avg": 0,
            "net_income": null,
            "revenue": null,
            "common_shares": null,
            "book_valuer_per_share": null,
            "book_valuer_per_share_4q_avg": 4.72,
            "equity": null,
            "current_ratio": null,
            "debt_ratio": null,
            "inventory_turnover_ratio": null,
            "account_receivable_turnover_ratio": null,
            "reinvestment_rate": null,
            "research_to_sale_ratio": null,
            "price_fair": 0,
            "eps_avg_yearly": 0,
            "eps_latest_yearly": 0,
            "eps_growth_yearly": 0
        },
        "20043": {
            "year_quarter": 20043,
            "year": 2004,
            "quarter": 3,
            "eps": null,
            "eps_growth_year": null,
            "eps_4q": null,
            "eps_4q_growth_year": null,
            "roe": null,
            "roe_4q": 0,
            "gross_profit": null,
            "gross_margin": null,
            "gross_margin_4q_avg": 0,
            "net_income": null,
            "revenue": null,
            "common_shares": null,
            "book_valuer_per_share": null,
            "book_valuer_per_share_4q_avg": 4.72,
            "equity": null,
            "current_ratio": null,
            "debt_ratio": null,
            "inventory_turnover_ratio": null,
            "account_receivable_turnover_ratio": null,
            "reinvestment_rate": null,
            "research_to_sale_ratio": null,
            "price_fair": 0,
            "eps_avg_yearly": 0,
            "eps_latest_yearly": 0,
            "eps_growth_yearly": 0
        },
        "20044": {
            "year_quarter": 20044,
            "year": 2004,
            "quarter": 4,
            "eps": null,
            "eps_growth_year": null,
            "eps_4q": null,
            "eps_4q_growth_year": null,
            "roe": null,
            "roe_4q": 0,
            "gross_profit": null,
            "gross_margin": null,
            "gross_margin_4q_avg": 0,
            "net_income": null,
            "revenue": null,
            "common_shares": 505275,
            "book_valuer_per_share": 15.69,
            "book_valuer_per_share_4q_avg": 3.92,
            "equity": 792920,
            "current_ratio": 123.06,
            "debt_ratio": 73.16,
            "inventory_turnover_ratio": null,
            "account_receivable_turnover_ratio": null,
            "reinvestment_rate": null,
            "research_to_sale_ratio": null,
            "price_fair": 0,
            "eps_avg_yearly": 0,
            "eps_latest_yearly": 0,
            "eps_growth_yearly": 0
        },
        "20051": {
            "year_quarter": 20051,
            "year": 2005,
            "quarter": 1,
            "eps": null,
            "eps_growth_year": null,
            "eps_4q": null,
            "eps_4q_growth_year": null,
            "roe": null,
            "roe_4q": 0,
            "gross_profit": null,
            "gross_margin": null,
            "gross_margin_4q_avg": 0,
            "net_income": null,
            "revenue": null,
            "common_shares": null,
            "book_valuer_per_share": null,
            "book_valuer_per_share_4q_avg": 3.92,
            "equity": null,
            "current_ratio": null,
            "debt_ratio": null,
            "inventory_turnover_ratio": null,
            "account_receivable_turnover_ratio": null,
            "reinvestment_rate": null,
            "research_to_sale_ratio": null,
            "price_fair": 0,
            "eps_avg_yearly": 0,
            "eps_latest_yearly": 0,
            "eps_growth_yearly": 0
        },
        "20052": {
            "year_quarter": 20052,
            "year": 2005,
            "quarter": 2,
            "eps": null,
            "eps_growth_year": null,
            "eps_4q": null,
            "eps_4q_growth_year": null,
            "roe": null,
            "roe_4q": 0,
            "gross_profit": null,
            "gross_margin": null,
            "gross_margin_4q_avg": 0,
            "net_income": null,
            "revenue": null,
            "common_shares": null,
            "book_valuer_per_share": null,
            "book_valuer_per_share_4q_avg": 3.92,
            "equity": null,
            "current_ratio": null,
            "debt_ratio": null,
            "inventory_turnover_ratio": null,
            "account_receivable_turnover_ratio": null,
            "reinvestment_rate": null,
            "research_to_sale_ratio": null,
            "price_fair": 0,
            "eps_avg_yearly": 0,
            "eps_latest_yearly": 0,
            "eps_growth_yearly": 0
        },
        "20053": {
            "year_quarter": 20053,
            "year": 2005,
            "quarter": 3,
            "eps": null,
            "eps_growth_year": null,
            "eps_4q": null,
            "eps_4q_growth_year": null,
            "roe": null,
            "roe_4q": 0,
            "gross_profit": null,
            "gross_margin": null,
            "gross_margin_4q_avg": 0,
            "net_income": null,
            "revenue": null,
            "common_shares": null,
            "book_valuer_per_share": null,
            "book_valuer_per_share_4q_avg": 3.92,
            "equity": null,
            "current_ratio": null,
            "debt_ratio": null,
            "inventory_turnover_ratio": null,
            "account_receivable_turnover_ratio": null,
            "reinvestment_rate": null,
            "research_to_sale_ratio": null,
            "price_fair": 0,
            "eps_avg_yearly": 0,
            "eps_latest_yearly": 0,
            "eps_growth_yearly": 0
        },
        "20054": {
            "year_quarter": 20054,
            "year": 2005,
            "quarter": 4,
            "eps": null,
            "eps_growth_year": null,
            "eps_4q": null,
            "eps_4q_growth_year": null,
            "roe": null,
            "roe_4q": 0,
            "gross_profit": null,
            "gross_margin": null,
            "gross_margin_4q_avg": 0,
            "net_income": null,
            "revenue": null,
            "common_shares": 609250,
            "book_valuer_per_share": 16.14,
            "book_valuer_per_share_4q_avg": 4.04,
            "equity": 998366,
            "current_ratio": 130.54,
            "debt_ratio": 69.58,
            "inventory_turnover_ratio": null,
            "account_receivable_turnover_ratio": null,
            "reinvestment_rate": null,
            "research_to_sale_ratio": null,
            "price_fair": 0,
            "eps_avg_yearly": 0,
            "eps_latest_yearly": 0,
            "eps_growth_yearly": 0
        },
        "20061": {
            "year_quarter": 20061,
            "year": 2006,
            "quarter": 1,
            "eps": null,
            "eps_growth_year": null,
            "eps_4q": null,
            "eps_4q_growth_year": null,
            "roe": null,
            "roe_4q": 0,
            "gross_profit": null,
            "gross_margin": null,
            "gross_margin_4q_avg": 0,
            "net_income": null,
            "revenue": null,
            "common_shares": null,
            "book_valuer_per_share": null,
            "book_valuer_per_share_4q_avg": 4.04,
            "equity": null,
            "current_ratio": null,
            "debt_ratio": null,
            "inventory_turnover_ratio": null,
            "account_receivable_turnover_ratio": null,
            "reinvestment_rate": null,
            "research_to_sale_ratio": null,
            "price_fair": 0,
            "eps_avg_yearly": 0,
            "eps_latest_yearly": 0,
            "eps_growth_yearly": 0
        },
        "20062": {
            "year_quarter": 20062,
            "year": 2006,
            "quarter": 2,
            "eps": null,
            "eps_growth_year": null,
            "eps_4q": null,
            "eps_4q_growth_year": null,
            "roe": null,
            "roe_4q": 0,
            "gross_profit": null,
            "gross_margin": null,
            "gross_margin_4q_avg": 0,
            "net_income": null,
            "revenue": null,
            "common_shares": null,
            "book_valuer_per_share": null,
            "book_valuer_per_share_4q_avg": 4.04,
            "equity": null,
            "current_ratio": null,
            "debt_ratio": null,
            "inventory_turnover_ratio": null,
            "account_receivable_turnover_ratio": null,
            "reinvestment_rate": null,
            "research_to_sale_ratio": null,
            "price_fair": 0,
            "eps_avg_yearly": 0,
            "eps_latest_yearly": 0,
            "eps_growth_yearly": 0
        },
        "20063": {
            "year_quarter": 20063,
            "year": 2006,
            "quarter": 3,
            "eps": 1.66,
            "eps_growth_year": null,
            "eps_4q": null,
            "eps_4q_growth_year": null,
            "roe": 11.47,
            "roe_4q": 11.47,
            "gross_profit": 174029,
            "gross_margin": 10.54,
            "gross_margin_4q_avg": 2.64,
            "net_income": 121548,
            "revenue": 1651132,
            "common_shares": 609250,
            "book_valuer_per_share": 17.4,
            "book_valuer_per_share_4q_avg": 8.39,
            "equity": 1059791,
            "current_ratio": 118.56,
            "debt_ratio": 71.13,
            "inventory_turnover_ratio": 2.27,
            "account_receivable_turnover_ratio": null,
            "reinvestment_rate": null,
            "research_to_sale_ratio": null,
            "price_fair": 0,
            "eps_avg_yearly": 0,
            "eps_latest_yearly": 0,
            "eps_growth_yearly": 0
        },
        "20064": {
            "year_quarter": 20064,
            "year": 2006,
            "quarter": 4,
            "eps": 0.53,
            "eps_growth_year": null,
            "eps_4q": null,
            "eps_4q_growth_year": null,
            "roe": 3.56,
            "roe_4q": 15.030000000000001,
            "gross_profit": 159577,
            "gross_margin": 9.88,
            "gross_margin_4q_avg": 5.11,
            "net_income": 38741,
            "revenue": 1615365,
            "common_shares": 741930,
            "book_valuer_per_share": 14.86,
            "book_valuer_per_share_4q_avg": 8.07,
            "equity": 1117546,
            "current_ratio": 131.25,
            "debt_ratio": 64.28,
            "inventory_turnover_ratio": 2.63,
            "account_receivable_turnover_ratio": null,
            "reinvestment_rate": null,
            "research_to_sale_ratio": null,
            "price_fair": 6.36,
            "eps_avg_yearly": 2.12,
            "eps_latest_yearly": 2.12,
            "eps_growth_yearly": -272.29
        },
        "20071": {
            "year_quarter": 20071,
            "year": 2007,
            "quarter": 1,
            "eps": 1.25,
            "eps_growth_year": null,
            "eps_4q": null,
            "eps_4q_growth_year": null,
            "roe": 7.96,
            "roe_4q": 22.990000000000002,
            "gross_profit": 144644,
            "gross_margin": 11.05,
            "gross_margin_4q_avg": 7.87,
            "net_income": 92547,
            "revenue": 1308957,
            "common_shares": 741930,
            "book_valuer_per_share": 16.29,
            "book_valuer_per_share_4q_avg": 12.14,
            "equity": 1208330,
            "current_ratio": 125.84,
            "debt_ratio": 63.52,
            "inventory_turnover_ratio": 2.61,
            "account_receivable_turnover_ratio": null,
            "reinvestment_rate": null,
            "research_to_sale_ratio": null,
            "price_fair": 124.6,
            "eps_avg_yearly": 3.56,
            "eps_latest_yearly": 5,
            "eps_growth_yearly": 135.55
        },
        "20072": {
            "year_quarter": 20072,
            "year": 2007,
            "quarter": 2,
            "eps": 1.34,
            "eps_growth_year": null,
            "eps_4q": 4.75,
            "eps_4q_growth_year": null,
            "roe": 8.54,
            "roe_4q": 31.53,
            "gross_profit": 157503,
            "gross_margin": 11.5,
            "gross_margin_4q_avg": 10.74,
            "net_income": 99269,
            "revenue": 1369862,
            "common_shares": 741930,
            "book_valuer_per_share": 15.06,
            "book_valuer_per_share_4q_avg": 15.9,
            "equity": 1117458,
            "current_ratio": 119.58,
            "debt_ratio": 66.75,
            "inventory_turnover_ratio": 2.83,
            "account_receivable_turnover_ratio": null,
            "reinvestment_rate": null,
            "research_to_sale_ratio": null,
            "price_fair": 145.6,
            "eps_avg_yearly": 4.16,
            "eps_latest_yearly": 5.36,
            "eps_growth_yearly": 99.97
        },
        "20073": {
            "year_quarter": 20073,
            "year": 2007,
            "quarter": 3,
            "eps": 1.49,
            "eps_growth_year": -10.24,
            "eps_4q": 4.6,
            "eps_4q_growth_year": null,
            "roe": 9.39,
            "roe_4q": 29.45,
            "gross_profit": 167040,
            "gross_margin": 9.3,
            "gross_margin_4q_avg": 10.43,
            "net_income": 110435,
            "revenue": 1795491,
            "common_shares": 741930,
            "book_valuer_per_share": 16.64,
            "book_valuer_per_share_4q_avg": 15.71,
            "equity": 1234686,
            "current_ratio": 129.36,
            "debt_ratio": 66.69,
            "inventory_turnover_ratio": 7.2,
            "account_receivable_turnover_ratio": null,
            "reinvestment_rate": null,
            "research_to_sale_ratio": null,
            "price_fair": 161.35,
            "eps_avg_yearly": 4.61,
            "eps_latest_yearly": 5.96,
            "eps_growth_yearly": 86.17
        },
        "20074": {
            "year_quarter": 20074,
            "year": 2007,
            "quarter": 4,
            "eps": 0.22,
            "eps_growth_year": -58.49,
            "eps_4q": 4.28,
            "eps_4q_growth_year": null,
            "roe": 1.31,
            "roe_4q": 27.200000000000003,
            "gross_profit": 141525,
            "gross_margin": 8.74,
            "gross_margin_4q_avg": 10.15,
            "net_income": 16378,
            "revenue": 1619387,
            "common_shares": 745570,
            "book_valuer_per_share": 16.8,
            "book_valuer_per_share_4q_avg": 16.2,
            "equity": 1267113,
            "current_ratio": 131.69,
            "debt_ratio": 71.18,
            "inventory_turnover_ratio": 5.46,
            "account_receivable_turnover_ratio": null,
            "reinvestment_rate": null,
            "research_to_sale_ratio": null,
            "price_fair": 38.64,
            "eps_avg_yearly": 3.86,
            "eps_latest_yearly": 0.88,
            "eps_growth_yearly": 0.75
        },
        "20081": {
            "year_quarter": 20081,
            "year": 2008,
            "quarter": 1,
            "eps": 0.08,
            "eps_growth_year": -93.6,
            "eps_4q": 5.47,
            "eps_4q_growth_year": null,
            "roe": 0.24,
            "roe_4q": 19.48,
            "gross_profit": 168695,
            "gross_margin": 11.8,
            "gross_margin_4q_avg": 10.34,
            "net_income": 3396,
            "revenue": 1429986,
            "common_shares": 844980,
            "book_valuer_per_share": 18.51,
            "book_valuer_per_share_4q_avg": 16.75,
            "equity": 1582937,
            "current_ratio": 147.24,
            "debt_ratio": 61.91,
            "inventory_turnover_ratio": 2.24,
            "account_receivable_turnover_ratio": null,
            "reinvestment_rate": null,
            "research_to_sale_ratio": null,
            "price_fair": 9.82,
            "eps_avg_yearly": 3.27,
            "eps_latest_yearly": 0.32,
            "eps_growth_yearly": -41.8
        },
        "20082": {
            "year_quarter": 20082,
            "year": 2008,
            "quarter": 2,
            "eps": 0.65,
            "eps_growth_year": -51.49,
            "eps_4q": 2.55,
            "eps_4q_growth_year": -46.37,
            "roe": 3.2,
            "roe_4q": 14.14,
            "gross_profit": 120040,
            "gross_margin": 9.05,
            "gross_margin_4q_avg": 9.72,
            "net_income": 47293,
            "revenue": 1326163,
            "common_shares": 845930,
            "book_valuer_per_share": 16.08,
            "book_valuer_per_share_4q_avg": 17.01,
            "equity": 1374074,
            "current_ratio": 136.29,
            "debt_ratio": 65.46,
            "inventory_turnover_ratio": 2.05,
            "account_receivable_turnover_ratio": null,
            "reinvestment_rate": null,
            "research_to_sale_ratio": null,
            "price_fair": 111.2,
            "eps_avg_yearly": 3.18,
            "eps_latest_yearly": 2.6,
            "eps_growth_yearly": 371.31
        },
        "20083": {
            "year_quarter": 20083,
            "year": 2008,
            "quarter": 3,
            "eps": 1.35,
            "eps_growth_year": -9.4,
            "eps_4q": 2.24,
            "eps_4q_growth_year": -51.3,
            "roe": 8.05,
            "roe_4q": 12.8,
            "gross_profit": 173397,
            "gross_margin": 12.8,
            "gross_margin_4q_avg": 10.6,
            "net_income": 116333,
            "revenue": 1354491,
            "common_shares": 845930,
            "book_valuer_per_share": 17.76,
            "book_valuer_per_share_4q_avg": 17.29,
            "equity": 1515521,
            "current_ratio": 144.02,
            "debt_ratio": 61.6,
            "inventory_turnover_ratio": 1.88,
            "account_receivable_turnover_ratio": null,
            "reinvestment_rate": null,
            "research_to_sale_ratio": null,
            "price_fair": 120.93,
            "eps_avg_yearly": 3.46,
            "eps_latest_yearly": 5.4,
            "eps_growth_yearly": 378.75
        },
        "20084": {
            "year_quarter": 20084,
            "year": 2008,
            "quarter": 4,
            "eps": -0.44,
            "eps_growth_year": -300,
            "eps_4q": 1.72,
            "eps_4q_growth_year": -59.77,
            "roe": -2.8,
            "roe_4q": 8.690000000000001,
            "gross_profit": 104441,
            "gross_margin": 12.68,
            "gross_margin_4q_avg": 11.58,
            "net_income": -41893,
            "revenue": 823387,
            "common_shares": 903179,
            "book_valuer_per_share": 16.2,
            "book_valuer_per_share_4q_avg": 17.14,
            "equity": 1480950,
            "current_ratio": 151.09,
            "debt_ratio": 56.01,
            "inventory_turnover_ratio": 1.09,
            "account_receivable_turnover_ratio": 2.48,
            "reinvestment_rate": null,
            "research_to_sale_ratio": null,
            "price_fair": 120.93,
            "eps_avg_yearly": 3.46,
            "eps_latest_yearly": 5.4,
            "eps_growth_yearly": 378.75
        },
        "20091": {
            "year_quarter": 20091,
            "year": 2009,
            "quarter": 1,
            "eps": 0.3,
            "eps_growth_year": 275,
            "eps_4q": 1.86,
            "eps_4q_growth_year": -65.97,
            "roe": 1.71,
            "roe_4q": 10.16,
            "gross_profit": 108490,
            "gross_margin": 11.63,
            "gross_margin_4q_avg": 11.54,
            "net_income": 25656,
            "revenue": 933126,
            "common_shares": 903179,
            "book_valuer_per_share": 16.64,
            "book_valuer_per_share_4q_avg": 16.67,
            "equity": 1519234,
            "current_ratio": 159.68,
            "debt_ratio": 52.11,
            "inventory_turnover_ratio": 1.44,
            "account_receivable_turnover_ratio": 1.3,
            "reinvestment_rate": null,
            "research_to_sale_ratio": null,
            "price_fair": 120.93,
            "eps_avg_yearly": 3.46,
            "eps_latest_yearly": 5.4,
            "eps_growth_yearly": 378.75
        },
        "20092": {
            "year_quarter": 20092,
            "year": 2009,
            "quarter": 2,
            "eps": 0.27,
            "eps_growth_year": -58.46,
            "eps_4q": 1.68,
            "eps_4q_growth_year": -34.29,
            "roe": 1.44,
            "roe_4q": 8.4,
            "gross_profit": 146698,
            "gross_margin": 13.71,
            "gross_margin_4q_avg": 12.71,
            "net_income": 21123,
            "revenue": 1070268,
            "common_shares": 903709,
            "book_valuer_per_share": 15.6,
            "book_valuer_per_share_4q_avg": 16.55,
            "equity": 1422497,
            "current_ratio": 161.98,
            "debt_ratio": 59.78,
            "inventory_turnover_ratio": 1.95,
            "account_receivable_turnover_ratio": 1.37,
            "reinvestment_rate": null,
            "research_to_sale_ratio": null,
            "price_fair": 111.69,
            "eps_avg_yearly": 3.19,
            "eps_latest_yearly": 1.08,
            "eps_growth_yearly": 332.22
        },
        "20093": {
            "year_quarter": 20093,
            "year": 2009,
            "quarter": 3,
            "eps": 0.11,
            "eps_growth_year": -91.85,
            "eps_4q": 0.25,
            "eps_4q_growth_year": -88.85,
            "roe": 0.72,
            "roe_4q": 1.0700000000000003,
            "gross_profit": 76604,
            "gross_margin": 8.39,
            "gross_margin_4q_avg": 11.6,
            "net_income": 10228,
            "revenue": 913479,
            "common_shares": 903709,
            "book_valuer_per_share": 15.64,
            "book_valuer_per_share_4q_avg": 16.02,
            "equity": 1426381,
            "current_ratio": 171.28,
            "debt_ratio": 58.07,
            "inventory_turnover_ratio": 2,
            "account_receivable_turnover_ratio": 1.14,
            "reinvestment_rate": null,
            "research_to_sale_ratio": null,
            "price_fair": 102.06,
            "eps_avg_yearly": 2.92,
            "eps_latest_yearly": 0.44,
            "eps_growth_yearly": 275.29
        },
        "20094": {
            "year_quarter": 20094,
            "year": 2009,
            "quarter": 4,
            "eps": 0.49,
            "eps_growth_year": null,
            "eps_4q": 1.16,
            "eps_4q_growth_year": -32.86,
            "roe": 3.39,
            "roe_4q": 7.260000000000001,
            "gross_profit": 115414,
            "gross_margin": 10.75,
            "gross_margin_4q_avg": 11.12,
            "net_income": 49132,
            "revenue": 1073544,
            "common_shares": 918096,
            "book_valuer_per_share": 16.12,
            "book_valuer_per_share_4q_avg": 16,
            "equity": 1470533,
            "current_ratio": 167.52,
            "debt_ratio": 59.51,
            "inventory_turnover_ratio": 2.33,
            "account_receivable_turnover_ratio": 2.54,
            "reinvestment_rate": null,
            "research_to_sale_ratio": null,
            "price_fair": 99.02,
            "eps_avg_yearly": 2.83,
            "eps_latest_yearly": 1.96,
            "eps_growth_yearly": 375.89
        },
        "20101": {
            "year_quarter": 20101,
            "year": 2010,
            "quarter": 1,
            "eps": 0.04,
            "eps_growth_year": -86.67,
            "eps_4q": 0.88,
            "eps_4q_growth_year": -53,
            "roe": 0.27,
            "roe_4q": 5.82,
            "gross_profit": 78143,
            "gross_margin": 7.56,
            "gross_margin_4q_avg": 10.1,
            "net_income": 4110,
            "revenue": 1033496,
            "common_shares": 947926,
            "book_valuer_per_share": 16.22,
            "book_valuer_per_share_4q_avg": 15.9,
            "equity": 1527739,
            "current_ratio": 165.18,
            "debt_ratio": 58.66,
            "inventory_turnover_ratio": 2.12,
            "account_receivable_turnover_ratio": 1.19,
            "reinvestment_rate": null,
            "research_to_sale_ratio": 2.01,
            "price_fair": 91.23,
            "eps_avg_yearly": 2.61,
            "eps_latest_yearly": 0.16,
            "eps_growth_yearly": 313.95
        },
        "20102": {
            "year_quarter": 20102,
            "year": 2010,
            "quarter": 2,
            "eps": 0.45,
            "eps_growth_year": 66.16,
            "eps_4q": 1.05,
            "eps_4q_growth_year": -37.14,
            "roe": 2.86,
            "roe_4q": 7.239999999999999,
            "gross_profit": 110854,
            "gross_margin": 8.62,
            "gross_margin_4q_avg": 8.83,
            "net_income": 43534,
            "revenue": 1285808,
            "common_shares": 949090,
            "book_valuer_per_share": 16.09,
            "book_valuer_per_share_4q_avg": 16.02,
            "equity": 1516909,
            "current_ratio": 157.85,
            "debt_ratio": 61.34,
            "inventory_turnover_ratio": 2.29,
            "account_receivable_turnover_ratio": 1.26,
            "reinvestment_rate": 228.12,
            "research_to_sale_ratio": 1.47,
            "price_fair": 89.06,
            "eps_avg_yearly": 2.54,
            "eps_latest_yearly": 1.8,
            "eps_growth_yearly": 605.18
        },
        "20103": {
            "year_quarter": 20103,
            "year": 2010,
            "quarter": 3,
            "eps": 0.11,
            "eps_growth_year": 1.52,
            "eps_4q": 1.04,
            "eps_4q_growth_year": 317.32,
            "roe": 0.72,
            "roe_4q": 7.24,
            "gross_profit": 106702,
            "gross_margin": 8.38,
            "gross_margin_4q_avg": 8.83,
            "net_income": 11030,
            "revenue": 1272668,
            "common_shares": 987682,
            "book_valuer_per_share": 15.81,
            "book_valuer_per_share_4q_avg": 16.06,
            "equity": 1561776,
            "current_ratio": 163.58,
            "debt_ratio": 64.97,
            "inventory_turnover_ratio": 2.06,
            "account_receivable_turnover_ratio": 1.16,
            "reinvestment_rate": 266.66,
            "research_to_sale_ratio": 1.4,
            "price_fair": 83.8,
            "eps_avg_yearly": 2.39,
            "eps_latest_yearly": 0.44,
            "eps_growth_yearly": 540.37
        },
        "20104": {
            "year_quarter": 20104,
            "year": 2010,
            "quarter": 4,
            "eps": -1.19,
            "eps_growth_year": -342.85,
            "eps_4q": -0.6,
            "eps_4q_growth_year": -152.15,
            "roe": -7.96,
            "roe_4q": -4.110000000000001,
            "gross_profit": 54357,
            "gross_margin": 4.93,
            "gross_margin_4q_avg": 7.37,
            "net_income": -118937,
            "revenue": 1102808,
            "common_shares": 999496,
            "book_valuer_per_share": 14.29,
            "book_valuer_per_share_4q_avg": 15.6,
            "equity": 1427783,
            "current_ratio": 156.9,
            "debt_ratio": 65.17,
            "inventory_turnover_ratio": 1.91,
            "account_receivable_turnover_ratio": 1.13,
            "reinvestment_rate": 247.87,
            "research_to_sale_ratio": 2.25,
            "price_fair": 84.54,
            "eps_avg_yearly": 2.42,
            "eps_latest_yearly": 0.44,
            "eps_growth_yearly": 602.88
        },
        "20111": {
            "year_quarter": 20111,
            "year": 2011,
            "quarter": 1,
            "eps": 0.01,
            "eps_growth_year": -75,
            "eps_4q": -0.63,
            "eps_4q_growth_year": -171.98,
            "roe": 0.1,
            "roe_4q": -4.280000000000001,
            "gross_profit": 40915,
            "gross_margin": 4.09,
            "gross_margin_4q_avg": 6.51,
            "net_income": 1409,
            "revenue": 1000957,
            "common_shares": 999496,
            "book_valuer_per_share": 14.36,
            "book_valuer_per_share_4q_avg": 15.14,
            "equity": 1435375,
            "current_ratio": 156.96,
            "debt_ratio": 64.25,
            "inventory_turnover_ratio": 1.73,
            "account_receivable_turnover_ratio": 1.16,
            "reinvestment_rate": 418.36,
            "research_to_sale_ratio": 2.45,
            "price_fair": 77,
            "eps_avg_yearly": 2.2,
            "eps_latest_yearly": 0.44,
            "eps_growth_yearly": 607.84
        },
        "20112": {
            "year_quarter": 20112,
            "year": 2011,
            "quarter": 2,
            "eps": -1.2,
            "eps_growth_year": -367.59,
            "eps_4q": -2.27,
            "eps_4q_growth_year": -315.21,
            "roe": -8.76,
            "roe_4q": -15.9,
            "gross_profit": 64764,
            "gross_margin": 7.04,
            "gross_margin_4q_avg": 6.11,
            "net_income": -119990,
            "revenue": 920370,
            "common_shares": 999496,
            "book_valuer_per_share": 13.05,
            "book_valuer_per_share_4q_avg": 14.38,
            "equity": 1303897,
            "current_ratio": 153.83,
            "debt_ratio": 64.96,
            "inventory_turnover_ratio": 1.5,
            "account_receivable_turnover_ratio": 1.18,
            "reinvestment_rate": 858.91,
            "research_to_sale_ratio": 1.82,
            "price_fair": 66.95,
            "eps_avg_yearly": 1.91,
            "eps_latest_yearly": 0.44,
            "eps_growth_yearly": 660.48
        },
        "20113": {
            "year_quarter": 20113,
            "year": 2011,
            "quarter": 3,
            "eps": 0.09,
            "eps_growth_year": -19.83,
            "eps_4q": -2.29,
            "eps_4q_growth_year": -319.34,
            "roe": 0.68,
            "roe_4q": -15.940000000000001,
            "gross_profit": 20639,
            "gross_margin": 2.91,
            "gross_margin_4q_avg": 4.74,
            "net_income": 8949,
            "revenue": 710138,
            "common_shares": 999496,
            "book_valuer_per_share": 13.34,
            "book_valuer_per_share_4q_avg": 13.76,
            "equity": 1333216,
            "current_ratio": 178.92,
            "debt_ratio": 60.07,
            "inventory_turnover_ratio": 1.23,
            "account_receivable_turnover_ratio": 1.05,
            "reinvestment_rate": 2255.24,
            "research_to_sale_ratio": 2.38,
            "price_fair": 52.78,
            "eps_avg_yearly": 1.51,
            "eps_latest_yearly": 0.44,
            "eps_growth_yearly": 722.05
        },
        "20114": {
            "year_quarter": 20114,
            "year": 2011,
            "quarter": 4,
            "eps": -0.23,
            "eps_growth_year": null,
            "eps_4q": -1.33,
            "eps_4q_growth_year": null,
            "roe": -1.74,
            "roe_4q": -9.72,
            "gross_profit": 101013,
            "gross_margin": 21.48,
            "gross_margin_4q_avg": 8.88,
            "net_income": -22928,
            "revenue": 470200,
            "common_shares": 999496,
            "book_valuer_per_share": 13.1,
            "book_valuer_per_share_4q_avg": 13.46,
            "equity": 1309319,
            "current_ratio": 188.52,
            "debt_ratio": 60.01,
            "inventory_turnover_ratio": 0.53,
            "account_receivable_turnover_ratio": 0.93,
            "reinvestment_rate": 3639.62,
            "research_to_sale_ratio": 3.94,
            "price_fair": 55.22,
            "eps_avg_yearly": 1.58,
            "eps_latest_yearly": 0.44,
            "eps_growth_yearly": 840.16
        },
        "20121": {
            "year_quarter": 20121,
            "year": 2012,
            "quarter": 1,
            "eps": 0.02,
            "eps_growth_year": 100,
            "eps_4q": -1.32,
            "eps_4q_growth_year": null,
            "roe": 0.17,
            "roe_4q": -9.65,
            "gross_profit": 59802,
            "gross_margin": 9.37,
            "gross_margin_4q_avg": 10.2,
            "net_income": 2223,
            "revenue": 638445,
            "common_shares": 999496,
            "book_valuer_per_share": 13.03,
            "book_valuer_per_share_4q_avg": 13.13,
            "equity": 1302407,
            "current_ratio": 139.63,
            "debt_ratio": 60.54,
            "inventory_turnover_ratio": 0.75,
            "account_receivable_turnover_ratio": 1.28,
            "reinvestment_rate": 3579.88,
            "research_to_sale_ratio": 2.57,
            "price_fair": 60.73,
            "eps_avg_yearly": 1.74,
            "eps_latest_yearly": 0.44,
            "eps_growth_yearly": 977
        },
        "20122": {
            "year_quarter": 20122,
            "year": 2012,
            "quarter": 2,
            "eps": -0.09,
            "eps_growth_year": null,
            "eps_4q": -0.21,
            "eps_4q_growth_year": null,
            "roe": -0.69,
            "roe_4q": -1.5799999999999996,
            "gross_profit": 87259,
            "gross_margin": 13.5,
            "gross_margin_4q_avg": 11.82,
            "net_income": -8960,
            "revenue": 646420,
            "common_shares": 999496,
            "book_valuer_per_share": 13,
            "book_valuer_per_share_4q_avg": 13.12,
            "equity": 1299431,
            "current_ratio": 141.44,
            "debt_ratio": 58.71,
            "inventory_turnover_ratio": 0.75,
            "account_receivable_turnover_ratio": 1.21,
            "reinvestment_rate": null,
            "research_to_sale_ratio": 2.37,
            "price_fair": 56.4,
            "eps_avg_yearly": 1.61,
            "eps_latest_yearly": 0.44,
            "eps_growth_yearly": 709.43
        },
        "20123": {
            "year_quarter": 20123,
            "year": 2012,
            "quarter": 3,
            "eps": -0.34,
            "eps_growth_year": -477.7,
            "eps_4q": -0.63,
            "eps_4q_growth_year": null,
            "roe": -2.64,
            "roe_4q": -4.9,
            "gross_profit": 39330,
            "gross_margin": 7.76,
            "gross_margin_4q_avg": 13.03,
            "net_income": -33800,
            "revenue": 507132,
            "common_shares": 999496,
            "book_valuer_per_share": 12.58,
            "book_valuer_per_share_4q_avg": 12.93,
            "equity": 1256885,
            "current_ratio": 192.08,
            "debt_ratio": 56.53,
            "inventory_turnover_ratio": 0.72,
            "account_receivable_turnover_ratio": 0.99,
            "reinvestment_rate": null,
            "research_to_sale_ratio": 3.36,
            "price_fair": 34.3,
            "eps_avg_yearly": 0.98,
            "eps_latest_yearly": 0.44,
            "eps_growth_yearly": 755.87
        },
        "20124": {
            "year_quarter": 20124,
            "year": 2012,
            "quarter": 4,
            "eps": 0.07,
            "eps_growth_year": null,
            "eps_4q": -0.34,
            "eps_4q_growth_year": null,
            "roe": 0.52,
            "roe_4q": -2.64,
            "gross_profit": 36168,
            "gross_margin": 8.4,
            "gross_margin_4q_avg": 9.76,
            "net_income": 6580,
            "revenue": 430375,
            "common_shares": 999496,
            "book_valuer_per_share": 12.6,
            "book_valuer_per_share_4q_avg": 12.8,
            "equity": 1259812,
            "current_ratio": 188.59,
            "debt_ratio": 57.7,
            "inventory_turnover_ratio": 0.65,
            "account_receivable_turnover_ratio": 0.82,
            "reinvestment_rate": null,
            "research_to_sale_ratio": 3.4,
            "price_fair": 34.3,
            "eps_avg_yearly": 0.98,
            "eps_latest_yearly": 0.44,
            "eps_growth_yearly": 755.87
        },
        "20131": {
            "year_quarter": 20131,
            "year": 2013,
            "quarter": 1,
            "eps": -0.04,
            "eps_growth_year": -300,
            "eps_4q": -0.4,
            "eps_4q_growth_year": null,
            "roe": -0.33,
            "roe_4q": -3.14,
            "gross_profit": 40088,
            "gross_margin": 8.45,
            "gross_margin_4q_avg": 9.53,
            "net_income": -4189,
            "revenue": 474340,
            "common_shares": 999496,
            "book_valuer_per_share": 12.69,
            "book_valuer_per_share_4q_avg": 12.72,
            "equity": 1268717,
            "current_ratio": 190.01,
            "debt_ratio": 58.49,
            "inventory_turnover_ratio": 0.65,
            "account_receivable_turnover_ratio": 0.97,
            "reinvestment_rate": null,
            "research_to_sale_ratio": 3.32,
            "price_fair": 34.3,
            "eps_avg_yearly": 0.98,
            "eps_latest_yearly": 0.44,
            "eps_growth_yearly": 755.87
        },
        "20132": {
            "year_quarter": 20132,
            "year": 2013,
            "quarter": 2,
            "eps": -0.27,
            "eps_growth_year": null,
            "eps_4q": -0.58,
            "eps_4q_growth_year": null,
            "roe": -2.13,
            "roe_4q": -4.58,
            "gross_profit": 4499,
            "gross_margin": 1.21,
            "gross_margin_4q_avg": 6.46,
            "net_income": -26734,
            "revenue": 370471,
            "common_shares": 999496,
            "book_valuer_per_share": 12.45,
            "book_valuer_per_share_4q_avg": 12.58,
            "equity": 1243924,
            "current_ratio": 212.99,
            "debt_ratio": 53.99,
            "inventory_turnover_ratio": 0.59,
            "account_receivable_turnover_ratio": 0.83,
            "reinvestment_rate": null,
            "research_to_sale_ratio": 3.59,
            "price_fair": 33.6,
            "eps_avg_yearly": 0.96,
            "eps_latest_yearly": 0.44,
            "eps_growth_yearly": 915.04
        },
        "20133": {
            "year_quarter": 20133,
            "year": 2013,
            "quarter": 3,
            "eps": -0.48,
            "eps_growth_year": null,
            "eps_4q": -0.72,
            "eps_4q_growth_year": null,
            "roe": -3.93,
            "roe_4q": -5.870000000000001,
            "gross_profit": 24482,
            "gross_margin": 3.94,
            "gross_margin_4q_avg": 5.5,
            "net_income": -47872,
            "revenue": 621223,
            "common_shares": 999496,
            "book_valuer_per_share": 11.91,
            "book_valuer_per_share_4q_avg": 12.41,
            "equity": 1189967,
            "current_ratio": 184.23,
            "debt_ratio": 59,
            "inventory_turnover_ratio": 1.11,
            "account_receivable_turnover_ratio": 1.2,
            "reinvestment_rate": null,
            "research_to_sale_ratio": 2.08,
            "price_fair": 38.15,
            "eps_avg_yearly": 1.09,
            "eps_latest_yearly": 0.44,
            "eps_growth_yearly": 1203.06
        },
        "20134": {
            "year_quarter": 20134,
            "year": 2013,
            "quarter": 4,
            "eps": -0.41,
            "eps_growth_year": -719.52,
            "eps_4q": -1.2,
            "eps_4q_growth_year": null,
            "roe": -3.48,
            "roe_4q": -9.87,
            "gross_profit": 6466,
            "gross_margin": 1.3,
            "gross_margin_4q_avg": 3.73,
            "net_income": -40764,
            "revenue": 497507,
            "common_shares": 999496,
            "book_valuer_per_share": 11.52,
            "book_valuer_per_share_4q_avg": 12.14,
            "equity": 1151583,
            "current_ratio": 162.88,
            "debt_ratio": 62.82,
            "inventory_turnover_ratio": 0.89,
            "account_receivable_turnover_ratio": 0.89,
            "reinvestment_rate": null,
            "research_to_sale_ratio": 2.91,
            "price_fair": 28,
            "eps_avg_yearly": 0.8,
            "eps_latest_yearly": 0.44,
            "eps_growth_yearly": 1143.48
        },
        "20141": {
            "year_quarter": 20141,
            "year": 2014,
            "quarter": 1,
            "eps": -0.57,
            "eps_growth_year": null,
            "eps_4q": -1.73,
            "eps_4q_growth_year": null,
            "roe": -5.09,
            "roe_4q": -14.629999999999999,
            "gross_profit": 4680,
            "gross_margin": 1.49,
            "gross_margin_4q_avg": 1.99,
            "net_income": -57383,
            "revenue": 314653,
            "common_shares": 999496,
            "book_valuer_per_share": 11.06,
            "book_valuer_per_share_4q_avg": 11.74,
            "equity": 1105189,
            "current_ratio": 171.49,
            "debt_ratio": 60.25,
            "inventory_turnover_ratio": 0.55,
            "account_receivable_turnover_ratio": 0.82,
            "reinvestment_rate": null,
            "research_to_sale_ratio": 3.95,
            "price_fair": 39.2,
            "eps_avg_yearly": 1.12,
            "eps_latest_yearly": 0.44,
            "eps_growth_yearly": 1898.89
        },
        "20142": {
            "year_quarter": 20142,
            "year": 2014,
            "quarter": 2,
            "eps": -0.55,
            "eps_growth_year": null,
            "eps_4q": -2,
            "eps_4q_growth_year": null,
            "roe": -5.06,
            "roe_4q": -17.56,
            "gross_profit": 44818,
            "gross_margin": 8.06,
            "gross_margin_4q_avg": 3.7,
            "net_income": -54320,
            "revenue": 555751,
            "common_shares": 999496,
            "book_valuer_per_share": 10.44,
            "book_valuer_per_share_4q_avg": 11.23,
            "equity": 1043896,
            "current_ratio": 171.09,
            "debt_ratio": 62.91,
            "inventory_turnover_ratio": 0.95,
            "account_receivable_turnover_ratio": 1.42,
            "reinvestment_rate": null,
            "research_to_sale_ratio": 2.04,
            "price_fair": 1.32,
            "eps_avg_yearly": 0.44,
            "eps_latest_yearly": 0.44,
            "eps_growth_yearly": -302.22
        },
        "20143": {
            "year_quarter": 20143,
            "year": 2014,
            "quarter": 3,
            "eps": 0.31,
            "eps_growth_year": null,
            "eps_4q": -1.21,
            "eps_4q_growth_year": null,
            "roe": 2.95,
            "roe_4q": -10.68,
            "gross_profit": 49005,
            "gross_margin": 9.38,
            "gross_margin_4q_avg": 5.06,
            "net_income": 31357,
            "revenue": 522254,
            "common_shares": 999496,
            "book_valuer_per_share": 10.81,
            "book_valuer_per_share_4q_avg": 10.96,
            "equity": 1080155,
            "current_ratio": 158.71,
            "debt_ratio": 63.13,
            "inventory_turnover_ratio": 0.88,
            "account_receivable_turnover_ratio": 1.06,
            "reinvestment_rate": null,
            "research_to_sale_ratio": 1.78,
            "price_fair": 0,
            "eps_avg_yearly": 0,
            "eps_latest_yearly": 0,
            "eps_growth_yearly": 0
        },
        "20144": {
            "year_quarter": 20144,
            "year": 2014,
            "quarter": 4,
            "eps": 0.47,
            "eps_growth_year": null,
            "eps_4q": -0.33,
            "eps_4q_growth_year": null,
            "roe": 4.22,
            "roe_4q": -2.9799999999999995,
            "gross_profit": 72265,
            "gross_margin": 14.11,
            "gross_margin_4q_avg": 8.26,
            "net_income": 46963,
            "revenue": 512013,
            "common_shares": 999496,
            "book_valuer_per_share": 11.44,
            "book_valuer_per_share_4q_avg": 10.94,
            "equity": 1143191,
            "current_ratio": 166.25,
            "debt_ratio": 60.83,
            "inventory_turnover_ratio": 0.83,
            "account_receivable_turnover_ratio": 1.11,
            "reinvestment_rate": null,
            "research_to_sale_ratio": 2.11,
            "price_fair": 65.8,
            "eps_avg_yearly": 1.88,
            "eps_latest_yearly": 1.88,
            "eps_growth_yearly": 206.45
        },
        "20151": {
            "year_quarter": 20151,
            "year": 2015,
            "quarter": 1,
            "eps": -0.16,
            "eps_growth_year": null,
            "eps_4q": 0.08,
            "eps_4q_growth_year": null,
            "roe": -1.39,
            "roe_4q": 0.7200000000000006,
            "gross_profit": 41006,
            "gross_margin": 11.71,
            "gross_margin_4q_avg": 10.82,
            "net_income": -15792,
            "revenue": 350061,
            "common_shares": 999496,
            "book_valuer_per_share": 11.24,
            "book_valuer_per_share_4q_avg": 10.98,
            "equity": 1123025,
            "current_ratio": 174.08,
            "debt_ratio": 58.82,
            "inventory_turnover_ratio": 0.66,
            "account_receivable_turnover_ratio": 0.9,
            "reinvestment_rate": null,
            "research_to_sale_ratio": 3.54,
            "price_fair": 65.8,
            "eps_avg_yearly": 1.88,
            "eps_latest_yearly": 1.88,
            "eps_growth_yearly": 206.45
        },
        "20152": {
            "year_quarter": 20152,
            "year": 2015,
            "quarter": 2,
            "eps": 0.11,
            "eps_growth_year": null,
            "eps_4q": 0.74,
            "eps_4q_growth_year": null,
            "roe": 0.98,
            "roe_4q": 6.76,
            "gross_profit": 64034,
            "gross_margin": 14.66,
            "gross_margin_4q_avg": 12.47,
            "net_income": 11027,
            "revenue": 436759,
            "common_shares": 999496,
            "book_valuer_per_share": 11.29,
            "book_valuer_per_share_4q_avg": 11.2,
            "equity": 1128528,
            "current_ratio": 176.09,
            "debt_ratio": 58.25,
            "inventory_turnover_ratio": 0.93,
            "account_receivable_turnover_ratio": 1.17,
            "reinvestment_rate": null,
            "research_to_sale_ratio": 2.41,
            "price_fair": 65.8,
            "eps_avg_yearly": 1.88,
            "eps_latest_yearly": 1.88,
            "eps_growth_yearly": 206.45
        },
        "20153": {
            "year_quarter": 20153,
            "year": 2015,
            "quarter": 3,
            "eps": 0.27,
            "eps_growth_year": -12.9,
            "eps_4q": 0.69,
            "eps_4q_growth_year": null,
            "roe": 2.3,
            "roe_4q": 6.109999999999999,
            "gross_profit": 56503,
            "gross_margin": 15.85,
            "gross_margin_4q_avg": 14.08,
            "net_income": 26497,
            "revenue": 356402,
            "common_shares": 999496,
            "book_valuer_per_share": 11.81,
            "book_valuer_per_share_4q_avg": 11.45,
            "equity": 1180129,
            "current_ratio": 176.12,
            "debt_ratio": 58.42,
            "inventory_turnover_ratio": 0.77,
            "account_receivable_turnover_ratio": 0.89,
            "reinvestment_rate": null,
            "research_to_sale_ratio": 3.51,
            "price_fair": 51.8,
            "eps_avg_yearly": 1.48,
            "eps_latest_yearly": 1.08,
            "eps_growth_yearly": 394.13
        },
        "20154": {
            "year_quarter": 20154,
            "year": 2015,
            "quarter": 4,
            "eps": -0.22,
            "eps_growth_year": -146.73,
            "eps_4q": 0,
            "eps_4q_growth_year": null,
            "roe": -1.86,
            "roe_4q": 0.029999999999999805,
            "gross_profit": 41265,
            "gross_margin": 12.58,
            "gross_margin_4q_avg": 13.7,
            "net_income": -21645,
            "revenue": 327985,
            "common_shares": 999496,
            "book_valuer_per_share": 11.69,
            "book_valuer_per_share_4q_avg": 11.51,
            "equity": 1152140,
            "current_ratio": 179.71,
            "debt_ratio": 57.73,
            "inventory_turnover_ratio": 0.76,
            "account_receivable_turnover_ratio": 1,
            "reinvestment_rate": null,
            "research_to_sale_ratio": 4.03,
            "price_fair": 51.8,
            "eps_avg_yearly": 1.48,
            "eps_latest_yearly": 1.08,
            "eps_growth_yearly": 394.13
        },
        "20161": {
            "year_quarter": 20161,
            "year": 2016,
            "quarter": 1,
            "eps": 0.35,
            "eps_growth_year": null,
            "eps_4q": 0.51,
            "eps_4q_growth_year": 518.48,
            "roe": 2.94,
            "roe_4q": 4.359999999999999,
            "gross_profit": 30045,
            "gross_margin": 13.82,
            "gross_margin_4q_avg": 14.23,
            "net_income": 34185,
            "revenue": 217387,
            "common_shares": 999496,
            "book_valuer_per_share": 11.93,
            "book_valuer_per_share_4q_avg": 11.68,
            "equity": 1175604,
            "current_ratio": 191.02,
            "debt_ratio": 55.17,
            "inventory_turnover_ratio": 0.54,
            "account_receivable_turnover_ratio": 1.12,
            "reinvestment_rate": null,
            "research_to_sale_ratio": 5.73,
            "price_fair": 51.8,
            "eps_avg_yearly": 1.48,
            "eps_latest_yearly": 1.08,
            "eps_growth_yearly": 394.13
        },
        "20162": {
            "year_quarter": 20162,
            "year": 2016,
            "quarter": 2,
            "eps": -0.08,
            "eps_growth_year": -172.73,
            "eps_4q": 0.32,
            "eps_4q_growth_year": -57.05,
            "roe": -0.67,
            "roe_4q": 2.71,
            "gross_profit": 51470,
            "gross_margin": 15.64,
            "gross_margin_4q_avg": 14.47,
            "net_income": -7884,
            "revenue": 329180,
            "common_shares": 999496,
            "book_valuer_per_share": 11.86,
            "book_valuer_per_share_4q_avg": 11.82,
            "equity": 1168997,
            "current_ratio": 195.48,
            "debt_ratio": 54.42,
            "inventory_turnover_ratio": 0.87,
            "account_receivable_turnover_ratio": 1.76,
            "reinvestment_rate": null,
            "research_to_sale_ratio": 3.99,
            "price_fair": 51.8,
            "eps_avg_yearly": 1.48,
            "eps_latest_yearly": 1.08,
            "eps_growth_yearly": 394.13
        },
        "20163": {
            "year_quarter": 20163,
            "year": 2016,
            "quarter": 3,
            "eps": -0.4,
            "eps_growth_year": -248.15,
            "eps_4q": -0.35,
            "eps_4q_growth_year": -151.6,
            "roe": -3.47,
            "roe_4q": -3.0600000000000005,
            "gross_profit": 48097,
            "gross_margin": 16.12,
            "gross_margin_4q_avg": 14.54,
            "net_income": -39617,
            "revenue": 298297,
            "common_shares": 999496,
            "book_valuer_per_share": 11.33,
            "book_valuer_per_share_4q_avg": 11.7,
            "equity": 1116322,
            "current_ratio": 184.76,
            "debt_ratio": 56.69,
            "inventory_turnover_ratio": 0.82,
            "account_receivable_turnover_ratio": 1.19,
            "reinvestment_rate": null,
            "research_to_sale_ratio": 5.7,
            "price_fair": 51.8,
            "eps_avg_yearly": 1.48,
            "eps_latest_yearly": 1.08,
            "eps_growth_yearly": 394.13
        },
        "20164": {
            "year_quarter": 20164,
            "year": 2016,
            "quarter": 4,
            "eps": -0.07,
            "eps_growth_year": null,
            "eps_4q": -0.2,
            "eps_4q_growth_year": -22983.35,
            "roe": -0.59,
            "roe_4q": -1.7900000000000005,
            "gross_profit": 47596,
            "gross_margin": 16.65,
            "gross_margin_4q_avg": 15.56,
            "net_income": -6601,
            "revenue": 285922,
            "common_shares": 999496,
            "book_valuer_per_share": 11.39,
            "book_valuer_per_share_4q_avg": 11.63,
            "equity": 1122569,
            "current_ratio": 194.73,
            "debt_ratio": 54.89,
            "inventory_turnover_ratio": 0.76,
            "account_receivable_turnover_ratio": 1.23,
            "reinvestment_rate": null,
            "research_to_sale_ratio": 3.45,
            "price_fair": 51.8,
            "eps_avg_yearly": 1.48,
            "eps_latest_yearly": 1.08,
            "eps_growth_yearly": 394.13
        },
        "20171": {
            "year_quarter": 20171,
            "year": 2017,
            "quarter": 1,
            "eps": -0.31,
            "eps_growth_year": -188.57,
            "eps_4q": -0.86,
            "eps_4q_growth_year": -268.44,
            "roe": -2.77,
            "roe_4q": -7.5,
            "gross_profit": 42823,
            "gross_margin": 17.55,
            "gross_margin_4q_avg": 16.49,
            "net_income": -30224,
            "revenue": 243946,
            "common_shares": 999496,
            "book_valuer_per_share": 10.77,
            "book_valuer_per_share_4q_avg": 11.34,
            "equity": 1061705,
            "current_ratio": 200.22,
            "debt_ratio": 53.98,
            "inventory_turnover_ratio": 0.69,
            "account_receivable_turnover_ratio": 1.24,
            "reinvestment_rate": null,
            "research_to_sale_ratio": 4.46,
            "price_fair": 51.8,
            "eps_avg_yearly": 1.48,
            "eps_latest_yearly": 1.08,
            "eps_growth_yearly": 394.13
        },
        "20172": {
            "year_quarter": 20172,
            "year": 2017,
            "quarter": 2,
            "eps": -0.08,
            "eps_growth_year": null,
            "eps_4q": -0.85,
            "eps_4q_growth_year": -370.12,
            "roe": -0.73,
            "roe_4q": -7.5600000000000005,
            "gross_profit": 26463,
            "gross_margin": 12.86,
            "gross_margin_4q_avg": 15.8,
            "net_income": -7709,
            "revenue": 205773,
            "common_shares": 999496,
            "book_valuer_per_share": 10.7,
            "book_valuer_per_share_4q_avg": 11.05,
            "equity": 1054658,
            "current_ratio": 203.72,
            "debt_ratio": 52.96,
            "inventory_turnover_ratio": 0.69,
            "account_receivable_turnover_ratio": 1.09,
            "reinvestment_rate": null,
            "research_to_sale_ratio": 4.62,
            "price_fair": 51.8,
            "eps_avg_yearly": 1.48,
            "eps_latest_yearly": 1.08,
            "eps_growth_yearly": 394.13
        },
        "20173": {
            "year_quarter": 20173,
            "year": 2017,
            "quarter": 3,
            "eps": 0.05,
            "eps_growth_year": null,
            "eps_4q": -0.4,
            "eps_4q_growth_year": null,
            "roe": 0.47,
            "roe_4q": -3.62,
            "gross_profit": 29654,
            "gross_margin": 11.13,
            "gross_margin_4q_avg": 14.55,
            "net_income": 4926,
            "revenue": 266478,
            "common_shares": 999496,
            "book_valuer_per_share": 10.73,
            "book_valuer_per_share_4q_avg": 10.9,
            "equity": 1057821,
            "current_ratio": 195.97,
            "debt_ratio": 53.84,
            "inventory_turnover_ratio": 0.93,
            "account_receivable_turnover_ratio": 1.42,
            "reinvestment_rate": null,
            "research_to_sale_ratio": 3.67,
            "price_fair": 51.8,
            "eps_avg_yearly": 1.48,
            "eps_latest_yearly": 1.08,
            "eps_growth_yearly": 394.13
        },
        "20174": {
            "year_quarter": 20174,
            "year": 2017,
            "quarter": 4,
            "eps": -0.23,
            "eps_growth_year": null,
            "eps_4q": -0.57,
            "eps_4q_growth_year": null,
            "roe": -2.21,
            "roe_4q": -5.24,
            "gross_profit": 15991,
            "gross_margin": 6.96,
            "gross_margin_4q_avg": 12.13,
            "net_income": -23093,
            "revenue": 229619,
            "common_shares": 999496,
            "book_valuer_per_share": 10.42,
            "book_valuer_per_share_4q_avg": 10.66,
            "equity": 1028106,
            "current_ratio": 204.51,
            "debt_ratio": 54.99,
            "inventory_turnover_ratio": 0.79,
            "account_receivable_turnover_ratio": 1.35,
            "reinvestment_rate": null,
            "research_to_sale_ratio": 5.33,
            "price_fair": 51.8,
            "eps_avg_yearly": 1.48,
            "eps_latest_yearly": 1.08,
            "eps_growth_yearly": 394.13
        },
        "20181": {
            "year_quarter": 20181,
            "year": 2018,
            "quarter": 1,
            "eps": -0.29,
            "eps_growth_year": null,
            "eps_4q": -0.55,
            "eps_4q_growth_year": null,
            "roe": -2.85,
            "roe_4q": -5.32,
            "gross_profit": 3038,
            "gross_margin": 1.71,
            "gross_margin_4q_avg": 8.17,
            "net_income": -28769,
            "revenue": 177403,
            "common_shares": 999496,
            "book_valuer_per_share": 10.02,
            "book_valuer_per_share_4q_avg": 10.47,
            "equity": 988507,
            "current_ratio": 209.08,
            "debt_ratio": 54.11,
            "inventory_turnover_ratio": 0.64,
            "account_receivable_turnover_ratio": 1.34,
            "reinvestment_rate": null,
            "research_to_sale_ratio": 6.43,
            "price_fair": 51.8,
            "eps_avg_yearly": 1.48,
            "eps_latest_yearly": 1.08,
            "eps_growth_yearly": 394.13
        },
        "20182": {
            "year_quarter": 20182,
            "year": 2018,
            "quarter": 2,
            "eps": -0.45,
            "eps_growth_year": null,
            "eps_4q": -0.91,
            "eps_4q_growth_year": null,
            "roe": -4.57,
            "roe_4q": -9.159999999999998,
            "gross_profit": 123,
            "gross_margin": 0.06,
            "gross_margin_4q_avg": 4.97,
            "net_income": -44596,
            "revenue": 189522,
            "common_shares": 999496,
            "book_valuer_per_share": 9.64,
            "book_valuer_per_share_4q_avg": 10.2,
            "equity": 963645,
            "current_ratio": 225.86,
            "debt_ratio": 52.8,
            "inventory_turnover_ratio": 0.72,
            "account_receivable_turnover_ratio": 1.28,
            "reinvestment_rate": null,
            "research_to_sale_ratio": 8.59,
            "price_fair": 51.8,
            "eps_avg_yearly": 1.48,
            "eps_latest_yearly": 1.08,
            "eps_growth_yearly": 394.13
        },
        "20183": {
            "year_quarter": 20183,
            "year": 2018,
            "quarter": 3,
            "eps": -0.5,
            "eps_growth_year": -1100,
            "eps_4q": -1.47,
            "eps_4q_growth_year": null,
            "roe": -5.31,
            "roe_4q": -14.939999999999998,
            "gross_profit": 1799,
            "gross_margin": 0.89,
            "gross_margin_4q_avg": 2.41,
            "net_income": -49926,
            "revenue": 201489,
            "common_shares": 999496,
            "book_valuer_per_share": 9.28,
            "book_valuer_per_share_4q_avg": 9.84,
            "equity": 915602,
            "current_ratio": 143.03,
            "debt_ratio": 55.33,
            "inventory_turnover_ratio": 0.7,
            "account_receivable_turnover_ratio": 1.1,
            "reinvestment_rate": null,
            "research_to_sale_ratio": 4.77,
            "price_fair": 51.8,
            "eps_avg_yearly": 1.48,
            "eps_latest_yearly": 1.08,
            "eps_growth_yearly": 394.13
        },
        "20184": {
            "year_quarter": 20184,
            "year": 2018,
            "quarter": 4,
            "eps": -0.33,
            "eps_growth_year": null,
            "eps_4q": -1.57,
            "eps_4q_growth_year": null,
            "roe": -3.66,
            "roe_4q": -16.39,
            "gross_profit": -621,
            "gross_margin": -0.34,
            "gross_margin_4q_avg": 0.58,
            "net_income": -32956,
            "revenue": 183268,
            "common_shares": 985696,
            "book_valuer_per_share": 8.99,
            "book_valuer_per_share_4q_avg": 9.48,
            "equity": 886713,
            "current_ratio": 133.61,
            "debt_ratio": 54.68,
            "inventory_turnover_ratio": 0.61,
            "account_receivable_turnover_ratio": 1.05,
            "reinvestment_rate": null,
            "research_to_sale_ratio": 4.69,
            "price_fair": 37.8,
            "eps_avg_yearly": 1.08,
            "eps_latest_yearly": 1.08,
            "eps_growth_yearly": 581.82
        },
        "20191": {
            "year_quarter": 20191,
            "year": 2019,
            "quarter": 1,
            "eps": -0.42,
            "eps_growth_year": null,
            "eps_4q": -1.69,
            "eps_4q_growth_year": null,
            "roe": -4.75,
            "roe_4q": -18.29,
            "gross_profit": -6880,
            "gross_margin": -6.19,
            "gross_margin_4q_avg": -1.4,
            "net_income": -41332,
            "revenue": 111198,
            "common_shares": 985696,
            "book_valuer_per_share": 8.67,
            "book_valuer_per_share_4q_avg": 9.15,
            "equity": 855007,
            "current_ratio": 132.77,
            "debt_ratio": 54.19,
            "inventory_turnover_ratio": 0.4,
            "account_receivable_turnover_ratio": 0.82,
            "reinvestment_rate": null,
            "research_to_sale_ratio": 9.05,
            "price_fair": 37.8,
            "eps_avg_yearly": 1.08,
            "eps_latest_yearly": 1.08,
            "eps_growth_yearly": 581.82
        },
        "20192": {
            "year_quarter": 20192,
            "year": 2019,
            "quarter": 2,
            "eps": -0.11,
            "eps_growth_year": null,
            "eps_4q": -1.36,
            "eps_4q_growth_year": null,
            "roe": -1.28,
            "roe_4q": -15,
            "gross_profit": 7641,
            "gross_margin": 4.37,
            "gross_margin_4q_avg": -0.32,
            "net_income": -10810,
            "revenue": 174807,
            "common_shares": 985696,
            "book_valuer_per_share": 8.52,
            "book_valuer_per_share_4q_avg": 8.87,
            "equity": 840120,
            "current_ratio": 135.46,
            "debt_ratio": 53.94,
            "inventory_turnover_ratio": 0.59,
            "account_receivable_turnover_ratio": 1.45,
            "reinvestment_rate": null,
            "research_to_sale_ratio": 5.04,
            "price_fair": 37.8,
            "eps_avg_yearly": 1.08,
            "eps_latest_yearly": 1.08,
            "eps_growth_yearly": 581.82
        },
        "20193": {
            "year_quarter": 20193,
            "year": 2019,
            "quarter": 3,
            "eps": -0.12,
            "eps_growth_year": null,
            "eps_4q": -0.97,
            "eps_4q_growth_year": null,
            "roe": -1.39,
            "roe_4q": -11.08,
            "gross_profit": 6338,
            "gross_margin": 3.61,
            "gross_margin_4q_avg": 0.36,
            "net_income": -11538,
            "revenue": 175336,
            "common_shares": 985696,
            "book_valuer_per_share": 8.28,
            "book_valuer_per_share_4q_avg": 8.62,
            "equity": 815971,
            "current_ratio": 136.22,
            "debt_ratio": 54.39,
            "inventory_turnover_ratio": 0.62,
            "account_receivable_turnover_ratio": 1.18,
            "reinvestment_rate": null,
            "research_to_sale_ratio": 2.75,
            "price_fair": 0,
            "eps_avg_yearly": 0,
            "eps_latest_yearly": 0,
            "eps_growth_yearly": 0
        },
        "20194": {
            "year_quarter": 20194,
            "year": 2019,
            "quarter": 4,
            "eps": -0.31,
            "eps_growth_year": null,
            "eps_4q": -0.95,
            "eps_4q_growth_year": null,
            "roe": -3.79,
            "roe_4q": -11.21,
            "gross_profit": 11564,
            "gross_margin": 8.12,
            "gross_margin_4q_avg": 2.48,
            "net_income": -30273,
            "revenue": 142415,
            "common_shares": 985696,
            "book_valuer_per_share": 7.93,
            "book_valuer_per_share_4q_avg": 8.35,
            "equity": 781448,
            "current_ratio": 136.01,
            "debt_ratio": 53.48,
            "inventory_turnover_ratio": 0.51,
            "account_receivable_turnover_ratio": 1.04,
            "reinvestment_rate": null,
            "research_to_sale_ratio": 1,
            "price_fair": 0,
            "eps_avg_yearly": 0,
            "eps_latest_yearly": 0,
            "eps_growth_yearly": 0
        },
        "20201": {
            "year_quarter": 20201,
            "year": 2020,
            "quarter": 1,
            "eps": -0.24,
            "eps_growth_year": null,
            "eps_4q": -0.78,
            "eps_4q_growth_year": null,
            "roe": -3.15,
            "roe_4q": -9.61,
            "gross_profit": 1608,
            "gross_margin": 2.59,
            "gross_margin_4q_avg": 4.67,
            "net_income": -24191,
            "revenue": 62127,
            "common_shares": 985696,
            "book_valuer_per_share": 7.66,
            "book_valuer_per_share_4q_avg": 8.1,
            "equity": 754656,
            "current_ratio": 136.76,
            "debt_ratio": 52.25,
            "inventory_turnover_ratio": 0.25,
            "account_receivable_turnover_ratio": 0.74,
            "reinvestment_rate": null,
            "research_to_sale_ratio": 4.78,
            "price_fair": 0,
            "eps_avg_yearly": 0,
            "eps_latest_yearly": 0,
            "eps_growth_yearly": 0
        },
        "20202": {
            "year_quarter": 20202,
            "year": 2020,
            "quarter": 2,
            "eps": 0,
            "eps_growth_year": null,
            "eps_4q": -0.67,
            "eps_4q_growth_year": null,
            "roe": -0.04,
            "roe_4q": -8.370000000000001,
            "gross_profit": 14595,
            "gross_margin": 15.54,
            "gross_margin_4q_avg": 7.47,
            "net_income": -272,
            "revenue": 93934,
            "common_shares": 985696,
            "book_valuer_per_share": 7.6,
            "book_valuer_per_share_4q_avg": 7.87,
            "equity": 749061,
            "current_ratio": 137.96,
            "debt_ratio": 51.65,
            "inventory_turnover_ratio": 0.33,
            "account_receivable_turnover_ratio": 1.5,
            "reinvestment_rate": null,
            "research_to_sale_ratio": 1.75,
            "price_fair": 0,
            "eps_avg_yearly": 0,
            "eps_latest_yearly": 0,
            "eps_growth_yearly": 0
        },
        "20203": {
            "year_quarter": 20203,
            "year": 2020,
            "quarter": 3,
            "eps": -0.25,
            "eps_growth_year": null,
            "eps_4q": -0.8,
            "eps_4q_growth_year": null,
            "roe": -3.32,
            "roe_4q": -10.3,
            "gross_profit": 4666,
            "gross_margin": 4.54,
            "gross_margin_4q_avg": 7.7,
            "net_income": -24570,
            "revenue": 102835,
            "common_shares": 985696,
            "book_valuer_per_share": 7.39,
            "book_valuer_per_share_4q_avg": 7.65,
            "equity": 728833,
            "current_ratio": 215.21,
            "debt_ratio": 53.15,
            "inventory_turnover_ratio": 0.42,
            "account_receivable_turnover_ratio": 1.37,
            "reinvestment_rate": null,
            "research_to_sale_ratio": 1.89,
            "price_fair": 0,
            "eps_avg_yearly": 0,
            "eps_latest_yearly": 0,
            "eps_growth_yearly": 0
        },
        "20204": {
            "year_quarter": 20204,
            "year": 2020,
            "quarter": 4,
            "eps": -0.39,
            "eps_growth_year": null,
            "eps_4q": -0.89,
            "eps_4q_growth_year": null,
            "roe": -5.38,
            "roe_4q": -11.889999999999999,
            "gross_profit": -2256,
            "gross_margin": -3.18,
            "gross_margin_4q_avg": 4.87,
            "net_income": -38402,
            "revenue": 70985,
            "common_shares": 985696,
            "book_valuer_per_share": 7.09,
            "book_valuer_per_share_4q_avg": 7.44,
            "equity": 698998,
            "current_ratio": 231.23,
            "debt_ratio": 54.17,
            "inventory_turnover_ratio": 0.3,
            "account_receivable_turnover_ratio": 1.09,
            "reinvestment_rate": null,
            "research_to_sale_ratio": 2.73,
            "price_fair": 0,
            "eps_avg_yearly": 0,
            "eps_latest_yearly": 0,
            "eps_growth_yearly": 0
        },
        "20211": {
            "year_quarter": 20211,
            "year": 2021,
            "quarter": 1,
            "eps": 0.04,
            "eps_growth_year": null,
            "eps_4q": -0.6,
            "eps_4q_growth_year": null,
            "roe": 0.5,
            "roe_4q": -8.239999999999998,
            "gross_profit": -8350,
            "gross_margin": -13.02,
            "gross_margin_4q_avg": 0.97,
            "net_income": 3527,
            "revenue": 64122,
            "common_shares": 985696,
            "book_valuer_per_share": 7.1,
            "book_valuer_per_share_4q_avg": 7.3,
            "equity": 699600,
            "current_ratio": 247.67,
            "debt_ratio": 52.25,
            "inventory_turnover_ratio": 0.29,
            "account_receivable_turnover_ratio": 1.32,
            "reinvestment_rate": null,
            "research_to_sale_ratio": 4.78,
            "price_fair": 0,
            "eps_avg_yearly": 0,
            "eps_latest_yearly": 0,
            "eps_growth_yearly": 0
        },
        "20212": {
            "year_quarter": 20212,
            "year": 2021,
            "quarter": 2,
            "eps": -0.31,
            "eps_growth_year": null,
            "eps_4q": -0.9,
            "eps_4q_growth_year": null,
            "roe": -4.36,
            "roe_4q": -12.56,
            "gross_profit": -5799,
            "gross_margin": -6.1,
            "gross_margin_4q_avg": -4.44,
            "net_income": -29796,
            "revenue": 95117,
            "common_shares": 985696,
            "book_valuer_per_share": 6.77,
            "book_valuer_per_share_4q_avg": 7.09,
            "equity": 667223,
            "current_ratio": 239.01,
            "debt_ratio": 53.2,
            "inventory_turnover_ratio": 0.4,
            "account_receivable_turnover_ratio": 1.65,
            "reinvestment_rate": null,
            "research_to_sale_ratio": 3.5,
            "price_fair": 0,
            "eps_avg_yearly": 0,
            "eps_latest_yearly": 0,
            "eps_growth_yearly": 0
        },
        "20213": {
            "year_quarter": 20213,
            "year": 2021,
            "quarter": 3,
            "eps": -0.04,
            "eps_growth_year": null,
            "eps_4q": -0.69,
            "eps_4q_growth_year": null,
            "roe": -0.58,
            "roe_4q": -9.82,
            "gross_profit": 11470,
            "gross_margin": 10.28,
            "gross_margin_4q_avg": -3.01,
            "net_income": -3886,
            "revenue": 111535,
            "common_shares": 985696,
            "book_valuer_per_share": 6.73,
            "book_valuer_per_share_4q_avg": 6.92,
            "equity": 663038,
            "current_ratio": 233.82,
            "debt_ratio": 53.48,
            "inventory_turnover_ratio": 0.38,
            "account_receivable_turnover_ratio": 1.44,
            "reinvestment_rate": null,
            "research_to_sale_ratio": 4.21,
            "price_fair": 0,
            "eps_avg_yearly": 0,
            "eps_latest_yearly": 0,
            "eps_growth_yearly": 0
        },
        "20214": {
            "year_quarter": 20214,
            "year": 2021,
            "quarter": 4,
            "eps": 0.05,
            "eps_growth_year": null,
            "eps_4q": -0.37,
            "eps_4q_growth_year": null,
            "roe": 0.54,
            "roe_4q": -3.9000000000000004,
            "gross_profit": 15276,
            "gross_margin": 14.21,
            "gross_margin_4q_avg": 1.34,
            "net_income": 3592,
            "revenue": 107527,
            "common_shares": 704909,
            "book_valuer_per_share": 9.43,
            "book_valuer_per_share_4q_avg": 7.51,
            "equity": 664769,
            "current_ratio": 231.52,
            "debt_ratio": 53.22,
            "inventory_turnover_ratio": 0.34,
            "account_receivable_turnover_ratio": 1.26,
            "reinvestment_rate": null,
            "research_to_sale_ratio": 1.79,
            "price_fair": 0,
            "eps_avg_yearly": 0,
            "eps_latest_yearly": 0,
            "eps_growth_yearly": 0
        },
        "20221": {
            "year_quarter": 20221,
            "year": 2022,
            "quarter": 1,
            "eps": -0.29,
            "eps_growth_year": -825,
            "eps_4q": -0.72,
            "eps_4q_growth_year": null,
            "roe": -3.09,
            "roe_4q": -7.49,
            "gross_profit": 5370,
            "gross_margin": 8.47,
            "gross_margin_4q_avg": 6.72,
            "net_income": -20447,
            "revenue": 63391,
            "common_shares": 704909,
            "book_valuer_per_share": 9.37,
            "book_valuer_per_share_4q_avg": 8.08,
            "equity": 660498,
            "current_ratio": 289.43,
            "debt_ratio": 51.32,
            "inventory_turnover_ratio": 0.24,
            "account_receivable_turnover_ratio": 0.95,
            "reinvestment_rate": null,
            "research_to_sale_ratio": 3.65,
            "price_fair": 0,
            "eps_avg_yearly": 0,
            "eps_latest_yearly": 0,
            "eps_growth_yearly": 0
        },
        "20222": {
            "year_quarter": 20222,
            "year": 2022,
            "quarter": 2,
            "eps": -0.12,
            "eps_growth_year": null,
            "eps_4q": -0.41,
            "eps_4q_growth_year": null,
            "roe": -1.27,
            "roe_4q": -4.3999999999999995,
            "gross_profit": 4628,
            "gross_margin": 7.88,
            "gross_margin_4q_avg": 10.21,
            "net_income": -8333,
            "revenue": 58725,
            "common_shares": 705389,
            "book_valuer_per_share": 9.1,
            "book_valuer_per_share_4q_avg": 8.66,
            "equity": 649847,
            "current_ratio": 241.03,
            "debt_ratio": 55.36,
            "inventory_turnover_ratio": 0.25,
            "account_receivable_turnover_ratio": 1.34,
            "reinvestment_rate": null,
            "research_to_sale_ratio": 2.96,
            "price_fair": 0,
            "eps_avg_yearly": 0,
            "eps_latest_yearly": 0,
            "eps_growth_yearly": 0
        },
        "20223": {
            "year_quarter": 20223,
            "year": 2022,
            "quarter": 3,
            "eps": 0.26,
            "eps_growth_year": null,
            "eps_4q": -0.1,
            "eps_4q_growth_year": null,
            "roe": 2.75,
            "roe_4q": -1.0699999999999998,
            "gross_profit": 5000,
            "gross_margin": 7.98,
            "gross_margin_4q_avg": 9.64,
            "net_income": 18128,
            "revenue": 62682,
            "common_shares": 706289,
            "book_valuer_per_share": 9.48,
            "book_valuer_per_share_4q_avg": 9.35,
            "equity": 670280,
            "current_ratio": 168.98,
            "debt_ratio": 55.35,
            "inventory_turnover_ratio": 0.26,
            "account_receivable_turnover_ratio": 1.38,
            "reinvestment_rate": null,
            "research_to_sale_ratio": 2.04,
            "price_fair": 0,
            "eps_avg_yearly": 0,
            "eps_latest_yearly": 0,
            "eps_growth_yearly": 0
        },
        "20224": {
            "year_quarter": 20224,
            "year": 2022,
            "quarter": 4,
            "eps": 0.43,
            "eps_growth_year": 737.17,
            "eps_4q": 0.28,
            "eps_4q_growth_year": null,
            "roe": 4.41,
            "roe_4q": 2.8000000000000007,
            "gross_profit": 80049,
            "gross_margin": 35.97,
            "gross_margin_4q_avg": 15.08,
            "net_income": 30160,
            "revenue": 222572,
            "common_shares": 706840,
            "book_valuer_per_share": 9.88,
            "book_valuer_per_share_4q_avg": 9.46,
            "equity": 698396,
            "current_ratio": 142.62,
            "debt_ratio": 64.34,
            "inventory_turnover_ratio": 0.6,
            "account_receivable_turnover_ratio": 2.18,
            "reinvestment_rate": null,
            "research_to_sale_ratio": 0.48,
            "price_fair": 60.2,
            "eps_avg_yearly": 1.72,
            "eps_latest_yearly": 1.72,
            "eps_growth_yearly": 261.54
        },
        "20231": {
            "year_quarter": 20231,
            "year": 2023,
            "quarter": 1,
            "eps": 5.19,
            "eps_growth_year": null,
            "eps_4q": 5.76,
            "eps_4q_growth_year": null,
            "roe": 41.87,
            "roe_4q": 47.76,
            "gross_profit": 51965,
            "gross_margin": 32.35,
            "gross_margin_4q_avg": 21.05,
            "net_income": 367141,
            "revenue": 160626,
            "common_shares": 706840,
            "book_valuer_per_share": 14.93,
            "book_valuer_per_share_4q_avg": 10.85,
            "equity": 1055168,
            "current_ratio": 210.23,
            "debt_ratio": 47.26,
            "inventory_turnover_ratio": 0.43,
            "account_receivable_turnover_ratio": 1.12,
            "reinvestment_rate": -11.82,
            "research_to_sale_ratio": 3.5,
            "price_fair": 393.4,
            "eps_avg_yearly": 11.24,
            "eps_latest_yearly": 20.76,
            "eps_growth_yearly": 2344.72
        }
    },
    "months": {
        "2004-09": {
            "month": "2004-09",
            "price": "51.25",
            "revenue": 507016
        },
        "2004-10": {
            "month": "2004-10",
            "price": "53.41",
            "revenue": 443363
        },
        "2004-12": {
            "month": "2004-12",
            "price": "51.04",
            "revenue": 367030
        },
        "2005-01": {
            "month": "2005-01",
            "price": "52.00",
            "revenue": 375088
        },
        "2005-06": {
            "month": "2005-06",
            "price": "51.90",
            "revenue": 381194
        },
        "2005-07": {
            "month": "2005-07",
            "price": "43.00",
            "revenue": 367712
        },
        "2005-08": {
            "month": "2005-08",
            "price": "41.31",
            "revenue": 485121
        },
        "2005-09": {
            "month": "2005-09",
            "price": "40.00",
            "revenue": 448679
        },
        "2005-11": {
            "month": "2005-11",
            "price": "39.21",
            "revenue": 595830
        },
        "2005-12": {
            "month": "2005-12",
            "price": "37.45",
            "revenue": 542486
        },
        "2006-02": {
            "month": "2006-02",
            "price": "38.25",
            "revenue": 364656
        },
        "2006-03": {
            "month": "2006-03",
            "price": "43.08",
            "revenue": 471024
        },
        "2006-04": {
            "month": "2006-04",
            "price": "41.63",
            "revenue": 403340
        },
        "2006-05": {
            "month": "2006-05",
            "price": "43.61",
            "revenue": 379253
        },
        "2006-06": {
            "month": "2006-06",
            "price": "39.21",
            "revenue": 415718
        },
        "2006-07": {
            "month": "2006-07",
            "price": "35.35",
            "revenue": 464976
        },
        "2006-08": {
            "month": "2006-08",
            "price": "33.64",
            "revenue": 600966
        },
        "2006-09": {
            "month": "2006-09",
            "price": "32.07",
            "revenue": 585569
        },
        "2006-10": {
            "month": "2006-10",
            "price": "27.95",
            "revenue": 611388
        },
        "2006-11": {
            "month": "2006-11",
            "price": "27.25",
            "revenue": 545601
        },
        "2006-12": {
            "month": "2006-12",
            "price": "30.66",
            "revenue": 485951
        },
        "2007-01": {
            "month": "2007-01",
            "price": "31.74",
            "revenue": 506118
        },
        "2007-02": {
            "month": "2007-02",
            "price": "30.40",
            "revenue": 357239
        },
        "2007-03": {
            "month": "2007-03",
            "price": "30.01",
            "revenue": 446721
        },
        "2007-04": {
            "month": "2007-04",
            "price": "31.00",
            "revenue": 451475
        },
        "2007-05": {
            "month": "2007-05",
            "price": "30.55",
            "revenue": 440066
        },
        "2007-06": {
            "month": "2007-06",
            "price": "42.44",
            "revenue": 467214
        },
        "2007-07": {
            "month": "2007-07",
            "price": "59.85",
            "revenue": 574747
        },
        "2007-08": {
            "month": "2007-08",
            "price": "60.91",
            "revenue": 570856
        },
        "2007-09": {
            "month": "2007-09",
            "price": "58.61",
            "revenue": 649887
        },
        "2007-10": {
            "month": "2007-10",
            "price": "54.89",
            "revenue": 551283
        },
        "2007-11": {
            "month": "2007-11",
            "price": "55.50",
            "revenue": 510506
        },
        "2007-12": {
            "month": "2007-12",
            "price": "53.08",
            "revenue": 557598
        },
        "2008-01": {
            "month": "2008-01",
            "price": "48.82",
            "revenue": 521723
        },
        "2008-02": {
            "month": "2008-02",
            "price": "39.71",
            "revenue": 308171
        },
        "2008-03": {
            "month": "2008-03",
            "price": "37.38",
            "revenue": 523102
        },
        "2008-04": {
            "month": "2008-04",
            "price": "38.09",
            "revenue": 528865
        },
        "2008-05": {
            "month": "2008-05",
            "price": "37.44",
            "revenue": 434350
        },
        "2008-06": {
            "month": "2008-06",
            "price": "32.74",
            "revenue": 364012
        },
        "2008-07": {
            "month": "2008-07",
            "price": "26.67",
            "revenue": 498408
        },
        "2008-08": {
            "month": "2008-08",
            "price": "25.59",
            "revenue": 554016
        },
        "2008-09": {
            "month": "2008-09",
            "price": "24.04",
            "revenue": 295429
        },
        "2008-10": {
            "month": "2008-10",
            "price": "18.50",
            "revenue": 298890
        },
        "2008-11": {
            "month": "2008-11",
            "price": "14.69",
            "revenue": 231298
        },
        "2008-12": {
            "month": "2008-12",
            "price": "12.67",
            "revenue": 317163
        },
        "2009-01": {
            "month": "2009-01",
            "price": "14.14",
            "revenue": 252796
        },
        "2009-02": {
            "month": "2009-02",
            "price": "14.39",
            "revenue": 316441
        },
        "2009-03": {
            "month": "2009-03",
            "price": "16.49",
            "revenue": 327289
        },
        "2009-04": {
            "month": "2009-04",
            "price": "19.19",
            "revenue": 412723
        },
        "2009-05": {
            "month": "2009-05",
            "price": "19.61",
            "revenue": 381773
        },
        "2009-06": {
            "month": "2009-06",
            "price": "21.59",
            "revenue": 264862
        },
        "2009-07": {
            "month": "2009-07",
            "price": "21.51",
            "revenue": 268751
        },
        "2009-08": {
            "month": "2009-08",
            "price": "20.50",
            "revenue": 300251
        },
        "2009-09": {
            "month": "2009-09",
            "price": "20.05",
            "revenue": 339515
        },
        "2009-10": {
            "month": "2009-10",
            "price": "21.37",
            "revenue": 325788
        },
        "2009-11": {
            "month": "2009-11",
            "price": "20.17",
            "revenue": 402593
        },
        "2009-12": {
            "month": "2009-12",
            "price": "22.31",
            "revenue": 350391
        },
        "2010-01": {
            "month": "2010-01",
            "price": "25.46",
            "revenue": 352558
        },
        "2010-02": {
            "month": "2010-02",
            "price": "21.78",
            "revenue": 223165
        },
        "2010-03": {
            "month": "2010-03",
            "price": "23.97",
            "revenue": 453225
        },
        "2010-04": {
            "month": "2010-04",
            "price": "25.22",
            "revenue": 473262
        },
        "2010-05": {
            "month": "2010-05",
            "price": "21.65",
            "revenue": 403706
        },
        "2010-06": {
            "month": "2010-06",
            "price": "21.53",
            "revenue": 404687
        },
        "2010-07": {
            "month": "2010-07",
            "price": "21.71",
            "revenue": 430872
        },
        "2010-08": {
            "month": "2010-08",
            "price": "22.82",
            "revenue": 409712
        },
        "2010-09": {
            "month": "2010-09",
            "price": "26.95",
            "revenue": 427376
        },
        "2010-10": {
            "month": "2010-10",
            "price": "22.05",
            "revenue": 336880
        },
        "2010-11": {
            "month": "2010-11",
            "price": "20.34",
            "revenue": 353425
        },
        "2010-12": {
            "month": "2010-12",
            "price": "21.38",
            "revenue": 405802
        },
        "2011-01": {
            "month": "2011-01",
            "price": "19.92",
            "revenue": 385106
        },
        "2011-02": {
            "month": "2011-02",
            "price": "18.64",
            "revenue": 214106
        },
        "2011-03": {
            "month": "2011-03",
            "price": "16.95",
            "revenue": 397632
        },
        "2011-04": {
            "month": "2011-04",
            "price": "16.02",
            "revenue": 373900
        },
        "2011-05": {
            "month": "2011-05",
            "price": "14.02",
            "revenue": 288582
        },
        "2011-06": {
            "month": "2011-06",
            "price": "13.73",
            "revenue": 249780
        },
        "2011-07": {
            "month": "2011-07",
            "price": "13.19",
            "revenue": 230119
        },
        "2011-08": {
            "month": "2011-08",
            "price": "10.12",
            "revenue": 272249
        },
        "2011-09": {
            "month": "2011-09",
            "price": "8.89",
            "revenue": 199749
        },
        "2011-10": {
            "month": "2011-10",
            "price": "8.67",
            "revenue": 159142
        },
        "2011-11": {
            "month": "2011-11",
            "price": "7.80",
            "revenue": 176659
        },
        "2011-12": {
            "month": "2011-12",
            "price": "6.54",
            "revenue": 132164
        },
        "2012-01": {
            "month": "2012-01",
            "price": "6.92",
            "revenue": 109083
        },
        "2012-02": {
            "month": "2012-02",
            "price": "8.90",
            "revenue": 227291
        },
        "2012-03": {
            "month": "2012-03",
            "price": "8.61",
            "revenue": 297204
        },
        "2012-04": {
            "month": "2012-04",
            "price": "6.79",
            "revenue": 246524
        },
        "2012-05": {
            "month": "2012-05",
            "price": "6.86",
            "revenue": 212692
        },
        "2012-06": {
            "month": "2012-06",
            "price": "6.68",
            "revenue": 184060
        },
        "2012-07": {
            "month": "2012-07",
            "price": "6.83",
            "revenue": 171230
        },
        "2012-08": {
            "month": "2012-08",
            "price": "6.88",
            "revenue": 148767
        },
        "2012-09": {
            "month": "2012-09",
            "price": "7.43",
            "revenue": 185262
        },
        "2012-10": {
            "month": "2012-10",
            "price": "7.23",
            "revenue": 125328
        },
        "2012-11": {
            "month": "2012-11",
            "price": "6.42",
            "revenue": 156105
        },
        "2012-12": {
            "month": "2012-12",
            "price": "6.88",
            "revenue": 136166
        },
        "2013-01": {
            "month": "2013-01",
            "price": "6.89",
            "revenue": 226252
        },
        "2013-02": {
            "month": "2013-02",
            "price": "6.80",
            "revenue": 79270
        },
        "2013-03": {
            "month": "2013-03",
            "price": "7.28",
            "revenue": 164794
        },
        "2013-04": {
            "month": "2013-04",
            "price": "8.35",
            "revenue": 119391
        },
        "2013-05": {
            "month": "2013-05",
            "price": "8.14",
            "revenue": 120310
        },
        "2013-06": {
            "month": "2013-06",
            "price": "7.96",
            "revenue": 128227
        },
        "2013-07": {
            "month": "2013-07",
            "price": "7.79",
            "revenue": 191701
        },
        "2013-08": {
            "month": "2013-08",
            "price": "7.70",
            "revenue": 238908
        },
        "2013-09": {
            "month": "2013-09",
            "price": "8.00",
            "revenue": 186816
        },
        "2013-10": {
            "month": "2013-10",
            "price": "8.77",
            "revenue": 195515
        },
        "2013-11": {
            "month": "2013-11",
            "price": "9.21",
            "revenue": 183313
        },
        "2013-12": {
            "month": "2013-12",
            "price": "9.80",
            "revenue": 162498
        },
        "2014-01": {
            "month": "2014-01",
            "price": "12.71",
            "revenue": 129040
        },
        "2014-02": {
            "month": "2014-02",
            "price": "13.97",
            "revenue": 65580
        },
        "2014-03": {
            "month": "2014-03",
            "price": "12.99",
            "revenue": 116322
        },
        "2014-04": {
            "month": "2014-04",
            "price": "11.67",
            "revenue": 168743
        },
        "2014-05": {
            "month": "2014-05",
            "price": "9.74",
            "revenue": 193658
        },
        "2014-06": {
            "month": "2014-06",
            "price": "10.86",
            "revenue": 188529
        },
        "2014-07": {
            "month": "2014-07",
            "price": "11.01",
            "revenue": 218945
        },
        "2014-08": {
            "month": "2014-08",
            "price": "11.89",
            "revenue": 121929
        },
        "2014-09": {
            "month": "2014-09",
            "price": "10.21",
            "revenue": 172750
        },
        "2014-10": {
            "month": "2014-10",
            "price": "8.55",
            "revenue": 158344
        },
        "2014-11": {
            "month": "2014-11",
            "price": "8.00",
            "revenue": 139311
        },
        "2014-12": {
            "month": "2014-12",
            "price": "8.42",
            "revenue": 201531
        },
        "2015-01": {
            "month": "2015-01",
            "price": "10.15",
            "revenue": 157367
        },
        "2015-02": {
            "month": "2015-02",
            "price": "10.14",
            "revenue": 74087
        },
        "2015-03": {
            "month": "2015-03",
            "price": "10.22",
            "revenue": 118596
        },
        "2015-04": {
            "month": "2015-04",
            "price": "13.03",
            "revenue": 147682
        },
        "2015-05": {
            "month": "2015-05",
            "price": "11.10",
            "revenue": 162159
        },
        "2015-06": {
            "month": "2015-06",
            "price": "8.36",
            "revenue": 126948
        },
        "2015-07": {
            "month": "2015-07",
            "price": "7.96",
            "revenue": 152917
        },
        "2015-08": {
            "month": "2015-08",
            "price": "6.85",
            "revenue": 106291
        },
        "2015-09": {
            "month": "2015-09",
            "price": "7.34",
            "revenue": 97238
        },
        "2015-10": {
            "month": "2015-10",
            "price": "8.35",
            "revenue": 108583
        },
        "2015-11": {
            "month": "2015-11",
            "price": "7.91",
            "revenue": 135037
        },
        "2015-12": {
            "month": "2015-12",
            "price": "7.58",
            "revenue": 84367
        },
        "2016-01": {
            "month": "2016-01",
            "price": "6.90",
            "revenue": 110037
        },
        "2016-02": {
            "month": "2016-02",
            "price": "6.89",
            "revenue": 33431
        },
        "2016-03": {
            "month": "2016-03",
            "price": "7.33",
            "revenue": 73919
        },
        "2016-04": {
            "month": "2016-04",
            "price": "7.28",
            "revenue": 101308
        },
        "2016-05": {
            "month": "2016-05",
            "price": "7.11",
            "revenue": 115867
        },
        "2016-06": {
            "month": "2016-06",
            "price": "7.07",
            "revenue": 111995
        },
        "2016-07": {
            "month": "2016-07",
            "price": "8.04",
            "revenue": 99298
        },
        "2016-08": {
            "month": "2016-08",
            "price": "8.43",
            "revenue": 91037
        },
        "2016-09": {
            "month": "2016-09",
            "price": "7.82",
            "revenue": 107953
        },
        "2016-10": {
            "month": "2016-10",
            "price": "7.66",
            "revenue": 93029
        },
        "2016-11": {
            "month": "2016-11",
            "price": "7.45",
            "revenue": 101704
        },
        "2016-12": {
            "month": "2016-12",
            "price": "7.42",
            "revenue": 91203
        },
        "2017-01": {
            "month": "2017-01",
            "price": "7.75",
            "revenue": 98054
        },
        "2017-02": {
            "month": "2017-02",
            "price": "8.15",
            "revenue": 52799
        },
        "2017-03": {
            "month": "2017-03",
            "price": "8.14",
            "revenue": 93061
        },
        "2017-04": {
            "month": "2017-04",
            "price": "7.54",
            "revenue": 58161
        },
        "2017-05": {
            "month": "2017-05",
            "price": "7.50",
            "revenue": 63289
        },
        "2017-06": {
            "month": "2017-06",
            "price": "7.57",
            "revenue": 84872
        },
        "2017-07": {
            "month": "2017-07",
            "price": "7.38",
            "revenue": 89808
        },
        "2017-08": {
            "month": "2017-08",
            "price": "7.69",
            "revenue": 94014
        },
        "2017-09": {
            "month": "2017-09",
            "price": "8.26",
            "revenue": 82839
        },
        "2017-10": {
            "month": "2017-10",
            "price": "8.09",
            "revenue": 77074
        },
        "2017-11": {
            "month": "2017-11",
            "price": "8.17",
            "revenue": 80434
        },
        "2017-12": {
            "month": "2017-12",
            "price": "8.32",
            "revenue": 70713
        },
        "2018-01": {
            "month": "2018-01",
            "price": "9.04",
            "revenue": 83195
        },
        "2018-02": {
            "month": "2018-02",
            "price": "9.24",
            "revenue": 35630
        },
        "2018-03": {
            "month": "2018-03",
            "price": "9.52",
            "revenue": 58537
        },
        "2018-04": {
            "month": "2018-04",
            "price": "8.72",
            "revenue": 68498
        },
        "2018-05": {
            "month": "2018-05",
            "price": "8.03",
            "revenue": 66739
        },
        "2018-06": {
            "month": "2018-06",
            "price": "8.20",
            "revenue": 54258
        },
        "2018-07": {
            "month": "2018-07",
            "price": "7.89",
            "revenue": 62332
        },
        "2018-08": {
            "month": "2018-08",
            "price": "7.94",
            "revenue": 76781
        },
        "2018-09": {
            "month": "2018-09",
            "price": "7.64",
            "revenue": 62235
        },
        "2018-10": {
            "month": "2018-10",
            "price": "7.02",
            "revenue": 67735
        },
        "2018-11": {
            "month": "2018-11",
            "price": "6.58",
            "revenue": 48355
        },
        "2018-12": {
            "month": "2018-12",
            "price": "6.46",
            "revenue": 67104
        },
        "2019-01": {
            "month": "2019-01",
            "price": "6.21",
            "revenue": 48398
        },
        "2019-02": {
            "month": "2019-02",
            "price": "6.46",
            "revenue": 18808
        },
        "2019-03": {
            "month": "2019-03",
            "price": "6.58",
            "revenue": 44055
        },
        "2019-04": {
            "month": "2019-04",
            "price": "6.41",
            "revenue": 63901
        },
        "2019-05": {
            "month": "2019-05",
            "price": "6.22",
            "revenue": 60009
        },
        "2019-06": {
            "month": "2019-06",
            "price": "5.90",
            "revenue": 50828
        },
        "2019-07": {
            "month": "2019-07",
            "price": "5.90",
            "revenue": 58314
        },
        "2019-08": {
            "month": "2019-08",
            "price": "5.67",
            "revenue": 58276
        },
        "2019-09": {
            "month": "2019-09",
            "price": "6.09",
            "revenue": 58628
        },
        "2019-10": {
            "month": "2019-10",
            "price": "5.85",
            "revenue": 40078
        },
        "2019-11": {
            "month": "2019-11",
            "price": "5.57",
            "revenue": 68893
        },
        "2019-12": {
            "month": "2019-12",
            "price": "5.76",
            "revenue": 33208
        },
        "2020-01": {
            "month": "2020-01",
            "price": "5.94",
            "revenue": 21903
        },
        "2020-02": {
            "month": "2020-02",
            "price": "5.62",
            "revenue": 6732
        },
        "2020-03": {
            "month": "2020-03",
            "price": "4.76",
            "revenue": 33336
        },
        "2020-04": {
            "month": "2020-04",
            "price": "5.04",
            "revenue": 38152
        },
        "2020-05": {
            "month": "2020-05",
            "price": "5.19",
            "revenue": 27478
        },
        "2020-06": {
            "month": "2020-06",
            "price": "5.56",
            "revenue": 28083
        },
        "2020-07": {
            "month": "2020-07",
            "price": "6.04",
            "revenue": 30566
        },
        "2020-08": {
            "month": "2020-08",
            "price": "6.14",
            "revenue": 34651
        },
        "2020-09": {
            "month": "2020-09",
            "price": "6.84",
            "revenue": 37662
        },
        "2020-10": {
            "month": "2020-10",
            "price": "6.74",
            "revenue": 22540
        },
        "2020-11": {
            "month": "2020-11",
            "price": "6.80",
            "revenue": 25147
        },
        "2020-12": {
            "month": "2020-12",
            "price": "7.27",
            "revenue": 23155
        },
        "2021-01": {
            "month": "2021-01",
            "price": "6.81",
            "revenue": 28998
        },
        "2021-02": {
            "month": "2021-02",
            "price": "6.76",
            "revenue": 6452
        },
        "2021-03": {
            "month": "2021-03",
            "price": "7.85",
            "revenue": 28654
        },
        "2021-04": {
            "month": "2021-04",
            "price": "10.76",
            "revenue": 28295
        },
        "2021-05": {
            "month": "2021-05",
            "price": "8.86",
            "revenue": 34112
        },
        "2021-06": {
            "month": "2021-06",
            "price": "9.12",
            "revenue": 32696
        },
        "2021-07": {
            "month": "2021-07",
            "price": "9.13",
            "revenue": 31756
        },
        "2021-08": {
            "month": "2021-08",
            "price": "7.83",
            "revenue": 34012
        },
        "2021-09": {
            "month": "2021-09",
            "price": "7.79",
            "revenue": 45729
        },
        "2021-10": {
            "month": "2021-10",
            "price": "7.80",
            "revenue": 19971
        },
        "2021-11": {
            "month": "2021-11",
            "price": "8.00",
            "revenue": 34625
        },
        "2021-12": {
            "month": "2021-12",
            "price": "10.03",
            "revenue": 52929
        },
        "2022-01": {
            "month": "2022-01",
            "price": "19.00",
            "revenue": 20872
        },
        "2022-02": {
            "month": "2022-02",
            "price": "17.07",
            "revenue": 17451
        },
        "2022-03": {
            "month": "2022-03",
            "price": "15.58",
            "revenue": 25740
        },
        "2022-04": {
            "month": "2022-04",
            "price": "14.44",
            "revenue": 22198
        },
        "2022-05": {
            "month": "2022-05",
            "price": "16.08",
            "revenue": 18422
        },
        "2022-06": {
            "month": "2022-06",
            "price": "14.70",
            "revenue": 18101
        },
        "2022-07": {
            "month": "2022-07",
            "price": "13.42",
            "revenue": 18857
        },
        "2022-08": {
            "month": "2022-08",
            "price": "14.28",
            "revenue": 23217
        },
        "2022-09": {
            "month": "2022-09",
            "price": "14.00",
            "revenue": 20607
        },
        "2022-10": {
            "month": "2022-10",
            "price": "11.71",
            "revenue": 77035
        },
        "2022-11": {
            "month": "2022-11",
            "price": "13.59",
            "revenue": 73481
        },
        "2022-12": {
            "month": "2022-12",
            "price": "14.41",
            "revenue": 72132
        },
        "2023-01": {
            "month": "2023-01",
            "price": "14.26",
            "revenue": 25885
        },
        "2023-02": {
            "month": "2023-02",
            "price": "15.09",
            "revenue": 52375
        },
        "2023-03": {
            "month": "2023-03",
            "price": "16.62",
            "revenue": 82367
        },
        "2023-04": {
            "month": "2023-04",
            "price": "27.59",
            "revenue": 60165
        },
        "2023-05": {
            "month": "2023-05",
            "price": "36.30",
            "revenue": 59844
        }
    }
}
