{
    "summary": {
        "stock_name": "佳穎",
        "stock_id": "3310",
        "category": "電子零組件",
        "main_business": "各種連續沖壓模具及其另件、精密端子、五金另件<br>代理前項有關產品之進出口貿易業務<br>住宅及大樓開發租售",
        "website_url": "http://www.chialin.com.tw",
        "ceo": "張大智",
        "pe_ratio": 34,
        "report_year_from": 2003,
        "report_year_to": 2023,
        "age": 21,
        "eps_negative_percentage": 24,
        "eps_growth_avg": {
            "last_all": 14.61,
            "last_2y": 56.79,
            "last_4y": 16.54,
            "last_8y": 35.2,
            "last_12y": 25.02,
            "last_16y": null,
            "last_20y": null,
            "at_2006_last_3y": null,
            "at_2007_last_3y": null,
            "at_2008_last_3y": null,
            "at_2009_last_3y": null,
            "at_2010_last_3y": null,
            "at_2011_last_3y": -100,
            "at_2012_last_3y": null,
            "at_2013_last_3y": -61.54,
            "at_2014_last_3y": -20.77,
            "at_2015_last_3y": 19.49,
            "at_2016_last_3y": 39.62,
            "at_2017_last_3y": 38.52,
            "at_2018_last_3y": 58.52,
            "at_2019_last_3y": 31.8,
            "at_2020_last_3y": -13.39,
            "at_2021_last_3y": 20.39,
            "at_2022_last_3y": 18.31,
            "at_2023_last_3y": 22.4,
            "at_2024_last_3y": 22.4,
            "at_2006_last_all": null,
            "at_2007_last_all": null,
            "at_2008_last_all": null,
            "at_2009_last_all": -100,
            "at_2010_last_all": -100,
            "at_2011_last_all": -100,
            "at_2012_last_all": -100,
            "at_2013_last_all": -80.77,
            "at_2014_last_all": -47.18,
            "at_2015_last_all": -10.38,
            "at_2016_last_all": 11.69,
            "at_2017_last_all": -1.24,
            "at_2018_last_all": 13.22,
            "at_2019_last_all": 10.71,
            "at_2020_last_all": 0.54,
            "at_2021_last_all": 7.41,
            "at_2022_last_all": 15.07,
            "at_2023_last_all": 14.61,
            "at_2024_last_all": 14.61
        },
        "latest_eps": 3.05,
        "latest_price": 103,
        "latest_roe": 12.23,
        "latest_gross_margin": 20.74,
        "latest_equity": 1585611,
        "latest_revenue": 759750,
        "latest_gross_profit": 157569,
        "latest_net_income": 76162,
        "latest_debt_ratio": 74.72,
        "latest_current_ratio": 129.51,
        "latest_account_receivable_turnover_ratio": 1.48,
        "latest_inventory_turnover_ratio": 0.16,
        "latest_reinvestment_rate": 87.16,
        "latest_research_to_sale_ratio": 1.45
    },
    "eps_dividends": {
        "2001": {
            "cash": 0,
            "stock": 0,
            "eps": 0
        },
        "2002": {
            "cash": 0,
            "stock": 0,
            "eps": 0
        },
        "2003": {
            "cash": 0,
            "stock": 0,
            "eps": 0
        },
        "2004": {
            "cash": 1.5,
            "stock": 1.2,
            "eps": 0
        },
        "2005": {
            "cash": 1.2,
            "stock": 0,
            "eps": 0
        },
        "2006": {
            "cash": 1,
            "stock": 0,
            "eps": 0
        },
        "2007": {
            "cash": 1,
            "stock": 0,
            "eps": 1.68
        },
        "2008": {
            "cash": 1.24,
            "stock": 0,
            "eps": -2.12
        },
        "2009": {
            "cash": 0,
            "stock": 0,
            "eps": -1.24
        },
        "2010": {
            "cash": 0,
            "stock": 0,
            "eps": -2.87
        },
        "2011": {
            "cash": 0,
            "stock": 0,
            "eps": -3.99
        },
        "2012": {
            "cash": 0,
            "stock": 0,
            "eps": 0.39
        },
        "2013": {
            "cash": 0.19,
            "stock": 0,
            "eps": 0.15
        },
        "2014": {
            "cash": 0.2,
            "stock": 0,
            "eps": 0.18
        },
        "2015": {
            "cash": 0.3,
            "stock": 0,
            "eps": 0.99
        },
        "2016": {
            "cash": 0.5,
            "stock": 0,
            "eps": 3.52
        },
        "2017": {
            "cash": 0.5,
            "stock": 0,
            "eps": 1.2
        },
        "2018": {
            "cash": 1.5,
            "stock": 0,
            "eps": 4.36
        },
        "2019": {
            "cash": 5,
            "stock": 0,
            "eps": 4.06
        },
        "2020": {
            "cash": 2,
            "stock": 0,
            "eps": 0.78
        },
        "2021": {
            "cash": 1.5,
            "stock": 0,
            "eps": 1.32
        },
        "2022": {
            "cash": 2.2,
            "stock": 0,
            "eps": 2.53
        },
        "2023": {
            "cash": 3.02,
            "stock": 0,
            "eps": 2.77
        }
    },
    "dividends": {
        "2004-04-14": {
            "cash": 1.5,
            "stock": 1.2
        },
        "2005-04-08": {
            "cash": 1.2,
            "stock": 0
        },
        "2006-03-30": {
            "cash": 1,
            "stock": 0
        },
        "2007-04-13": {
            "cash": 1,
            "stock": 0
        },
        "2008-02-26": {
            "cash": 1.24,
            "stock": 0
        },
        "2013-06-11": {
            "cash": 0.19,
            "stock": 0
        },
        "2014-08-07": {
            "cash": 0.2,
            "stock": 0
        },
        "2015-08-13": {
            "cash": 0.3,
            "stock": 0
        },
        "2016-07-15": {
            "cash": 0.5,
            "stock": 0
        },
        "2017-08-09": {
            "cash": 0.5,
            "stock": 0
        },
        "2018-07-31": {
            "cash": 1.5,
            "stock": 0
        },
        "2019-07-19": {
            "cash": 5,
            "stock": 0
        },
        "2020-07-28": {
            "cash": 2,
            "stock": 0
        },
        "2021-08-20": {
            "cash": 1.5,
            "stock": 0
        },
        "2022-08-05": {
            "cash": 2.2,
            "stock": 0
        },
        "2023-08-02": {
            "cash": 3.02,
            "stock": 0
        }
    },
    "prices": {
        "200101": "無",
        "200102": "無",
        "200103": "無",
        "200104": "無",
        "200105": "無",
        "200106": "無",
        "200107": "無",
        "200108": "無",
        "200109": "無",
        "200110": "無",
        "200111": "無",
        "200112": "無",
        "200201": "無",
        "200202": "無",
        "200203": "無",
        "200204": "無",
        "200205": "無",
        "200206": "無",
        "200207": "無",
        "200208": "無",
        "200209": "無",
        "200210": "無",
        "200211": "無",
        "200212": "無",
        "200301": "無",
        "200302": "無",
        "200303": "無",
        "200304": "無",
        "200305": "無",
        "200306": "無",
        "200307": "無",
        "200308": "無",
        "200309": "無",
        "200310": "無",
        "200311": "無",
        "200312": "無",
        "200401": "無",
        "200402": "無",
        "200403": "無",
        "200404": "無",
        "200405": "無",
        "200406": "36.29",
        "200407": "38.52",
        "200408": "無",
        "200409": "無",
        "200410": "無",
        "200411": "30.64",
        "200412": "31.98",
        "200501": "31.50",
        "200502": "29.10",
        "200503": "26.50",
        "200504": "29.05",
        "200505": "無",
        "200506": "無",
        "200507": "無",
        "200508": "無",
        "200509": "無",
        "200510": "無",
        "200511": "24.93",
        "200512": "無",
        "200601": "無",
        "200602": "無",
        "200603": "無",
        "200604": "無",
        "200605": "無",
        "200606": "無",
        "200607": "無",
        "200608": "無",
        "200609": "無",
        "200610": "無",
        "200611": "無",
        "200612": "無",
        "200701": "25.00",
        "200702": "25.50",
        "200703": "24.55",
        "200704": "23.90",
        "200705": "無",
        "200706": "25.17",
        "200707": "28.54",
        "200708": "29.02",
        "200709": "26.66",
        "200710": "27.24",
        "200711": "25.72",
        "200712": "24.30",
        "200801": "23.34",
        "200802": "19.25",
        "200803": "20.59",
        "200804": "23.59",
        "200805": "25.58",
        "200806": "16.75",
        "200807": "16.07",
        "200808": "14.27",
        "200809": "11.05",
        "200810": "13.02",
        "200811": "11.76",
        "200812": "10.40",
        "200901": "8.85",
        "200902": "8.71",
        "200903": "9.02",
        "200904": "9.59",
        "200905": "9.73",
        "200906": "10.05",
        "200907": "9.44",
        "200908": "10.78",
        "200909": "11.23",
        "200910": "12.26",
        "200911": "11.62",
        "200912": "12.68",
        "201001": "24.06",
        "201002": "26.89",
        "201003": "29.54",
        "201004": "40.33",
        "201005": "39.80",
        "201006": "39.91",
        "201007": "43.80",
        "201008": "41.82",
        "201009": "37.31",
        "201010": "31.64",
        "201011": "31.08",
        "201012": "29.52",
        "201101": "25.01",
        "201102": "23.66",
        "201103": "21.96",
        "201104": "15.25",
        "201105": "12.82",
        "201106": "12.17",
        "201107": "11.36",
        "201108": "9.31",
        "201109": "8.40",
        "201110": "8.24",
        "201111": "8.03",
        "201112": "7.13",
        "201201": "7.11",
        "201202": "8.51",
        "201203": "8.13",
        "201204": "7.17",
        "201205": "6.29",
        "201206": "5.36",
        "201207": "6.88",
        "201208": "6.84",
        "201209": "7.47",
        "201210": "8.72",
        "201211": "15.59",
        "201212": "15.25",
        "201301": "18.50",
        "201302": "19.80",
        "201303": "18.90",
        "201304": "17.21",
        "201305": "19.28",
        "201306": "26.18",
        "201307": "25.49",
        "201308": "20.25",
        "201309": "18.49",
        "201310": "19.02",
        "201311": "17.97",
        "201312": "17.81",
        "201401": "18.46",
        "201402": "18.07",
        "201403": "17.99",
        "201404": "16.92",
        "201405": "15.78",
        "201406": "15.16",
        "201407": "14.56",
        "201408": "13.17",
        "201409": "13.50",
        "201410": "14.85",
        "201411": "13.48",
        "201412": "13.74",
        "201501": "14.67",
        "201502": "14.64",
        "201503": "15.33",
        "201504": "15.11",
        "201505": "14.53",
        "201506": "13.95",
        "201507": "13.58",
        "201508": "13.53",
        "201509": "13.83",
        "201510": "13.41",
        "201511": "13.08",
        "201512": "13.08",
        "201601": "12.93",
        "201602": "12.68",
        "201603": "14.38",
        "201604": "14.22",
        "201605": "13.66",
        "201606": "13.55",
        "201607": "12.99",
        "201608": "12.76",
        "201609": "12.62",
        "201610": "15.13",
        "201611": "17.47",
        "201612": "17.53",
        "201701": "21.66",
        "201702": "27.14",
        "201703": "26.70",
        "201704": "25.65",
        "201705": "23.63",
        "201706": "22.58",
        "201707": "21.18",
        "201708": "21.31",
        "201709": "22.22",
        "201710": "22.48",
        "201711": "26.09",
        "201712": "30.01",
        "201801": "37.03",
        "201802": "35.76",
        "201803": "40.71",
        "201804": "42.32",
        "201805": "43.90",
        "201806": "42.06",
        "201807": "38.58",
        "201808": "37.85",
        "201809": "37.96",
        "201810": "47.45",
        "201811": "46.56",
        "201812": "46.08",
        "201901": "46.18",
        "201902": "47.05",
        "201903": "49.98",
        "201904": "47.89",
        "201905": "46.50",
        "201906": "46.48",
        "201907": "39.72",
        "201908": "36.80",
        "201909": "37.41",
        "201910": "35.75",
        "201911": "34.65",
        "201912": "35.15",
        "202001": "36.10",
        "202002": "32.75",
        "202003": "30.20",
        "202004": "28.61",
        "202005": "29.37",
        "202006": "29.69",
        "202007": "28.10",
        "202008": "27.60",
        "202009": "30.20",
        "202010": "29.66",
        "202011": "30.74",
        "202012": "29.92",
        "202101": "30.57",
        "202102": "30.50",
        "202103": "31.68",
        "202104": "32.30",
        "202105": "28.92",
        "202106": "28.24",
        "202107": "28.75",
        "202108": "29.24",
        "202109": "29.31",
        "202110": "29.41",
        "202111": "30.45",
        "202112": "32.70",
        "202201": "35.14",
        "202202": "39.70",
        "202203": "40.13",
        "202204": "39.96",
        "202205": "37.86",
        "202206": "38.26",
        "202207": "37.25",
        "202208": "43.14",
        "202209": "43.08",
        "202210": "39.72",
        "202211": "40.73",
        "202212": "41.94",
        "202301": "44.02",
        "202302": "52.72",
        "202303": "63.00",
        "202304": "67.22",
        "202305": "68.71",
        "202306": "79.96",
        "202307": "89.83",
        "202308": "90.70",
        "202309": "90.54",
        "202310": "90.12",
        "202311": "94.41",
        "202312": "107.36"
    },
    "quarters": {
        "20011": {
            "year_quarter": 20011,
            "year": 2001,
            "quarter": 1,
            "eps": null,
            "eps_growth_year": null,
            "eps_4q": null,
            "eps_4q_growth_year": null,
            "roe": null,
            "roe_4q": 0,
            "gross_profit": null,
            "gross_margin": null,
            "gross_margin_4q_avg": 0,
            "net_income": null,
            "net_income_4q": null,
            "revenue": null,
            "revenue_4q": null,
            "common_shares": null,
            "book_valuer_per_share": null,
            "book_valuer_per_share_4q_avg": 0,
            "equity": null,
            "current_ratio": null,
            "debt_ratio": null,
            "inventory_turnover_ratio": null,
            "account_receivable_turnover_ratio": null,
            "reinvestment_rate": null,
            "research_to_sale_ratio": null,
            "price_fair": 0,
            "eps_avg_yearly": 0,
            "eps_latest_yearly": 0,
            "eps_growth_yearly": 0
        },
        "20012": {
            "year_quarter": 20012,
            "year": 2001,
            "quarter": 2,
            "eps": null,
            "eps_growth_year": null,
            "eps_4q": null,
            "eps_4q_growth_year": null,
            "roe": null,
            "roe_4q": 0,
            "gross_profit": null,
            "gross_margin": null,
            "gross_margin_4q_avg": 0,
            "net_income": null,
            "net_income_4q": null,
            "revenue": null,
            "revenue_4q": null,
            "common_shares": null,
            "book_valuer_per_share": null,
            "book_valuer_per_share_4q_avg": 0,
            "equity": null,
            "current_ratio": null,
            "debt_ratio": null,
            "inventory_turnover_ratio": null,
            "account_receivable_turnover_ratio": null,
            "reinvestment_rate": null,
            "research_to_sale_ratio": null,
            "price_fair": 0,
            "eps_avg_yearly": 0,
            "eps_latest_yearly": 0,
            "eps_growth_yearly": 0
        },
        "20013": {
            "year_quarter": 20013,
            "year": 2001,
            "quarter": 3,
            "eps": null,
            "eps_growth_year": null,
            "eps_4q": null,
            "eps_4q_growth_year": null,
            "roe": null,
            "roe_4q": 0,
            "gross_profit": null,
            "gross_margin": null,
            "gross_margin_4q_avg": 0,
            "net_income": null,
            "net_income_4q": null,
            "revenue": null,
            "revenue_4q": null,
            "common_shares": null,
            "book_valuer_per_share": null,
            "book_valuer_per_share_4q_avg": 0,
            "equity": null,
            "current_ratio": null,
            "debt_ratio": null,
            "inventory_turnover_ratio": null,
            "account_receivable_turnover_ratio": null,
            "reinvestment_rate": null,
            "research_to_sale_ratio": null,
            "price_fair": 0,
            "eps_avg_yearly": 0,
            "eps_latest_yearly": 0,
            "eps_growth_yearly": 0
        },
        "20014": {
            "year_quarter": 20014,
            "year": 2001,
            "quarter": 4,
            "eps": null,
            "eps_growth_year": null,
            "eps_4q": null,
            "eps_4q_growth_year": null,
            "roe": null,
            "roe_4q": 0,
            "gross_profit": null,
            "gross_margin": null,
            "gross_margin_4q_avg": 0,
            "net_income": null,
            "net_income_4q": null,
            "revenue": null,
            "revenue_4q": null,
            "common_shares": 135500,
            "book_valuer_per_share": 14.72,
            "book_valuer_per_share_4q_avg": 3.68,
            "equity": 199433,
            "current_ratio": 225.45,
            "debt_ratio": 39.26,
            "inventory_turnover_ratio": null,
            "account_receivable_turnover_ratio": null,
            "reinvestment_rate": null,
            "research_to_sale_ratio": null,
            "price_fair": 0,
            "eps_avg_yearly": 0,
            "eps_latest_yearly": 0,
            "eps_growth_yearly": 0
        },
        "20021": {
            "year_quarter": 20021,
            "year": 2002,
            "quarter": 1,
            "eps": null,
            "eps_growth_year": null,
            "eps_4q": null,
            "eps_4q_growth_year": null,
            "roe": null,
            "roe_4q": 0,
            "gross_profit": null,
            "gross_margin": null,
            "gross_margin_4q_avg": 0,
            "net_income": null,
            "net_income_4q": null,
            "revenue": null,
            "revenue_4q": null,
            "common_shares": null,
            "book_valuer_per_share": null,
            "book_valuer_per_share_4q_avg": 3.68,
            "equity": null,
            "current_ratio": null,
            "debt_ratio": null,
            "inventory_turnover_ratio": null,
            "account_receivable_turnover_ratio": null,
            "reinvestment_rate": null,
            "research_to_sale_ratio": null,
            "price_fair": 0,
            "eps_avg_yearly": 0,
            "eps_latest_yearly": 0,
            "eps_growth_yearly": 0
        },
        "20022": {
            "year_quarter": 20022,
            "year": 2002,
            "quarter": 2,
            "eps": null,
            "eps_growth_year": null,
            "eps_4q": null,
            "eps_4q_growth_year": null,
            "roe": null,
            "roe_4q": 0,
            "gross_profit": null,
            "gross_margin": null,
            "gross_margin_4q_avg": 0,
            "net_income": null,
            "net_income_4q": null,
            "revenue": null,
            "revenue_4q": null,
            "common_shares": null,
            "book_valuer_per_share": null,
            "book_valuer_per_share_4q_avg": 3.68,
            "equity": null,
            "current_ratio": null,
            "debt_ratio": null,
            "inventory_turnover_ratio": null,
            "account_receivable_turnover_ratio": null,
            "reinvestment_rate": null,
            "research_to_sale_ratio": null,
            "price_fair": 0,
            "eps_avg_yearly": 0,
            "eps_latest_yearly": 0,
            "eps_growth_yearly": 0
        },
        "20023": {
            "year_quarter": 20023,
            "year": 2002,
            "quarter": 3,
            "eps": null,
            "eps_growth_year": null,
            "eps_4q": null,
            "eps_4q_growth_year": null,
            "roe": null,
            "roe_4q": 0,
            "gross_profit": null,
            "gross_margin": null,
            "gross_margin_4q_avg": 0,
            "net_income": null,
            "net_income_4q": null,
            "revenue": null,
            "revenue_4q": null,
            "common_shares": null,
            "book_valuer_per_share": null,
            "book_valuer_per_share_4q_avg": 3.68,
            "equity": null,
            "current_ratio": null,
            "debt_ratio": null,
            "inventory_turnover_ratio": null,
            "account_receivable_turnover_ratio": null,
            "reinvestment_rate": null,
            "research_to_sale_ratio": null,
            "price_fair": 0,
            "eps_avg_yearly": 0,
            "eps_latest_yearly": 0,
            "eps_growth_yearly": 0
        },
        "20024": {
            "year_quarter": 20024,
            "year": 2002,
            "quarter": 4,
            "eps": null,
            "eps_growth_year": null,
            "eps_4q": null,
            "eps_4q_growth_year": null,
            "roe": null,
            "roe_4q": 0,
            "gross_profit": null,
            "gross_margin": null,
            "gross_margin_4q_avg": 0,
            "net_income": null,
            "net_income_4q": null,
            "revenue": null,
            "revenue_4q": null,
            "common_shares": 217500,
            "book_valuer_per_share": 13.26,
            "book_valuer_per_share_4q_avg": 3.32,
            "equity": 288366,
            "current_ratio": 297.24,
            "debt_ratio": 29.89,
            "inventory_turnover_ratio": null,
            "account_receivable_turnover_ratio": null,
            "reinvestment_rate": null,
            "research_to_sale_ratio": null,
            "price_fair": 0,
            "eps_avg_yearly": 0,
            "eps_latest_yearly": 0,
            "eps_growth_yearly": 0
        },
        "20031": {
            "year_quarter": 20031,
            "year": 2003,
            "quarter": 1,
            "eps": null,
            "eps_growth_year": null,
            "eps_4q": null,
            "eps_4q_growth_year": null,
            "roe": null,
            "roe_4q": 0,
            "gross_profit": null,
            "gross_margin": null,
            "gross_margin_4q_avg": 0,
            "net_income": null,
            "net_income_4q": null,
            "revenue": null,
            "revenue_4q": null,
            "common_shares": null,
            "book_valuer_per_share": null,
            "book_valuer_per_share_4q_avg": 3.32,
            "equity": null,
            "current_ratio": null,
            "debt_ratio": null,
            "inventory_turnover_ratio": null,
            "account_receivable_turnover_ratio": null,
            "reinvestment_rate": null,
            "research_to_sale_ratio": null,
            "price_fair": 0,
            "eps_avg_yearly": 0,
            "eps_latest_yearly": 0,
            "eps_growth_yearly": 0
        },
        "20032": {
            "year_quarter": 20032,
            "year": 2003,
            "quarter": 2,
            "eps": null,
            "eps_growth_year": null,
            "eps_4q": null,
            "eps_4q_growth_year": null,
            "roe": null,
            "roe_4q": 0,
            "gross_profit": null,
            "gross_margin": null,
            "gross_margin_4q_avg": 0,
            "net_income": null,
            "net_income_4q": null,
            "revenue": null,
            "revenue_4q": null,
            "common_shares": null,
            "book_valuer_per_share": null,
            "book_valuer_per_share_4q_avg": 3.32,
            "equity": null,
            "current_ratio": null,
            "debt_ratio": null,
            "inventory_turnover_ratio": null,
            "account_receivable_turnover_ratio": null,
            "reinvestment_rate": null,
            "research_to_sale_ratio": null,
            "price_fair": 0,
            "eps_avg_yearly": 0,
            "eps_latest_yearly": 0,
            "eps_growth_yearly": 0
        },
        "20033": {
            "year_quarter": 20033,
            "year": 2003,
            "quarter": 3,
            "eps": null,
            "eps_growth_year": null,
            "eps_4q": null,
            "eps_4q_growth_year": null,
            "roe": null,
            "roe_4q": 0,
            "gross_profit": null,
            "gross_margin": null,
            "gross_margin_4q_avg": 0,
            "net_income": null,
            "net_income_4q": null,
            "revenue": null,
            "revenue_4q": null,
            "common_shares": null,
            "book_valuer_per_share": null,
            "book_valuer_per_share_4q_avg": 3.32,
            "equity": null,
            "current_ratio": null,
            "debt_ratio": null,
            "inventory_turnover_ratio": null,
            "account_receivable_turnover_ratio": null,
            "reinvestment_rate": null,
            "research_to_sale_ratio": null,
            "price_fair": 0,
            "eps_avg_yearly": 0,
            "eps_latest_yearly": 0,
            "eps_growth_yearly": 0
        },
        "20034": {
            "year_quarter": 20034,
            "year": 2003,
            "quarter": 4,
            "eps": null,
            "eps_growth_year": null,
            "eps_4q": null,
            "eps_4q_growth_year": null,
            "roe": null,
            "roe_4q": 0,
            "gross_profit": null,
            "gross_margin": null,
            "gross_margin_4q_avg": 0,
            "net_income": null,
            "net_income_4q": null,
            "revenue": null,
            "revenue_4q": null,
            "common_shares": 266725,
            "book_valuer_per_share": 13.94,
            "book_valuer_per_share_4q_avg": 3.49,
            "equity": 371848,
            "current_ratio": 297.17,
            "debt_ratio": 27.75,
            "inventory_turnover_ratio": null,
            "account_receivable_turnover_ratio": null,
            "reinvestment_rate": null,
            "research_to_sale_ratio": null,
            "price_fair": 0,
            "eps_avg_yearly": 0,
            "eps_latest_yearly": 0,
            "eps_growth_yearly": 0
        },
        "20041": {
            "year_quarter": 20041,
            "year": 2004,
            "quarter": 1,
            "eps": null,
            "eps_growth_year": null,
            "eps_4q": null,
            "eps_4q_growth_year": null,
            "roe": null,
            "roe_4q": 0,
            "gross_profit": null,
            "gross_margin": null,
            "gross_margin_4q_avg": 0,
            "net_income": null,
            "net_income_4q": null,
            "revenue": null,
            "revenue_4q": null,
            "common_shares": null,
            "book_valuer_per_share": null,
            "book_valuer_per_share_4q_avg": 3.49,
            "equity": null,
            "current_ratio": null,
            "debt_ratio": null,
            "inventory_turnover_ratio": null,
            "account_receivable_turnover_ratio": null,
            "reinvestment_rate": null,
            "research_to_sale_ratio": null,
            "price_fair": 0,
            "eps_avg_yearly": 0,
            "eps_latest_yearly": 0,
            "eps_growth_yearly": 0
        },
        "20042": {
            "year_quarter": 20042,
            "year": 2004,
            "quarter": 2,
            "eps": null,
            "eps_growth_year": null,
            "eps_4q": null,
            "eps_4q_growth_year": null,
            "roe": null,
            "roe_4q": 0,
            "gross_profit": null,
            "gross_margin": null,
            "gross_margin_4q_avg": 0,
            "net_income": null,
            "net_income_4q": null,
            "revenue": null,
            "revenue_4q": null,
            "common_shares": null,
            "book_valuer_per_share": null,
            "book_valuer_per_share_4q_avg": 3.49,
            "equity": null,
            "current_ratio": null,
            "debt_ratio": null,
            "inventory_turnover_ratio": null,
            "account_receivable_turnover_ratio": null,
            "reinvestment_rate": null,
            "research_to_sale_ratio": null,
            "price_fair": 0,
            "eps_avg_yearly": 0,
            "eps_latest_yearly": 0,
            "eps_growth_yearly": 0
        },
        "20043": {
            "year_quarter": 20043,
            "year": 2004,
            "quarter": 3,
            "eps": null,
            "eps_growth_year": null,
            "eps_4q": null,
            "eps_4q_growth_year": null,
            "roe": null,
            "roe_4q": 0,
            "gross_profit": null,
            "gross_margin": null,
            "gross_margin_4q_avg": 0,
            "net_income": null,
            "net_income_4q": null,
            "revenue": null,
            "revenue_4q": null,
            "common_shares": null,
            "book_valuer_per_share": null,
            "book_valuer_per_share_4q_avg": 3.49,
            "equity": null,
            "current_ratio": null,
            "debt_ratio": null,
            "inventory_turnover_ratio": null,
            "account_receivable_turnover_ratio": null,
            "reinvestment_rate": null,
            "research_to_sale_ratio": null,
            "price_fair": 0,
            "eps_avg_yearly": 0,
            "eps_latest_yearly": 0,
            "eps_growth_yearly": 0
        },
        "20044": {
            "year_quarter": 20044,
            "year": 2004,
            "quarter": 4,
            "eps": null,
            "eps_growth_year": null,
            "eps_4q": null,
            "eps_4q_growth_year": null,
            "roe": null,
            "roe_4q": 0,
            "gross_profit": null,
            "gross_margin": null,
            "gross_margin_4q_avg": 0,
            "net_income": null,
            "net_income_4q": null,
            "revenue": null,
            "revenue_4q": null,
            "common_shares": 301122,
            "book_valuer_per_share": 13.05,
            "book_valuer_per_share_4q_avg": 3.26,
            "equity": 393098,
            "current_ratio": 283.14,
            "debt_ratio": 25.89,
            "inventory_turnover_ratio": null,
            "account_receivable_turnover_ratio": null,
            "reinvestment_rate": null,
            "research_to_sale_ratio": null,
            "price_fair": 0,
            "eps_avg_yearly": 0,
            "eps_latest_yearly": 0,
            "eps_growth_yearly": 0
        },
        "20051": {
            "year_quarter": 20051,
            "year": 2005,
            "quarter": 1,
            "eps": null,
            "eps_growth_year": null,
            "eps_4q": null,
            "eps_4q_growth_year": null,
            "roe": null,
            "roe_4q": 0,
            "gross_profit": null,
            "gross_margin": null,
            "gross_margin_4q_avg": 0,
            "net_income": null,
            "net_income_4q": null,
            "revenue": null,
            "revenue_4q": null,
            "common_shares": null,
            "book_valuer_per_share": null,
            "book_valuer_per_share_4q_avg": 3.26,
            "equity": null,
            "current_ratio": null,
            "debt_ratio": null,
            "inventory_turnover_ratio": null,
            "account_receivable_turnover_ratio": null,
            "reinvestment_rate": null,
            "research_to_sale_ratio": null,
            "price_fair": 0,
            "eps_avg_yearly": 0,
            "eps_latest_yearly": 0,
            "eps_growth_yearly": 0
        },
        "20052": {
            "year_quarter": 20052,
            "year": 2005,
            "quarter": 2,
            "eps": null,
            "eps_growth_year": null,
            "eps_4q": null,
            "eps_4q_growth_year": null,
            "roe": null,
            "roe_4q": 0,
            "gross_profit": null,
            "gross_margin": null,
            "gross_margin_4q_avg": 0,
            "net_income": null,
            "net_income_4q": null,
            "revenue": null,
            "revenue_4q": null,
            "common_shares": null,
            "book_valuer_per_share": null,
            "book_valuer_per_share_4q_avg": 3.26,
            "equity": null,
            "current_ratio": null,
            "debt_ratio": null,
            "inventory_turnover_ratio": null,
            "account_receivable_turnover_ratio": null,
            "reinvestment_rate": null,
            "research_to_sale_ratio": null,
            "price_fair": 0,
            "eps_avg_yearly": 0,
            "eps_latest_yearly": 0,
            "eps_growth_yearly": 0
        },
        "20053": {
            "year_quarter": 20053,
            "year": 2005,
            "quarter": 3,
            "eps": null,
            "eps_growth_year": null,
            "eps_4q": null,
            "eps_4q_growth_year": null,
            "roe": null,
            "roe_4q": 0,
            "gross_profit": null,
            "gross_margin": null,
            "gross_margin_4q_avg": 0,
            "net_income": null,
            "net_income_4q": null,
            "revenue": null,
            "revenue_4q": null,
            "common_shares": null,
            "book_valuer_per_share": null,
            "book_valuer_per_share_4q_avg": 3.26,
            "equity": null,
            "current_ratio": null,
            "debt_ratio": null,
            "inventory_turnover_ratio": null,
            "account_receivable_turnover_ratio": null,
            "reinvestment_rate": null,
            "research_to_sale_ratio": null,
            "price_fair": 0,
            "eps_avg_yearly": 0,
            "eps_latest_yearly": 0,
            "eps_growth_yearly": 0
        },
        "20054": {
            "year_quarter": 20054,
            "year": 2005,
            "quarter": 4,
            "eps": null,
            "eps_growth_year": null,
            "eps_4q": null,
            "eps_4q_growth_year": null,
            "roe": null,
            "roe_4q": 0,
            "gross_profit": null,
            "gross_margin": null,
            "gross_margin_4q_avg": 0,
            "net_income": null,
            "net_income_4q": null,
            "revenue": null,
            "revenue_4q": null,
            "common_shares": 301122,
            "book_valuer_per_share": 13.26,
            "book_valuer_per_share_4q_avg": 3.32,
            "equity": 399145,
            "current_ratio": 280.3,
            "debt_ratio": 26.89,
            "inventory_turnover_ratio": null,
            "account_receivable_turnover_ratio": null,
            "reinvestment_rate": null,
            "research_to_sale_ratio": null,
            "price_fair": 0,
            "eps_avg_yearly": 0,
            "eps_latest_yearly": 0,
            "eps_growth_yearly": 0
        },
        "20061": {
            "year_quarter": 20061,
            "year": 2006,
            "quarter": 1,
            "eps": null,
            "eps_growth_year": null,
            "eps_4q": null,
            "eps_4q_growth_year": null,
            "roe": null,
            "roe_4q": 0,
            "gross_profit": null,
            "gross_margin": null,
            "gross_margin_4q_avg": 0,
            "net_income": null,
            "net_income_4q": null,
            "revenue": null,
            "revenue_4q": null,
            "common_shares": null,
            "book_valuer_per_share": null,
            "book_valuer_per_share_4q_avg": 3.32,
            "equity": null,
            "current_ratio": null,
            "debt_ratio": null,
            "inventory_turnover_ratio": null,
            "account_receivable_turnover_ratio": null,
            "reinvestment_rate": null,
            "research_to_sale_ratio": null,
            "price_fair": 0,
            "eps_avg_yearly": 0,
            "eps_latest_yearly": 0,
            "eps_growth_yearly": 0
        },
        "20062": {
            "year_quarter": 20062,
            "year": 2006,
            "quarter": 2,
            "eps": null,
            "eps_growth_year": null,
            "eps_4q": null,
            "eps_4q_growth_year": null,
            "roe": null,
            "roe_4q": 0,
            "gross_profit": null,
            "gross_margin": null,
            "gross_margin_4q_avg": 0,
            "net_income": null,
            "net_income_4q": null,
            "revenue": null,
            "revenue_4q": null,
            "common_shares": null,
            "book_valuer_per_share": null,
            "book_valuer_per_share_4q_avg": 3.32,
            "equity": null,
            "current_ratio": null,
            "debt_ratio": null,
            "inventory_turnover_ratio": null,
            "account_receivable_turnover_ratio": null,
            "reinvestment_rate": null,
            "research_to_sale_ratio": null,
            "price_fair": 0,
            "eps_avg_yearly": 0,
            "eps_latest_yearly": 0,
            "eps_growth_yearly": 0
        },
        "20063": {
            "year_quarter": 20063,
            "year": 2006,
            "quarter": 3,
            "eps": null,
            "eps_growth_year": null,
            "eps_4q": null,
            "eps_4q_growth_year": null,
            "roe": null,
            "roe_4q": 0,
            "gross_profit": null,
            "gross_margin": null,
            "gross_margin_4q_avg": 0,
            "net_income": null,
            "net_income_4q": null,
            "revenue": null,
            "revenue_4q": null,
            "common_shares": null,
            "book_valuer_per_share": null,
            "book_valuer_per_share_4q_avg": 3.32,
            "equity": null,
            "current_ratio": null,
            "debt_ratio": null,
            "inventory_turnover_ratio": null,
            "account_receivable_turnover_ratio": null,
            "reinvestment_rate": null,
            "research_to_sale_ratio": null,
            "price_fair": 0,
            "eps_avg_yearly": 0,
            "eps_latest_yearly": 0,
            "eps_growth_yearly": 0
        },
        "20064": {
            "year_quarter": 20064,
            "year": 2006,
            "quarter": 4,
            "eps": null,
            "eps_growth_year": null,
            "eps_4q": null,
            "eps_4q_growth_year": null,
            "roe": null,
            "roe_4q": 0,
            "gross_profit": null,
            "gross_margin": null,
            "gross_margin_4q_avg": 0,
            "net_income": null,
            "net_income_4q": null,
            "revenue": null,
            "revenue_4q": null,
            "common_shares": 301122,
            "book_valuer_per_share": 13.86,
            "book_valuer_per_share_4q_avg": 3.47,
            "equity": 417452,
            "current_ratio": 259.63,
            "debt_ratio": 28.14,
            "inventory_turnover_ratio": null,
            "account_receivable_turnover_ratio": null,
            "reinvestment_rate": null,
            "research_to_sale_ratio": null,
            "price_fair": 0,
            "eps_avg_yearly": 0,
            "eps_latest_yearly": 0,
            "eps_growth_yearly": 0
        },
        "20071": {
            "year_quarter": 20071,
            "year": 2007,
            "quarter": 1,
            "eps": 0.47,
            "eps_growth_year": null,
            "eps_4q": null,
            "eps_4q_growth_year": null,
            "roe": 3.34,
            "roe_4q": 3.34,
            "gross_profit": 21391,
            "gross_margin": 15.29,
            "gross_margin_4q_avg": 3.82,
            "net_income": 14195,
            "net_income_4q": null,
            "revenue": 139915,
            "revenue_4q": null,
            "common_shares": 301122,
            "book_valuer_per_share": 14.33,
            "book_valuer_per_share_4q_avg": 7.05,
            "equity": 431647,
            "current_ratio": 195.44,
            "debt_ratio": 30.24,
            "inventory_turnover_ratio": 1.59,
            "account_receivable_turnover_ratio": null,
            "reinvestment_rate": null,
            "research_to_sale_ratio": null,
            "price_fair": 0,
            "eps_avg_yearly": 0,
            "eps_latest_yearly": 0,
            "eps_growth_yearly": 0
        },
        "20072": {
            "year_quarter": 20072,
            "year": 2007,
            "quarter": 2,
            "eps": 0.58,
            "eps_growth_year": null,
            "eps_4q": null,
            "eps_4q_growth_year": null,
            "roe": 4.11,
            "roe_4q": 7.45,
            "gross_profit": 26019,
            "gross_margin": 18.96,
            "gross_margin_4q_avg": 8.56,
            "net_income": 17455,
            "net_income_4q": null,
            "revenue": 137215,
            "revenue_4q": null,
            "common_shares": 301122,
            "book_valuer_per_share": 13.84,
            "book_valuer_per_share_4q_avg": 10.51,
            "equity": 416822,
            "current_ratio": 172.6,
            "debt_ratio": 33.84,
            "inventory_turnover_ratio": 2.14,
            "account_receivable_turnover_ratio": null,
            "reinvestment_rate": null,
            "research_to_sale_ratio": null,
            "price_fair": 81.2,
            "eps_avg_yearly": 2.32,
            "eps_latest_yearly": 2.32,
            "eps_growth_yearly": 93.62
        },
        "20073": {
            "year_quarter": 20073,
            "year": 2007,
            "quarter": 3,
            "eps": 0.45,
            "eps_growth_year": null,
            "eps_4q": null,
            "eps_4q_growth_year": null,
            "roe": 3.22,
            "roe_4q": 10.67,
            "gross_profit": 33020,
            "gross_margin": 17.6,
            "gross_margin_4q_avg": 12.96,
            "net_income": 13643,
            "net_income_4q": null,
            "revenue": 187599,
            "revenue_4q": null,
            "common_shares": 301122,
            "book_valuer_per_share": 14.31,
            "book_valuer_per_share_4q_avg": 14.09,
            "equity": 430969,
            "current_ratio": 168.48,
            "debt_ratio": 35.43,
            "inventory_turnover_ratio": 3.14,
            "account_receivable_turnover_ratio": null,
            "reinvestment_rate": null,
            "research_to_sale_ratio": null,
            "price_fair": 24.68,
            "eps_avg_yearly": 2.06,
            "eps_latest_yearly": 1.8,
            "eps_growth_yearly": 1.98
        },
        "20074": {
            "year_quarter": 20074,
            "year": 2007,
            "quarter": 4,
            "eps": 0.18,
            "eps_growth_year": null,
            "eps_4q": 1.72,
            "eps_4q_growth_year": null,
            "roe": 1.22,
            "roe_4q": 11.89,
            "gross_profit": 31609,
            "gross_margin": 18.55,
            "gross_margin_4q_avg": 17.6,
            "net_income": 5310,
            "net_income_4q": null,
            "revenue": 170414,
            "revenue_4q": null,
            "common_shares": 301122,
            "book_valuer_per_share": 14.53,
            "book_valuer_per_share_4q_avg": 14.25,
            "equity": 437525,
            "current_ratio": 211.14,
            "debt_ratio": 37.17,
            "inventory_turnover_ratio": 1.52,
            "account_receivable_turnover_ratio": null,
            "reinvestment_rate": null,
            "research_to_sale_ratio": null,
            "price_fair": 4.84,
            "eps_avg_yearly": 1.61,
            "eps_latest_yearly": 0.72,
            "eps_growth_yearly": -78.68
        },
        "20081": {
            "year_quarter": 20081,
            "year": 2008,
            "quarter": 1,
            "eps": -0.31,
            "eps_growth_year": -165.96,
            "eps_4q": 0.86,
            "eps_4q_growth_year": null,
            "roe": -2.08,
            "roe_4q": 6.470000000000001,
            "gross_profit": 21580,
            "gross_margin": 14.35,
            "gross_margin_4q_avg": 17.37,
            "net_income": -9766,
            "net_income_4q": null,
            "revenue": 150374,
            "revenue_4q": null,
            "common_shares": 301122,
            "book_valuer_per_share": 13.95,
            "book_valuer_per_share_4q_avg": 14.16,
            "equity": 502631,
            "current_ratio": 224.55,
            "debt_ratio": 35.12,
            "inventory_turnover_ratio": 0.92,
            "account_receivable_turnover_ratio": null,
            "reinvestment_rate": null,
            "research_to_sale_ratio": null,
            "price_fair": 4.84,
            "eps_avg_yearly": 1.61,
            "eps_latest_yearly": 0.72,
            "eps_growth_yearly": -78.68
        },
        "20082": {
            "year_quarter": 20082,
            "year": 2008,
            "quarter": 2,
            "eps": -0.33,
            "eps_growth_year": -156.9,
            "eps_4q": -0.01,
            "eps_4q_growth_year": null,
            "roe": -2.03,
            "roe_4q": 0.3300000000000005,
            "gross_profit": 32178,
            "gross_margin": 17.43,
            "gross_margin_4q_avg": 16.98,
            "net_income": -10228,
            "net_income_4q": null,
            "revenue": 184612,
            "revenue_4q": null,
            "common_shares": 341122,
            "book_valuer_per_share": 12.41,
            "book_valuer_per_share_4q_avg": 13.8,
            "equity": 507217,
            "current_ratio": 213.47,
            "debt_ratio": 38.19,
            "inventory_turnover_ratio": 1.07,
            "account_receivable_turnover_ratio": null,
            "reinvestment_rate": null,
            "research_to_sale_ratio": null,
            "price_fair": 4.84,
            "eps_avg_yearly": 1.61,
            "eps_latest_yearly": 0.72,
            "eps_growth_yearly": -78.68
        },
        "20083": {
            "year_quarter": 20083,
            "year": 2008,
            "quarter": 3,
            "eps": -0.03,
            "eps_growth_year": -106.67,
            "eps_4q": -0.44,
            "eps_4q_growth_year": null,
            "roe": -1.14,
            "roe_4q": -4.03,
            "gross_profit": 23267,
            "gross_margin": 10.59,
            "gross_margin_4q_avg": 15.23,
            "net_income": -5721,
            "net_income_4q": null,
            "revenue": 219758,
            "revenue_4q": null,
            "common_shares": 341122,
            "book_valuer_per_share": 11.99,
            "book_valuer_per_share_4q_avg": 13.22,
            "equity": 493526,
            "current_ratio": 221.16,
            "debt_ratio": 35.61,
            "inventory_turnover_ratio": 1.22,
            "account_receivable_turnover_ratio": null,
            "reinvestment_rate": null,
            "research_to_sale_ratio": null,
            "price_fair": 4.84,
            "eps_avg_yearly": 1.61,
            "eps_latest_yearly": 0.72,
            "eps_growth_yearly": -78.68
        },
        "20084": {
            "year_quarter": 20084,
            "year": 2008,
            "quarter": 4,
            "eps": -1.45,
            "eps_growth_year": -905.56,
            "eps_4q": -1.93,
            "eps_4q_growth_year": -212.37,
            "roe": -10.79,
            "roe_4q": -16.04,
            "gross_profit": -28362,
            "gross_margin": -20.45,
            "gross_margin_4q_avg": 5.48,
            "net_income": -45316,
            "net_income_4q": null,
            "revenue": 138695,
            "revenue_4q": null,
            "common_shares": 341122,
            "book_valuer_per_share": 10.16,
            "book_valuer_per_share_4q_avg": 12.13,
            "equity": 346523,
            "current_ratio": 154,
            "debt_ratio": 48.93,
            "inventory_turnover_ratio": 1.13,
            "account_receivable_turnover_ratio": 1.39,
            "reinvestment_rate": null,
            "research_to_sale_ratio": null,
            "price_fair": 4.84,
            "eps_avg_yearly": 1.61,
            "eps_latest_yearly": 0.72,
            "eps_growth_yearly": -78.68
        },
        "20091": {
            "year_quarter": 20091,
            "year": 2009,
            "quarter": 1,
            "eps": -0.37,
            "eps_growth_year": null,
            "eps_4q": -1.98,
            "eps_4q_growth_year": -330.85,
            "roe": -3.33,
            "roe_4q": -17.29,
            "gross_profit": 3237,
            "gross_margin": 3.85,
            "gross_margin_4q_avg": 2.86,
            "net_income": -11425,
            "net_income_4q": null,
            "revenue": 84177,
            "revenue_4q": null,
            "common_shares": 341122,
            "book_valuer_per_share": 9.95,
            "book_valuer_per_share_4q_avg": 11.13,
            "equity": 339501,
            "current_ratio": 180.5,
            "debt_ratio": 39.15,
            "inventory_turnover_ratio": 0.71,
            "account_receivable_turnover_ratio": 0.53,
            "reinvestment_rate": null,
            "research_to_sale_ratio": null,
            "price_fair": 4.84,
            "eps_avg_yearly": 1.61,
            "eps_latest_yearly": 0.72,
            "eps_growth_yearly": -78.68
        },
        "20092": {
            "year_quarter": 20092,
            "year": 2009,
            "quarter": 2,
            "eps": -0.57,
            "eps_growth_year": null,
            "eps_4q": -2.21,
            "eps_4q_growth_year": null,
            "roe": -5.43,
            "roe_4q": -20.689999999999998,
            "gross_profit": 8386,
            "gross_margin": 6.91,
            "gross_margin_4q_avg": 0.23,
            "net_income": -17836,
            "net_income_4q": null,
            "revenue": 121385,
            "revenue_4q": null,
            "common_shares": 341122,
            "book_valuer_per_share": 9.31,
            "book_valuer_per_share_4q_avg": 10.35,
            "equity": 317422,
            "current_ratio": 168.21,
            "debt_ratio": 42.62,
            "inventory_turnover_ratio": 1.12,
            "account_receivable_turnover_ratio": 0.86,
            "reinvestment_rate": null,
            "research_to_sale_ratio": null,
            "price_fair": 4.84,
            "eps_avg_yearly": 1.61,
            "eps_latest_yearly": 0.72,
            "eps_growth_yearly": -78.68
        },
        "20093": {
            "year_quarter": 20093,
            "year": 2009,
            "quarter": 3,
            "eps": -0.03,
            "eps_growth_year": null,
            "eps_4q": -2.22,
            "eps_4q_growth_year": null,
            "roe": -0.32,
            "roe_4q": -19.869999999999997,
            "gross_profit": 31388,
            "gross_margin": 17.32,
            "gross_margin_4q_avg": 1.91,
            "net_income": -1008,
            "net_income_4q": null,
            "revenue": 181271,
            "revenue_4q": null,
            "common_shares": 341122,
            "book_valuer_per_share": 9.19,
            "book_valuer_per_share_4q_avg": 9.65,
            "equity": 313362,
            "current_ratio": 150.6,
            "debt_ratio": 49.62,
            "inventory_turnover_ratio": 1.73,
            "account_receivable_turnover_ratio": 1.02,
            "reinvestment_rate": null,
            "research_to_sale_ratio": null,
            "price_fair": 4.84,
            "eps_avg_yearly": 1.61,
            "eps_latest_yearly": 0.72,
            "eps_growth_yearly": -78.68
        },
        "20094": {
            "year_quarter": 20094,
            "year": 2009,
            "quarter": 4,
            "eps": -0.27,
            "eps_growth_year": null,
            "eps_4q": -1.24,
            "eps_4q_growth_year": null,
            "roe": -2.67,
            "roe_4q": -11.75,
            "gross_profit": 15323,
            "gross_margin": 9.37,
            "gross_margin_4q_avg": 9.36,
            "net_income": -8246,
            "net_income_4q": null,
            "revenue": 163478,
            "revenue_4q": null,
            "common_shares": 341122,
            "book_valuer_per_share": 8.95,
            "book_valuer_per_share_4q_avg": 9.35,
            "equity": 305426,
            "current_ratio": 157.16,
            "debt_ratio": 49.9,
            "inventory_turnover_ratio": 1.96,
            "account_receivable_turnover_ratio": 1.51,
            "reinvestment_rate": null,
            "research_to_sale_ratio": null,
            "price_fair": 4.84,
            "eps_avg_yearly": 1.61,
            "eps_latest_yearly": 0.72,
            "eps_growth_yearly": -78.68
        },
        "20101": {
            "year_quarter": 20101,
            "year": 2010,
            "quarter": 1,
            "eps": 0.17,
            "eps_growth_year": null,
            "eps_4q": -0.7,
            "eps_4q_growth_year": null,
            "roe": 1.69,
            "roe_4q": -6.7299999999999995,
            "gross_profit": 35587,
            "gross_margin": 24.07,
            "gross_margin_4q_avg": 14.42,
            "net_income": 5202,
            "net_income_4q": null,
            "revenue": 147849,
            "revenue_4q": null,
            "common_shares": 341122,
            "book_valuer_per_share": 9.08,
            "book_valuer_per_share_4q_avg": 9.13,
            "equity": 309899,
            "current_ratio": 160.77,
            "debt_ratio": 48.87,
            "inventory_turnover_ratio": 1.54,
            "account_receivable_turnover_ratio": 0.77,
            "reinvestment_rate": null,
            "research_to_sale_ratio": 4.34,
            "price_fair": 4.84,
            "eps_avg_yearly": 1.61,
            "eps_latest_yearly": 0.72,
            "eps_growth_yearly": -78.68
        },
        "20102": {
            "year_quarter": 20102,
            "year": 2010,
            "quarter": 2,
            "eps": 0,
            "eps_growth_year": null,
            "eps_4q": -0.13,
            "eps_4q_growth_year": null,
            "roe": 0.04,
            "roe_4q": -1.26,
            "gross_profit": 33937,
            "gross_margin": 20.64,
            "gross_margin_4q_avg": 17.85,
            "net_income": 115,
            "net_income_4q": null,
            "revenue": 164405,
            "revenue_4q": null,
            "common_shares": 341122,
            "book_valuer_per_share": 9.98,
            "book_valuer_per_share_4q_avg": 9.3,
            "equity": 310442,
            "current_ratio": 142.97,
            "debt_ratio": 52.58,
            "inventory_turnover_ratio": 1.74,
            "account_receivable_turnover_ratio": 0.9,
            "reinvestment_rate": null,
            "research_to_sale_ratio": 4.27,
            "price_fair": 4.84,
            "eps_avg_yearly": 1.61,
            "eps_latest_yearly": 0.72,
            "eps_growth_yearly": -78.68
        },
        "20103": {
            "year_quarter": 20103,
            "year": 2010,
            "quarter": 3,
            "eps": -0.37,
            "eps_growth_year": null,
            "eps_4q": -0.46,
            "eps_4q_growth_year": null,
            "roe": -3.42,
            "roe_4q": -4.359999999999999,
            "gross_profit": 22340,
            "gross_margin": 13.77,
            "gross_margin_4q_avg": 16.96,
            "net_income": -12634,
            "net_income_4q": null,
            "revenue": 162215,
            "revenue_4q": null,
            "common_shares": 367122,
            "book_valuer_per_share": 11.69,
            "book_valuer_per_share_4q_avg": 9.93,
            "equity": 428976,
            "current_ratio": 114.44,
            "debt_ratio": 58.31,
            "inventory_turnover_ratio": 1.43,
            "account_receivable_turnover_ratio": 0.71,
            "reinvestment_rate": null,
            "research_to_sale_ratio": 6.91,
            "price_fair": 4.84,
            "eps_avg_yearly": 1.61,
            "eps_latest_yearly": 0.72,
            "eps_growth_yearly": -78.68
        },
        "20104": {
            "year_quarter": 20104,
            "year": 2010,
            "quarter": 4,
            "eps": -2.67,
            "eps_growth_year": null,
            "eps_4q": -2.87,
            "eps_4q_growth_year": null,
            "roe": -24.64,
            "roe_4q": -26.330000000000002,
            "gross_profit": 5145,
            "gross_margin": 2.59,
            "gross_margin_4q_avg": 15.27,
            "net_income": -101114,
            "net_income_4q": null,
            "revenue": 198386,
            "revenue_4q": null,
            "common_shares": 397122,
            "book_valuer_per_share": 9.8,
            "book_valuer_per_share_4q_avg": 10.14,
            "equity": 391704,
            "current_ratio": 108.07,
            "debt_ratio": 60.18,
            "inventory_turnover_ratio": 1.75,
            "account_receivable_turnover_ratio": 0.79,
            "reinvestment_rate": null,
            "research_to_sale_ratio": 5.09,
            "price_fair": 4.84,
            "eps_avg_yearly": 1.61,
            "eps_latest_yearly": 0.72,
            "eps_growth_yearly": -78.68
        },
        "20111": {
            "year_quarter": 20111,
            "year": 2011,
            "quarter": 1,
            "eps": -0.79,
            "eps_growth_year": -564.71,
            "eps_4q": -3.79,
            "eps_4q_growth_year": null,
            "roe": -7.26,
            "roe_4q": -35.28,
            "gross_profit": 14454,
            "gross_margin": 8.93,
            "gross_margin_4q_avg": 11.48,
            "net_income": -27512,
            "net_income_4q": null,
            "revenue": 161816,
            "revenue_4q": null,
            "common_shares": 397122,
            "book_valuer_per_share": 9.07,
            "book_valuer_per_share_4q_avg": 10.14,
            "equity": 366302,
            "current_ratio": 102.84,
            "debt_ratio": 63.95,
            "inventory_turnover_ratio": 1.42,
            "account_receivable_turnover_ratio": 0.62,
            "reinvestment_rate": null,
            "research_to_sale_ratio": 4.14,
            "price_fair": 4.84,
            "eps_avg_yearly": 1.61,
            "eps_latest_yearly": 0.72,
            "eps_growth_yearly": -78.68
        },
        "20112": {
            "year_quarter": 20112,
            "year": 2011,
            "quarter": 2,
            "eps": -1.99,
            "eps_growth_year": -53923.35,
            "eps_4q": -5.79,
            "eps_4q_growth_year": null,
            "roe": -21.56,
            "roe_4q": -56.88,
            "gross_profit": 27977,
            "gross_margin": 13.91,
            "gross_margin_4q_avg": 9.8,
            "net_income": -71469,
            "net_income_4q": null,
            "revenue": 201139,
            "revenue_4q": null,
            "common_shares": 397122,
            "book_valuer_per_share": 7.02,
            "book_valuer_per_share_4q_avg": 9.4,
            "equity": 296702,
            "current_ratio": 97.28,
            "debt_ratio": 67.47,
            "inventory_turnover_ratio": 1.73,
            "account_receivable_turnover_ratio": 0.76,
            "reinvestment_rate": null,
            "research_to_sale_ratio": 2.58,
            "price_fair": 3.78,
            "eps_avg_yearly": 1.26,
            "eps_latest_yearly": 0.72,
            "eps_growth_yearly": -164.83
        },
        "20113": {
            "year_quarter": 20113,
            "year": 2011,
            "quarter": 3,
            "eps": -0.39,
            "eps_growth_year": null,
            "eps_4q": -4.67,
            "eps_4q_growth_year": null,
            "roe": -2.79,
            "roe_4q": -56.25,
            "gross_profit": 27255,
            "gross_margin": 12.19,
            "gross_margin_4q_avg": 9.41,
            "net_income": -9580,
            "net_income_4q": null,
            "revenue": 223525,
            "revenue_4q": null,
            "common_shares": 497122,
            "book_valuer_per_share": 6.73,
            "book_valuer_per_share_4q_avg": 8.16,
            "equity": 389745,
            "current_ratio": 115.06,
            "debt_ratio": 59.89,
            "inventory_turnover_ratio": 2.18,
            "account_receivable_turnover_ratio": 0.85,
            "reinvestment_rate": null,
            "research_to_sale_ratio": 1.7,
            "price_fair": 2.16,
            "eps_avg_yearly": 0.72,
            "eps_latest_yearly": 0.72,
            "eps_growth_yearly": -240
        },
        "20114": {
            "year_quarter": 20114,
            "year": 2011,
            "quarter": 4,
            "eps": -0.82,
            "eps_growth_year": null,
            "eps_4q": -2.62,
            "eps_4q_growth_year": null,
            "roe": -12.72,
            "roe_4q": -44.33,
            "gross_profit": 6028,
            "gross_margin": 5.68,
            "gross_margin_4q_avg": 10.18,
            "net_income": -54032,
            "net_income_4q": null,
            "revenue": 106155,
            "revenue_4q": null,
            "common_shares": 667122,
            "book_valuer_per_share": 5.75,
            "book_valuer_per_share_4q_avg": 7.14,
            "equity": 459566,
            "current_ratio": 97.55,
            "debt_ratio": 55.59,
            "inventory_turnover_ratio": 1.18,
            "account_receivable_turnover_ratio": 0.4,
            "reinvestment_rate": null,
            "research_to_sale_ratio": 4.11,
            "price_fair": 0,
            "eps_avg_yearly": 0,
            "eps_latest_yearly": 0,
            "eps_growth_yearly": 0
        },
        "20121": {
            "year_quarter": 20121,
            "year": 2012,
            "quarter": 1,
            "eps": 0.09,
            "eps_growth_year": null,
            "eps_4q": -2.15,
            "eps_4q_growth_year": null,
            "roe": 1.44,
            "roe_4q": -35.629999999999995,
            "gross_profit": 32512,
            "gross_margin": 22.05,
            "gross_margin_4q_avg": 13.46,
            "net_income": 6060,
            "net_income_4q": null,
            "revenue": 147439,
            "revenue_4q": null,
            "common_shares": 667122,
            "book_valuer_per_share": 5.77,
            "book_valuer_per_share_4q_avg": 6.32,
            "equity": 384967,
            "current_ratio": 89.45,
            "debt_ratio": 43.47,
            "inventory_turnover_ratio": 1.59,
            "account_receivable_turnover_ratio": 0.81,
            "reinvestment_rate": null,
            "research_to_sale_ratio": 1.71,
            "price_fair": 0,
            "eps_avg_yearly": 0,
            "eps_latest_yearly": 0,
            "eps_growth_yearly": 0
        },
        "20122": {
            "year_quarter": 20122,
            "year": 2012,
            "quarter": 2,
            "eps": 0.06,
            "eps_growth_year": null,
            "eps_4q": -1,
            "eps_4q_growth_year": null,
            "roe": 1,
            "roe_4q": -13.07,
            "gross_profit": 18793,
            "gross_margin": 17.77,
            "gross_margin_4q_avg": 14.42,
            "net_income": 3869,
            "net_income_4q": null,
            "revenue": 105777,
            "revenue_4q": null,
            "common_shares": 667122,
            "book_valuer_per_share": 5.87,
            "book_valuer_per_share_4q_avg": 6.03,
            "equity": 391418,
            "current_ratio": 110.27,
            "debt_ratio": 44.41,
            "inventory_turnover_ratio": 1.28,
            "account_receivable_turnover_ratio": 0.87,
            "reinvestment_rate": null,
            "research_to_sale_ratio": 1.27,
            "price_fair": 0.72,
            "eps_avg_yearly": 0.24,
            "eps_latest_yearly": 0.24,
            "eps_growth_yearly": -133.33
        },
        "20123": {
            "year_quarter": 20123,
            "year": 2012,
            "quarter": 3,
            "eps": 0.1,
            "eps_growth_year": null,
            "eps_4q": -0.53,
            "eps_4q_growth_year": null,
            "roe": 1.23,
            "roe_4q": -9.05,
            "gross_profit": 18717,
            "gross_margin": 18.68,
            "gross_margin_4q_avg": 16.05,
            "net_income": 7370,
            "net_income_4q": null,
            "revenue": 100221,
            "revenue_4q": null,
            "common_shares": 366917,
            "book_valuer_per_share": 10.47,
            "book_valuer_per_share_4q_avg": 6.97,
            "equity": 803243,
            "current_ratio": 282.2,
            "debt_ratio": 23.35,
            "inventory_turnover_ratio": 1.23,
            "account_receivable_turnover_ratio": 0.77,
            "reinvestment_rate": null,
            "research_to_sale_ratio": 1.25,
            "price_fair": 11.2,
            "eps_avg_yearly": 0.32,
            "eps_latest_yearly": 0.4,
            "eps_growth_yearly": 66.67
        },
        "20124": {
            "year_quarter": 20124,
            "year": 2012,
            "quarter": 4,
            "eps": 0.14,
            "eps_growth_year": null,
            "eps_4q": 0.31,
            "eps_4q_growth_year": null,
            "roe": 1.29,
            "roe_4q": 4.96,
            "gross_profit": 16109,
            "gross_margin": 17.18,
            "gross_margin_4q_avg": 18.92,
            "net_income": 10438,
            "net_income_4q": null,
            "revenue": 93781,
            "revenue_4q": null,
            "common_shares": 766917,
            "book_valuer_per_share": 10.6,
            "book_valuer_per_share_4q_avg": 8.18,
            "equity": 813112,
            "current_ratio": 193.43,
            "debt_ratio": 43.69,
            "inventory_turnover_ratio": 0.15,
            "account_receivable_turnover_ratio": 0.76,
            "reinvestment_rate": null,
            "research_to_sale_ratio": 1.09,
            "price_fair": 14,
            "eps_avg_yearly": 0.4,
            "eps_latest_yearly": 0.56,
            "eps_growth_yearly": 97.78
        },
        "20131": {
            "year_quarter": 20131,
            "year": 2013,
            "quarter": 1,
            "eps": 0.06,
            "eps_growth_year": -33.33,
            "eps_4q": 0.35,
            "eps_4q_growth_year": null,
            "roe": 0.61,
            "roe_4q": 4.13,
            "gross_profit": 19878,
            "gross_margin": 21.18,
            "gross_margin_4q_avg": 18.7,
            "net_income": 4962,
            "net_income_4q": null,
            "revenue": 93832,
            "revenue_4q": null,
            "common_shares": 766917,
            "book_valuer_per_share": 10.64,
            "book_valuer_per_share_4q_avg": 9.4,
            "equity": 815916,
            "current_ratio": 173.82,
            "debt_ratio": 49.51,
            "inventory_turnover_ratio": 0.07,
            "account_receivable_turnover_ratio": 0.8,
            "reinvestment_rate": null,
            "research_to_sale_ratio": 0.79,
            "price_fair": 9.43,
            "eps_avg_yearly": 0.36,
            "eps_latest_yearly": 0.24,
            "eps_growth_yearly": 16.19
        },
        "20132": {
            "year_quarter": 20132,
            "year": 2013,
            "quarter": 2,
            "eps": 0.06,
            "eps_growth_year": 3.46,
            "eps_4q": 0.35,
            "eps_4q_growth_year": null,
            "roe": 0.55,
            "roe_4q": 3.68,
            "gross_profit": 25561,
            "gross_margin": 23.65,
            "gross_margin_4q_avg": 20.17,
            "net_income": 4449,
            "net_income_4q": null,
            "revenue": 108074,
            "revenue_4q": null,
            "common_shares": 766917,
            "book_valuer_per_share": 10.51,
            "book_valuer_per_share_4q_avg": 10.56,
            "equity": 805828,
            "current_ratio": 165.85,
            "debt_ratio": 52.15,
            "inventory_turnover_ratio": 0.07,
            "account_receivable_turnover_ratio": 0.88,
            "reinvestment_rate": null,
            "research_to_sale_ratio": 0.89,
            "price_fair": 7.71,
            "eps_avg_yearly": 0.34,
            "eps_latest_yearly": 0.24,
            "eps_growth_yearly": 12.95
        },
        "20133": {
            "year_quarter": 20133,
            "year": 2013,
            "quarter": 3,
            "eps": -0.03,
            "eps_growth_year": -131.4,
            "eps_4q": 0.16,
            "eps_4q_growth_year": null,
            "roe": -0.2,
            "roe_4q": 2.25,
            "gross_profit": 23132,
            "gross_margin": 23.55,
            "gross_margin_4q_avg": 21.39,
            "net_income": -2219,
            "net_income_4q": null,
            "revenue": 98225,
            "revenue_4q": null,
            "common_shares": 1116917,
            "book_valuer_per_share": 12.77,
            "book_valuer_per_share_4q_avg": 11.13,
            "equity": 1426409,
            "current_ratio": 272.09,
            "debt_ratio": 33,
            "inventory_turnover_ratio": 0.06,
            "account_receivable_turnover_ratio": 0.77,
            "reinvestment_rate": null,
            "research_to_sale_ratio": 1.1,
            "price_fair": 7.71,
            "eps_avg_yearly": 0.34,
            "eps_latest_yearly": 0.24,
            "eps_growth_yearly": 12.95
        },
        "20134": {
            "year_quarter": 20134,
            "year": 2013,
            "quarter": 4,
            "eps": 0.06,
            "eps_growth_year": -53.05,
            "eps_4q": 0.13,
            "eps_4q_growth_year": -58.7,
            "roe": 0.5,
            "roe_4q": 1.46,
            "gross_profit": 20388,
            "gross_margin": 20.2,
            "gross_margin_4q_avg": 22.15,
            "net_income": 7137,
            "net_income_4q": null,
            "revenue": 100917,
            "revenue_4q": null,
            "common_shares": 1116917,
            "book_valuer_per_share": 12.83,
            "book_valuer_per_share_4q_avg": 11.69,
            "equity": 1433286,
            "current_ratio": 182.12,
            "debt_ratio": 50.7,
            "inventory_turnover_ratio": 0.04,
            "account_receivable_turnover_ratio": 0.82,
            "reinvestment_rate": null,
            "research_to_sale_ratio": 0.77,
            "price_fair": 7.71,
            "eps_avg_yearly": 0.34,
            "eps_latest_yearly": 0.24,
            "eps_growth_yearly": 12.95
        },
        "20141": {
            "year_quarter": 20141,
            "year": 2014,
            "quarter": 1,
            "eps": 0.03,
            "eps_growth_year": -50,
            "eps_4q": 0.11,
            "eps_4q_growth_year": -68.19,
            "roe": 0.21,
            "roe_4q": 1.06,
            "gross_profit": 26877,
            "gross_margin": 26.7,
            "gross_margin_4q_avg": 23.53,
            "net_income": 2975,
            "net_income_4q": null,
            "revenue": 100653,
            "revenue_4q": null,
            "common_shares": 1116917,
            "book_valuer_per_share": 12.86,
            "book_valuer_per_share_4q_avg": 12.24,
            "equity": 1436379,
            "current_ratio": 177.21,
            "debt_ratio": 52.37,
            "inventory_turnover_ratio": 0.03,
            "account_receivable_turnover_ratio": 0.85,
            "reinvestment_rate": null,
            "research_to_sale_ratio": 0.86,
            "price_fair": 0.9,
            "eps_avg_yearly": 0.3,
            "eps_latest_yearly": 0.12,
            "eps_growth_yearly": -22.54
        },
        "20142": {
            "year_quarter": 20142,
            "year": 2014,
            "quarter": 2,
            "eps": -0.05,
            "eps_growth_year": -183.33,
            "eps_4q": 0.02,
            "eps_4q_growth_year": -95.54,
            "roe": -0.43,
            "roe_4q": 0.08000000000000002,
            "gross_profit": 22516,
            "gross_margin": 21.77,
            "gross_margin_4q_avg": 23.06,
            "net_income": -6124,
            "net_income_4q": null,
            "revenue": 103428,
            "revenue_4q": null,
            "common_shares": 1116917,
            "book_valuer_per_share": 12.6,
            "book_valuer_per_share_4q_avg": 12.77,
            "equity": 1407796,
            "current_ratio": 156.49,
            "debt_ratio": 60.05,
            "inventory_turnover_ratio": 0.03,
            "account_receivable_turnover_ratio": 0.85,
            "reinvestment_rate": null,
            "research_to_sale_ratio": 1.08,
            "price_fair": 0.9,
            "eps_avg_yearly": 0.3,
            "eps_latest_yearly": 0.12,
            "eps_growth_yearly": -22.54
        },
        "20143": {
            "year_quarter": 20143,
            "year": 2014,
            "quarter": 3,
            "eps": 0.09,
            "eps_growth_year": null,
            "eps_4q": 0.12,
            "eps_4q_growth_year": -23.07,
            "roe": 0.68,
            "roe_4q": 0.9600000000000001,
            "gross_profit": 30189,
            "gross_margin": 26.88,
            "gross_margin_4q_avg": 23.89,
            "net_income": 9565,
            "net_income_4q": null,
            "revenue": 112302,
            "revenue_4q": null,
            "common_shares": 1116917,
            "book_valuer_per_share": 12.69,
            "book_valuer_per_share_4q_avg": 12.75,
            "equity": 1416426,
            "current_ratio": 157.36,
            "debt_ratio": 59.87,
            "inventory_turnover_ratio": 0.03,
            "account_receivable_turnover_ratio": 0.86,
            "reinvestment_rate": null,
            "research_to_sale_ratio": 0.94,
            "price_fair": 0.9,
            "eps_avg_yearly": 0.3,
            "eps_latest_yearly": 0.12,
            "eps_growth_yearly": -22.54
        },
        "20144": {
            "year_quarter": 20144,
            "year": 2014,
            "quarter": 4,
            "eps": 0.11,
            "eps_growth_year": 68.75,
            "eps_4q": 0.17,
            "eps_4q_growth_year": 28.86,
            "roe": 0.85,
            "roe_4q": 1.31,
            "gross_profit": 28935,
            "gross_margin": 24.8,
            "gross_margin_4q_avg": 25.04,
            "net_income": 12035,
            "net_income_4q": null,
            "revenue": 116655,
            "revenue_4q": null,
            "common_shares": 1116917,
            "book_valuer_per_share": 12.81,
            "book_valuer_per_share_4q_avg": 12.74,
            "equity": 1429975,
            "current_ratio": 155.63,
            "debt_ratio": 60.81,
            "inventory_turnover_ratio": 0.03,
            "account_receivable_turnover_ratio": 0.84,
            "reinvestment_rate": null,
            "research_to_sale_ratio": 0.94,
            "price_fair": 0.96,
            "eps_avg_yearly": 0.32,
            "eps_latest_yearly": 0.44,
            "eps_growth_yearly": -6.62
        },
        "20151": {
            "year_quarter": 20151,
            "year": 2015,
            "quarter": 1,
            "eps": 0.1,
            "eps_growth_year": 233.33,
            "eps_4q": 0.24,
            "eps_4q_growth_year": 119.94,
            "roe": 0.81,
            "roe_4q": 1.9100000000000004,
            "gross_profit": 37305,
            "gross_margin": 29.15,
            "gross_margin_4q_avg": 25.65,
            "net_income": 11650,
            "net_income_4q": null,
            "revenue": 127961,
            "revenue_4q": null,
            "common_shares": 1116917,
            "book_valuer_per_share": 12.92,
            "book_valuer_per_share_4q_avg": 12.76,
            "equity": 1441625,
            "current_ratio": 154.2,
            "debt_ratio": 61.54,
            "inventory_turnover_ratio": 0.03,
            "account_receivable_turnover_ratio": 0.85,
            "reinvestment_rate": null,
            "research_to_sale_ratio": 0.84,
            "price_fair": 0.99,
            "eps_avg_yearly": 0.33,
            "eps_latest_yearly": 0.4,
            "eps_growth_yearly": -10.34
        },
        "20152": {
            "year_quarter": 20152,
            "year": 2015,
            "quarter": 2,
            "eps": 0.1,
            "eps_growth_year": null,
            "eps_4q": 0.4,
            "eps_4q_growth_year": 2441.38,
            "roe": 0.82,
            "roe_4q": 3.16,
            "gross_profit": 36569,
            "gross_margin": 28.98,
            "gross_margin_4q_avg": 27.45,
            "net_income": 11674,
            "net_income_4q": null,
            "revenue": 126183,
            "revenue_4q": null,
            "common_shares": 1116917,
            "book_valuer_per_share": 12.72,
            "book_valuer_per_share_4q_avg": 12.79,
            "equity": 1419816,
            "current_ratio": 151,
            "debt_ratio": 62.96,
            "inventory_turnover_ratio": 0.03,
            "account_receivable_turnover_ratio": 0.86,
            "reinvestment_rate": -2545.35,
            "research_to_sale_ratio": 0.75,
            "price_fair": 1.01,
            "eps_avg_yearly": 0.34,
            "eps_latest_yearly": 0.4,
            "eps_growth_yearly": -9.19
        },
        "20153": {
            "year_quarter": 20153,
            "year": 2015,
            "quarter": 3,
            "eps": 0.24,
            "eps_growth_year": 166.67,
            "eps_4q": 0.56,
            "eps_4q_growth_year": 357.46,
            "roe": 1.86,
            "roe_4q": 4.34,
            "gross_profit": 21394,
            "gross_margin": 22.93,
            "gross_margin_4q_avg": 26.47,
            "net_income": 26641,
            "net_income_4q": null,
            "revenue": 93286,
            "revenue_4q": null,
            "common_shares": 1116917,
            "book_valuer_per_share": 12.96,
            "book_valuer_per_share_4q_avg": 12.85,
            "equity": 1446457,
            "current_ratio": 150.97,
            "debt_ratio": 63.38,
            "inventory_turnover_ratio": 0.02,
            "account_receivable_turnover_ratio": 0.69,
            "reinvestment_rate": -330.36,
            "research_to_sale_ratio": 1.26,
            "price_fair": 14,
            "eps_avg_yearly": 0.4,
            "eps_latest_yearly": 0.96,
            "eps_growth_yearly": 47.73
        },
        "20154": {
            "year_quarter": 20154,
            "year": 2015,
            "quarter": 4,
            "eps": 0.55,
            "eps_growth_year": 412.35,
            "eps_4q": 1,
            "eps_4q_growth_year": 504.99,
            "roe": 4.17,
            "roe_4q": 7.66,
            "gross_profit": 117464,
            "gross_margin": 22.43,
            "gross_margin_4q_avg": 25.87,
            "net_income": 61661,
            "net_income_4q": null,
            "revenue": 523745,
            "revenue_4q": null,
            "common_shares": 1116917,
            "book_valuer_per_share": 13.51,
            "book_valuer_per_share_4q_avg": 13.03,
            "equity": 1508191,
            "current_ratio": 156.93,
            "debt_ratio": 61.07,
            "inventory_turnover_ratio": 0.13,
            "account_receivable_turnover_ratio": 3.69,
            "reinvestment_rate": -215.84,
            "research_to_sale_ratio": 0.27,
            "price_fair": 19.73,
            "eps_avg_yearly": 0.56,
            "eps_latest_yearly": 2.2,
            "eps_growth_yearly": 90.36
        },
        "20161": {
            "year_quarter": 20161,
            "year": 2016,
            "quarter": 1,
            "eps": 0.22,
            "eps_growth_year": 120,
            "eps_4q": 1.12,
            "eps_4q_growth_year": 361,
            "roe": 1.65,
            "roe_4q": 8.5,
            "gross_profit": 59678,
            "gross_margin": 24.01,
            "gross_margin_4q_avg": 24.59,
            "net_income": 25074,
            "net_income_4q": null,
            "revenue": 248532,
            "revenue_4q": null,
            "common_shares": 1116917,
            "book_valuer_per_share": 13.74,
            "book_valuer_per_share_4q_avg": 13.23,
            "equity": 1533265,
            "current_ratio": 160.54,
            "debt_ratio": 59.59,
            "inventory_turnover_ratio": 0.06,
            "account_receivable_turnover_ratio": 1.79,
            "reinvestment_rate": -130.87,
            "research_to_sale_ratio": 0.53,
            "price_fair": 20.65,
            "eps_avg_yearly": 0.59,
            "eps_latest_yearly": 0.88,
            "eps_growth_yearly": 62.83
        },
        "20162": {
            "year_quarter": 20162,
            "year": 2016,
            "quarter": 2,
            "eps": 0.07,
            "eps_growth_year": -30,
            "eps_4q": 1.09,
            "eps_4q_growth_year": 169.81,
            "roe": 0.52,
            "roe_4q": 8.2,
            "gross_profit": 39261,
            "gross_margin": 24.77,
            "gross_margin_4q_avg": 23.54,
            "net_income": 7832,
            "net_income_4q": null,
            "revenue": 158516,
            "revenue_4q": null,
            "common_shares": 1116917,
            "book_valuer_per_share": 13.31,
            "book_valuer_per_share_4q_avg": 13.38,
            "equity": 1485291,
            "current_ratio": 183.41,
            "debt_ratio": 62.44,
            "inventory_turnover_ratio": 0.04,
            "account_receivable_turnover_ratio": 1.19,
            "reinvestment_rate": -101.82,
            "research_to_sale_ratio": 0.86,
            "price_fair": 20.77,
            "eps_avg_yearly": 0.59,
            "eps_latest_yearly": 0.28,
            "eps_growth_yearly": 51.21
        },
        "20163": {
            "year_quarter": 20163,
            "year": 2016,
            "quarter": 3,
            "eps": -0.08,
            "eps_growth_year": -133.33,
            "eps_4q": 1.03,
            "eps_4q_growth_year": 84.99,
            "roe": -0.64,
            "roe_4q": 5.699999999999999,
            "gross_profit": 29551,
            "gross_margin": 26.23,
            "gross_margin_4q_avg": 24.36,
            "net_income": -8567,
            "net_income_4q": null,
            "revenue": 112655,
            "revenue_4q": null,
            "common_shares": 837688,
            "book_valuer_per_share": 14.31,
            "book_valuer_per_share_4q_avg": 13.72,
            "equity": 1197495,
            "current_ratio": 159.53,
            "debt_ratio": 70.31,
            "inventory_turnover_ratio": 0.03,
            "account_receivable_turnover_ratio": 0.85,
            "reinvestment_rate": -117.83,
            "research_to_sale_ratio": 1.3,
            "price_fair": 21.38,
            "eps_avg_yearly": 0.61,
            "eps_latest_yearly": 0.28,
            "eps_growth_yearly": 31.63
        },
        "20164": {
            "year_quarter": 20164,
            "year": 2016,
            "quarter": 4,
            "eps": 3.31,
            "eps_growth_year": 499.61,
            "eps_4q": 3.6,
            "eps_4q_growth_year": 260.29,
            "roe": 20.76,
            "roe_4q": 22.29,
            "gross_profit": 48127,
            "gross_margin": 16.87,
            "gross_margin_4q_avg": 22.97,
            "net_income": 277295,
            "net_income_4q": null,
            "revenue": 285289,
            "revenue_4q": null,
            "common_shares": 837688,
            "book_valuer_per_share": 17.6,
            "book_valuer_per_share_4q_avg": 14.74,
            "equity": 1473547,
            "current_ratio": 148.31,
            "debt_ratio": 69.2,
            "inventory_turnover_ratio": 0.08,
            "account_receivable_turnover_ratio": 1.09,
            "reinvestment_rate": 56.79,
            "research_to_sale_ratio": 0.37,
            "price_fair": 17.73,
            "eps_avg_yearly": 0.62,
            "eps_latest_yearly": 0.28,
            "eps_growth_yearly": 18.79
        },
        "20171": {
            "year_quarter": 20171,
            "year": 2017,
            "quarter": 1,
            "eps": -0.11,
            "eps_growth_year": -150,
            "eps_4q": 3.2,
            "eps_4q_growth_year": 185.23,
            "roe": -0.62,
            "roe_4q": 20.02,
            "gross_profit": 66935,
            "gross_margin": 24.4,
            "gross_margin_4q_avg": 23.07,
            "net_income": -9052,
            "net_income_4q": null,
            "revenue": 274301,
            "revenue_4q": null,
            "common_shares": 837688,
            "book_valuer_per_share": 17.18,
            "book_valuer_per_share_4q_avg": 15.6,
            "equity": 1438448,
            "current_ratio": 146.66,
            "debt_ratio": 70.2,
            "inventory_turnover_ratio": 0.06,
            "account_receivable_turnover_ratio": 0.73,
            "reinvestment_rate": 52.99,
            "research_to_sale_ratio": 0.52,
            "price_fair": 23.02,
            "eps_avg_yearly": 0.66,
            "eps_latest_yearly": 0.28,
            "eps_growth_yearly": 46.27
        },
        "20172": {
            "year_quarter": 20172,
            "year": 2017,
            "quarter": 2,
            "eps": -0.11,
            "eps_growth_year": -257.14,
            "eps_4q": 2.99,
            "eps_4q_growth_year": 175.17,
            "roe": -0.67,
            "roe_4q": 18.830000000000002,
            "gross_profit": 56050,
            "gross_margin": 19.91,
            "gross_margin_4q_avg": 21.85,
            "net_income": -9529,
            "net_income_4q": null,
            "revenue": 281477,
            "revenue_4q": null,
            "common_shares": 837688,
            "book_valuer_per_share": 16.66,
            "book_valuer_per_share_4q_avg": 16.44,
            "equity": 1394945,
            "current_ratio": 143.62,
            "debt_ratio": 71.56,
            "inventory_turnover_ratio": 0.07,
            "account_receivable_turnover_ratio": 0.77,
            "reinvestment_rate": 50.83,
            "research_to_sale_ratio": 1.34,
            "price_fair": 24.85,
            "eps_avg_yearly": 0.71,
            "eps_latest_yearly": 0.28,
            "eps_growth_yearly": 52.06
        },
        "20173": {
            "year_quarter": 20173,
            "year": 2017,
            "quarter": 3,
            "eps": 0.04,
            "eps_growth_year": null,
            "eps_4q": 4.17,
            "eps_4q_growth_year": 305.7,
            "roe": 0.23,
            "roe_4q": 19.700000000000003,
            "gross_profit": 53685,
            "gross_margin": 20.7,
            "gross_margin_4q_avg": 20.47,
            "net_income": 2964,
            "net_income_4q": null,
            "revenue": 259406,
            "revenue_4q": null,
            "common_shares": 628266,
            "book_valuer_per_share": 19.03,
            "book_valuer_per_share_4q_avg": 17.62,
            "equity": 1194504,
            "current_ratio": 133.9,
            "debt_ratio": 76.15,
            "inventory_turnover_ratio": 0.06,
            "account_receivable_turnover_ratio": 0.68,
            "reinvestment_rate": 50.1,
            "research_to_sale_ratio": 1.07,
            "price_fair": 24.85,
            "eps_avg_yearly": 0.71,
            "eps_latest_yearly": 0.28,
            "eps_growth_yearly": 52.06
        },
        "20174": {
            "year_quarter": 20174,
            "year": 2017,
            "quarter": 4,
            "eps": 1.38,
            "eps_growth_year": -58.46,
            "eps_4q": 1.13,
            "eps_4q_growth_year": -68.71,
            "roe": 6.98,
            "roe_4q": 5.920000000000001,
            "gross_profit": 162849,
            "gross_margin": 20.99,
            "gross_margin_4q_avg": 21.5,
            "net_income": 86395,
            "net_income_4q": null,
            "revenue": 775765,
            "revenue_4q": null,
            "common_shares": 627816,
            "book_valuer_per_share": 20.39,
            "book_valuer_per_share_4q_avg": 18.32,
            "equity": 1280414,
            "current_ratio": 140.1,
            "debt_ratio": 73.75,
            "inventory_turnover_ratio": 0.19,
            "account_receivable_turnover_ratio": 1.5,
            "reinvestment_rate": 38.13,
            "research_to_sale_ratio": 0.38,
            "price_fair": 43.56,
            "eps_avg_yearly": 1.24,
            "eps_latest_yearly": 5.52,
            "eps_growth_yearly": 1535.16
        },
        "20181": {
            "year_quarter": 20181,
            "year": 2018,
            "quarter": 1,
            "eps": 3.34,
            "eps_growth_year": null,
            "eps_4q": 4.61,
            "eps_4q_growth_year": 44.27,
            "roe": 15.08,
            "roe_4q": 21.62,
            "gross_profit": 310856,
            "gross_margin": 20.93,
            "gross_margin_4q_avg": 20.63,
            "net_income": 209613,
            "net_income_4q": null,
            "revenue": 1485359,
            "revenue_4q": null,
            "common_shares": 627816,
            "book_valuer_per_share": 23.89,
            "book_valuer_per_share_4q_avg": 19.99,
            "equity": 1500045,
            "current_ratio": 172.02,
            "debt_ratio": 62.52,
            "inventory_turnover_ratio": 0.45,
            "account_receivable_turnover_ratio": 2.45,
            "reinvestment_rate": 26.38,
            "research_to_sale_ratio": 0.2,
            "price_fair": 95.04,
            "eps_avg_yearly": 2.72,
            "eps_latest_yearly": 13.36,
            "eps_growth_yearly": 1620.51
        },
        "20182": {
            "year_quarter": 20182,
            "year": 2018,
            "quarter": 2,
            "eps": 0.74,
            "eps_growth_year": null,
            "eps_4q": 5.5,
            "eps_4q_growth_year": 83.98,
            "roe": 3.13,
            "roe_4q": 25.42,
            "gross_profit": 68619,
            "gross_margin": 12.27,
            "gross_margin_4q_avg": 18.72,
            "net_income": 46199,
            "net_income_4q": null,
            "revenue": 559255,
            "revenue_4q": null,
            "common_shares": 627816,
            "book_valuer_per_share": 23.11,
            "book_valuer_per_share_4q_avg": 21.61,
            "equity": 1451086,
            "current_ratio": 154.68,
            "debt_ratio": 57.33,
            "inventory_turnover_ratio": 0.24,
            "account_receivable_turnover_ratio": 1.1,
            "reinvestment_rate": 24.1,
            "research_to_sale_ratio": 0.58,
            "price_fair": 95.9,
            "eps_avg_yearly": 2.74,
            "eps_latest_yearly": 2.96,
            "eps_growth_yearly": 1427.32
        },
        "20183": {
            "year_quarter": 20183,
            "year": 2018,
            "quarter": 3,
            "eps": 0.23,
            "eps_growth_year": 475,
            "eps_4q": 7.08,
            "eps_4q_growth_year": 69.86,
            "roe": 0.97,
            "roe_4q": 26.16,
            "gross_profit": 62052,
            "gross_margin": 15.66,
            "gross_margin_4q_avg": 17.46,
            "net_income": 13468,
            "net_income_4q": null,
            "revenue": 396297,
            "revenue_4q": null,
            "common_shares": 502253,
            "book_valuer_per_share": 26.3,
            "book_valuer_per_share_4q_avg": 23.42,
            "equity": 1321068,
            "current_ratio": 145.8,
            "debt_ratio": 61.2,
            "inventory_turnover_ratio": 0.18,
            "account_receivable_turnover_ratio": 0.93,
            "reinvestment_rate": 20.93,
            "research_to_sale_ratio": 0.76,
            "price_fair": 90.11,
            "eps_avg_yearly": 2.57,
            "eps_latest_yearly": 0.92,
            "eps_growth_yearly": 1272.5
        },
        "20184": {
            "year_quarter": 20184,
            "year": 2018,
            "quarter": 4,
            "eps": 0.05,
            "eps_growth_year": -96.48,
            "eps_4q": 5.41,
            "eps_4q_growth_year": 379.86,
            "roe": 0.18,
            "roe_4q": 19.36,
            "gross_profit": 45261,
            "gross_margin": 15.04,
            "gross_margin_4q_avg": 15.98,
            "net_income": 2431,
            "net_income_4q": null,
            "revenue": 300922,
            "revenue_4q": null,
            "common_shares": 502253,
            "book_valuer_per_share": 26.47,
            "book_valuer_per_share_4q_avg": 24.94,
            "equity": 1329405,
            "current_ratio": 166.48,
            "debt_ratio": 57.36,
            "inventory_turnover_ratio": 0.14,
            "account_receivable_turnover_ratio": 0.77,
            "reinvestment_rate": 21.7,
            "research_to_sale_ratio": 1.44,
            "price_fair": 89.35,
            "eps_avg_yearly": 2.55,
            "eps_latest_yearly": 0.2,
            "eps_growth_yearly": 1235.96
        },
        "20191": {
            "year_quarter": 20191,
            "year": 2019,
            "quarter": 1,
            "eps": -0.26,
            "eps_growth_year": -107.78,
            "eps_4q": 0.97,
            "eps_4q_growth_year": -78.86,
            "roe": -0.99,
            "roe_4q": 3.29,
            "gross_profit": 25317,
            "gross_margin": 10.43,
            "gross_margin_4q_avg": 13.35,
            "net_income": -13153,
            "net_income_4q": null,
            "revenue": 242784,
            "revenue_4q": null,
            "common_shares": 502253,
            "book_valuer_per_share": 26.44,
            "book_valuer_per_share_4q_avg": 25.58,
            "equity": 1327857,
            "current_ratio": 162.8,
            "debt_ratio": 57.87,
            "inventory_turnover_ratio": 0.12,
            "account_receivable_turnover_ratio": 0.69,
            "reinvestment_rate": 21.97,
            "research_to_sale_ratio": 1.46,
            "price_fair": 96.88,
            "eps_avg_yearly": 2.77,
            "eps_latest_yearly": 0.2,
            "eps_growth_yearly": 1363.2
        },
        "20192": {
            "year_quarter": 20192,
            "year": 2019,
            "quarter": 2,
            "eps": -0.34,
            "eps_growth_year": -145.95,
            "eps_4q": -0.29,
            "eps_4q_growth_year": -105.25,
            "roe": -1.45,
            "roe_4q": -1.2899999999999998,
            "gross_profit": 20835,
            "gross_margin": 8.94,
            "gross_margin_4q_avg": 12.52,
            "net_income": -17252,
            "net_income_4q": null,
            "revenue": 233084,
            "revenue_4q": null,
            "common_shares": 502253,
            "book_valuer_per_share": 21,
            "book_valuer_per_share_4q_avg": 25.05,
            "equity": 1054530,
            "current_ratio": 138.25,
            "debt_ratio": 66.8,
            "inventory_turnover_ratio": 0.12,
            "account_receivable_turnover_ratio": 0.66,
            "reinvestment_rate": 22.93,
            "research_to_sale_ratio": 1.61,
            "price_fair": 106.09,
            "eps_avg_yearly": 3.03,
            "eps_latest_yearly": 0.2,
            "eps_growth_yearly": 1514.66
        },
        "20193": {
            "year_quarter": 20193,
            "year": 2019,
            "quarter": 3,
            "eps": 0.36,
            "eps_growth_year": 56.52,
            "eps_4q": -0.2,
            "eps_4q_growth_year": -102.8,
            "roe": 1.71,
            "roe_4q": -0.55,
            "gross_profit": 45104,
            "gross_margin": 19.18,
            "gross_margin_4q_avg": 13.4,
            "net_income": 18030,
            "net_income_4q": null,
            "revenue": 235193,
            "revenue_4q": null,
            "common_shares": 502253,
            "book_valuer_per_share": 21.02,
            "book_valuer_per_share_4q_avg": 23.73,
            "equity": 1055773,
            "current_ratio": 135.52,
            "debt_ratio": 68.1,
            "inventory_turnover_ratio": 0.1,
            "account_receivable_turnover_ratio": 0.62,
            "reinvestment_rate": 21.93,
            "research_to_sale_ratio": 1.45,
            "price_fair": 115.15,
            "eps_avg_yearly": 3.29,
            "eps_latest_yearly": 0.2,
            "eps_growth_yearly": 1633.99
        },
        "20194": {
            "year_quarter": 20194,
            "year": 2019,
            "quarter": 4,
            "eps": 4.3,
            "eps_growth_year": 8791.18,
            "eps_4q": 4.06,
            "eps_4q_growth_year": -25,
            "roe": 18.6,
            "roe_4q": 17.870000000000005,
            "gross_profit": 357174,
            "gross_margin": 33.68,
            "gross_margin_4q_avg": 18.06,
            "net_income": 216145,
            "net_income_4q": null,
            "revenue": 1060430,
            "revenue_4q": null,
            "common_shares": 502253,
            "book_valuer_per_share": 25.26,
            "book_valuer_per_share_4q_avg": 23.43,
            "equity": 1268674,
            "current_ratio": 158.8,
            "debt_ratio": 56.96,
            "inventory_turnover_ratio": 0.39,
            "account_receivable_turnover_ratio": 2.47,
            "reinvestment_rate": 19.76,
            "research_to_sale_ratio": 0.4,
            "price_fair": 180.78,
            "eps_avg_yearly": 5.17,
            "eps_latest_yearly": 17.2,
            "eps_growth_yearly": 2116.63
        },
        "20201": {
            "year_quarter": 20201,
            "year": 2020,
            "quarter": 1,
            "eps": 0.33,
            "eps_growth_year": null,
            "eps_4q": 4.65,
            "eps_4q_growth_year": 376.84,
            "roe": 1.29,
            "roe_4q": 20.150000000000002,
            "gross_profit": 60682,
            "gross_margin": 19.32,
            "gross_margin_4q_avg": 20.28,
            "net_income": 16467,
            "net_income_4q": null,
            "revenue": 314058,
            "revenue_4q": null,
            "common_shares": 502253,
            "book_valuer_per_share": 25.39,
            "book_valuer_per_share_4q_avg": 23.17,
            "equity": 1275199,
            "current_ratio": 162.47,
            "debt_ratio": 55.59,
            "inventory_turnover_ratio": 0.16,
            "account_receivable_turnover_ratio": 0.74,
            "reinvestment_rate": 19.41,
            "research_to_sale_ratio": 0.91,
            "price_fair": 182.7,
            "eps_avg_yearly": 5.22,
            "eps_latest_yearly": 1.32,
            "eps_growth_yearly": 2100.47
        },
        "20202": {
            "year_quarter": 20202,
            "year": 2020,
            "quarter": 2,
            "eps": 0.16,
            "eps_growth_year": null,
            "eps_4q": 5.15,
            "eps_4q_growth_year": null,
            "roe": 0.64,
            "roe_4q": 22.240000000000002,
            "gross_profit": 47687,
            "gross_margin": 20.1,
            "gross_margin_4q_avg": 23.07,
            "net_income": 7875,
            "net_income_4q": null,
            "revenue": 237302,
            "revenue_4q": null,
            "common_shares": 502253,
            "book_valuer_per_share": 23.49,
            "book_valuer_per_share_4q_avg": 23.79,
            "equity": 1179899,
            "current_ratio": 154.93,
            "debt_ratio": 57.91,
            "inventory_turnover_ratio": 0.12,
            "account_receivable_turnover_ratio": 0.62,
            "reinvestment_rate": 17.98,
            "research_to_sale_ratio": 1.33,
            "price_fair": 184.28,
            "eps_avg_yearly": 5.27,
            "eps_latest_yearly": 0.64,
            "eps_growth_yearly": 2108.8
        },
        "20203": {
            "year_quarter": 20203,
            "year": 2020,
            "quarter": 3,
            "eps": 0.05,
            "eps_growth_year": -86.11,
            "eps_4q": 4.84,
            "eps_4q_growth_year": null,
            "roe": 0.21,
            "roe_4q": 20.740000000000002,
            "gross_profit": 49034,
            "gross_margin": 19.78,
            "gross_margin_4q_avg": 23.22,
            "net_income": 2530,
            "net_income_4q": null,
            "revenue": 247957,
            "revenue_4q": null,
            "common_shares": 502253,
            "book_valuer_per_share": 24.11,
            "book_valuer_per_share_4q_avg": 24.56,
            "equity": 1211077,
            "current_ratio": 190.24,
            "debt_ratio": 63.48,
            "inventory_turnover_ratio": 0.13,
            "account_receivable_turnover_ratio": 0.66,
            "reinvestment_rate": 18.3,
            "research_to_sale_ratio": 1.32,
            "price_fair": 164.58,
            "eps_avg_yearly": 4.7,
            "eps_latest_yearly": 0.2,
            "eps_growth_yearly": 1843.94
        },
        "20204": {
            "year_quarter": 20204,
            "year": 2020,
            "quarter": 4,
            "eps": 0.24,
            "eps_growth_year": -94.31,
            "eps_4q": 0.78,
            "eps_4q_growth_year": -80.78,
            "roe": 1,
            "roe_4q": 3.14,
            "gross_profit": 71029,
            "gross_margin": 24.4,
            "gross_margin_4q_avg": 20.9,
            "net_income": 12295,
            "net_income_4q": null,
            "revenue": 291109,
            "revenue_4q": null,
            "common_shares": 502253,
            "book_valuer_per_share": 24.61,
            "book_valuer_per_share_4q_avg": 24.4,
            "equity": 1236166,
            "current_ratio": 151.33,
            "debt_ratio": 72.72,
            "inventory_turnover_ratio": 0.1,
            "account_receivable_turnover_ratio": 0.73,
            "reinvestment_rate": -29.33,
            "research_to_sale_ratio": 3.35,
            "price_fair": 151.48,
            "eps_avg_yearly": 4.33,
            "eps_latest_yearly": 0.96,
            "eps_growth_yearly": 1811.54
        },
        "20211": {
            "year_quarter": 20211,
            "year": 2021,
            "quarter": 1,
            "eps": 0.37,
            "eps_growth_year": 12.12,
            "eps_4q": 0.82,
            "eps_4q_growth_year": -82.28,
            "roe": 1.5,
            "roe_4q": 3.35,
            "gross_profit": 64179,
            "gross_margin": 20.67,
            "gross_margin_4q_avg": 21.24,
            "net_income": 18695,
            "net_income_4q": null,
            "revenue": 310508,
            "revenue_4q": null,
            "common_shares": 502605,
            "book_valuer_per_share": 24.93,
            "book_valuer_per_share_4q_avg": 24.29,
            "equity": 1253243,
            "current_ratio": 150.4,
            "debt_ratio": 73.05,
            "inventory_turnover_ratio": 0.08,
            "account_receivable_turnover_ratio": 0.7,
            "reinvestment_rate": -25.34,
            "research_to_sale_ratio": 2.05,
            "price_fair": 142.42,
            "eps_avg_yearly": 4.07,
            "eps_latest_yearly": 1.48,
            "eps_growth_yearly": 1666.55
        },
        "20212": {
            "year_quarter": 20212,
            "year": 2021,
            "quarter": 2,
            "eps": 0.3,
            "eps_growth_year": 87.5,
            "eps_4q": 0.97,
            "eps_4q_growth_year": -81.16,
            "roe": 1.21,
            "roe_4q": 3.92,
            "gross_profit": 62047,
            "gross_margin": 19.68,
            "gross_margin_4q_avg": 21.13,
            "net_income": 15212,
            "net_income_4q": null,
            "revenue": 315303,
            "revenue_4q": null,
            "common_shares": 502605,
            "book_valuer_per_share": 25.12,
            "book_valuer_per_share_4q_avg": 24.69,
            "equity": 1262613,
            "current_ratio": 153.34,
            "debt_ratio": 74.58,
            "inventory_turnover_ratio": 0.08,
            "account_receivable_turnover_ratio": 0.68,
            "reinvestment_rate": -23.49,
            "research_to_sale_ratio": 2.6,
            "price_fair": 134.05,
            "eps_avg_yearly": 3.83,
            "eps_latest_yearly": 1.2,
            "eps_growth_yearly": 1521.37
        },
        "20213": {
            "year_quarter": 20213,
            "year": 2021,
            "quarter": 3,
            "eps": 0.6,
            "eps_growth_year": 1100,
            "eps_4q": 1.52,
            "eps_4q_growth_year": -68.61,
            "roe": 2.44,
            "roe_4q": 6.15,
            "gross_profit": 53990,
            "gross_margin": 17.26,
            "gross_margin_4q_avg": 20.5,
            "net_income": 30124,
            "net_income_4q": null,
            "revenue": 312886,
            "revenue_4q": null,
            "common_shares": 502605,
            "book_valuer_per_share": 24.06,
            "book_valuer_per_share_4q_avg": 24.68,
            "equity": 1209467,
            "current_ratio": 140.58,
            "debt_ratio": 76.75,
            "inventory_turnover_ratio": 0.08,
            "account_receivable_turnover_ratio": 0.7,
            "reinvestment_rate": 26.43,
            "research_to_sale_ratio": 2.29,
            "price_fair": 130.2,
            "eps_avg_yearly": 3.72,
            "eps_latest_yearly": 2.4,
            "eps_growth_yearly": 1435.11
        },
        "20214": {
            "year_quarter": 20214,
            "year": 2021,
            "quarter": 4,
            "eps": 0.05,
            "eps_growth_year": -79.32,
            "eps_4q": 1.32,
            "eps_4q_growth_year": 69.28,
            "roe": 0.21,
            "roe_4q": 5.359999999999999,
            "gross_profit": 61171,
            "gross_margin": 18.57,
            "gross_margin_4q_avg": 19.05,
            "net_income": 2554,
            "net_income_4q": null,
            "revenue": 329323,
            "revenue_4q": null,
            "common_shares": 504386,
            "book_valuer_per_share": 24.61,
            "book_valuer_per_share_4q_avg": 24.68,
            "equity": 1241221,
            "current_ratio": 137.57,
            "debt_ratio": 77.27,
            "inventory_turnover_ratio": 0.08,
            "account_receivable_turnover_ratio": 0.75,
            "reinvestment_rate": 38.34,
            "research_to_sale_ratio": 4.61,
            "price_fair": 115.88,
            "eps_avg_yearly": 3.31,
            "eps_latest_yearly": 0.2,
            "eps_growth_yearly": 376.14
        },
        "20221": {
            "year_quarter": 20221,
            "year": 2022,
            "quarter": 1,
            "eps": 0.82,
            "eps_growth_year": 121.62,
            "eps_4q": 1.72,
            "eps_4q_growth_year": 109.32,
            "roe": 3.23,
            "roe_4q": 7.09,
            "gross_profit": 68825,
            "gross_margin": 16.92,
            "gross_margin_4q_avg": 18.11,
            "net_income": 42074,
            "net_income_4q": null,
            "revenue": 406799,
            "revenue_4q": null,
            "common_shares": 521832,
            "book_valuer_per_share": 26.07,
            "book_valuer_per_share_4q_avg": 24.97,
            "equity": 1360440,
            "current_ratio": 139.03,
            "debt_ratio": 75.86,
            "inventory_turnover_ratio": 0.1,
            "account_receivable_turnover_ratio": 0.82,
            "reinvestment_rate": 51.8,
            "research_to_sale_ratio": 2.17,
            "price_fair": 88.74,
            "eps_avg_yearly": 2.54,
            "eps_latest_yearly": 3.28,
            "eps_growth_yearly": 806.28
        },
        "20222": {
            "year_quarter": 20222,
            "year": 2022,
            "quarter": 2,
            "eps": 0.59,
            "eps_growth_year": 96.67,
            "eps_4q": 2,
            "eps_4q_growth_year": 106.73,
            "roe": 2.35,
            "roe_4q": 8.23,
            "gross_profit": 66204,
            "gross_margin": 17.48,
            "gross_margin_4q_avg": 17.56,
            "net_income": 30908,
            "net_income_4q": null,
            "revenue": 378714,
            "revenue_4q": null,
            "common_shares": 527140,
            "book_valuer_per_share": 24.04,
            "book_valuer_per_share_4q_avg": 24.7,
            "equity": 1267369,
            "current_ratio": 132.7,
            "debt_ratio": 77.58,
            "inventory_turnover_ratio": 0.09,
            "account_receivable_turnover_ratio": 0.77,
            "reinvestment_rate": 57.21,
            "research_to_sale_ratio": 2.14,
            "price_fair": 87.12,
            "eps_avg_yearly": 2.49,
            "eps_latest_yearly": 2.36,
            "eps_growth_yearly": 821.6
        },
        "20223": {
            "year_quarter": 20223,
            "year": 2022,
            "quarter": 3,
            "eps": 0.8,
            "eps_growth_year": 33.33,
            "eps_4q": 2.16,
            "eps_4q_growth_year": 42.03,
            "roe": 3.21,
            "roe_4q": 9.000000000000002,
            "gross_profit": 70294,
            "gross_margin": 19.35,
            "gross_margin_4q_avg": 18.08,
            "net_income": 42451,
            "net_income_4q": null,
            "revenue": 363240,
            "revenue_4q": null,
            "common_shares": 547044,
            "book_valuer_per_share": 24.91,
            "book_valuer_per_share_4q_avg": 24.91,
            "equity": 1374558,
            "current_ratio": 132.21,
            "debt_ratio": 76.76,
            "inventory_turnover_ratio": 0.08,
            "account_receivable_turnover_ratio": 0.81,
            "reinvestment_rate": 98.59,
            "research_to_sale_ratio": 2.49,
            "price_fair": 93.26,
            "eps_avg_yearly": 2.66,
            "eps_latest_yearly": 3.2,
            "eps_growth_yearly": 853.76
        },
        "20224": {
            "year_quarter": 20224,
            "year": 2022,
            "quarter": 4,
            "eps": 0.32,
            "eps_growth_year": 536.62,
            "eps_4q": 2.38,
            "eps_4q_growth_year": 80.35,
            "roe": 1.28,
            "roe_4q": 10.07,
            "gross_profit": 102331,
            "gross_margin": 25.77,
            "gross_margin_4q_avg": 19.88,
            "net_income": 18059,
            "net_income_4q": null,
            "revenue": 397147,
            "revenue_4q": null,
            "common_shares": 560773,
            "book_valuer_per_share": 25.49,
            "book_valuer_per_share_4q_avg": 25.13,
            "equity": 1441187,
            "current_ratio": 130.81,
            "debt_ratio": 76.47,
            "inventory_turnover_ratio": 0.08,
            "account_receivable_turnover_ratio": 0.86,
            "reinvestment_rate": 102.29,
            "research_to_sale_ratio": 5.5,
            "price_fair": 96.17,
            "eps_avg_yearly": 2.75,
            "eps_latest_yearly": 1.28,
            "eps_growth_yearly": 859.38
        },
        "20231": {
            "year_quarter": 20231,
            "year": 2023,
            "quarter": 1,
            "eps": 0.53,
            "eps_growth_year": -35.37,
            "eps_4q": 2.1,
            "eps_4q_growth_year": 22.07,
            "roe": 2,
            "roe_4q": 8.84,
            "gross_profit": 82931,
            "gross_margin": 23.41,
            "gross_margin_4q_avg": 21.5,
            "net_income": 30307,
            "net_income_4q": null,
            "revenue": 354297,
            "revenue_4q": null,
            "common_shares": 578514,
            "book_valuer_per_share": 27.18,
            "book_valuer_per_share_4q_avg": 25.41,
            "equity": 1584185,
            "current_ratio": 132.79,
            "debt_ratio": 74.29,
            "inventory_turnover_ratio": 0.07,
            "account_receivable_turnover_ratio": 0.8,
            "reinvestment_rate": 103.87,
            "research_to_sale_ratio": 3.54,
            "price_fair": 94.6,
            "eps_avg_yearly": 2.7,
            "eps_latest_yearly": 2.12,
            "eps_growth_yearly": 816.74
        },
        "20232": {
            "year_quarter": 20232,
            "year": 2023,
            "quarter": 2,
            "eps": 0.95,
            "eps_growth_year": 61.02,
            "eps_4q": 2.48,
            "eps_4q_growth_year": 23.96,
            "roe": 3.66,
            "roe_4q": 10.15,
            "gross_profit": 87455,
            "gross_margin": 24.2,
            "gross_margin_4q_avg": 23.18,
            "net_income": 56442,
            "net_income_4q": null,
            "revenue": 361422,
            "revenue_4q": null,
            "common_shares": 592558,
            "book_valuer_per_share": 25.06,
            "book_valuer_per_share_4q_avg": 25.66,
            "equity": 1497133,
            "current_ratio": 125.25,
            "debt_ratio": 76.78,
            "inventory_turnover_ratio": 0.07,
            "account_receivable_turnover_ratio": 0.8,
            "reinvestment_rate": 96.32,
            "research_to_sale_ratio": 3.28,
            "price_fair": 97.16,
            "eps_avg_yearly": 2.78,
            "eps_latest_yearly": 3.8,
            "eps_growth_yearly": 783.43
        },
        "20233": {
            "year_quarter": 20233,
            "year": 2023,
            "quarter": 3,
            "eps": 1.29,
            "eps_growth_year": 61.25,
            "eps_4q": 3.05,
            "eps_4q_growth_year": 41.41,
            "roe": 4.94,
            "roe_4q": 11.88,
            "gross_profit": 157569,
            "gross_margin": 20.74,
            "gross_margin_4q_avg": 23.53,
            "net_income": 76162,
            "net_income_4q": null,
            "revenue": 759750,
            "revenue_4q": null,
            "common_shares": 595009,
            "book_valuer_per_share": 26.46,
            "book_valuer_per_share_4q_avg": 26.05,
            "equity": 1585611,
            "current_ratio": 129.51,
            "debt_ratio": 74.72,
            "inventory_turnover_ratio": 0.16,
            "account_receivable_turnover_ratio": 1.48,
            "reinvestment_rate": 87.16,
            "research_to_sale_ratio": 1.45,
            "price_fair": 102.38,
            "eps_avg_yearly": 2.93,
            "eps_latest_yearly": 5.16,
            "eps_growth_yearly": 743.41
        }
    },
    "months": {
        "2004-06": {
            "month": "2004-06",
            "price": "36.29",
            "revenue": 40795
        },
        "2004-07": {
            "month": "2004-07",
            "price": "38.52",
            "revenue": 43392
        },
        "2004-11": {
            "month": "2004-11",
            "price": "30.64",
            "revenue": 41246
        },
        "2004-12": {
            "month": "2004-12",
            "price": "31.98",
            "revenue": 35126
        },
        "2005-01": {
            "month": "2005-01",
            "price": "31.50",
            "revenue": 32296
        },
        "2005-02": {
            "month": "2005-02",
            "price": "29.10",
            "revenue": 25890
        },
        "2005-03": {
            "month": "2005-03",
            "price": "26.50",
            "revenue": 42281
        },
        "2005-04": {
            "month": "2005-04",
            "price": "29.05",
            "revenue": 43342
        },
        "2005-11": {
            "month": "2005-11",
            "price": "24.93",
            "revenue": 41663
        },
        "2007-01": {
            "month": "2007-01",
            "price": "25.00",
            "revenue": 51819
        },
        "2007-02": {
            "month": "2007-02",
            "price": "25.50",
            "revenue": 35370
        },
        "2007-03": {
            "month": "2007-03",
            "price": "24.55",
            "revenue": 52726
        },
        "2007-04": {
            "month": "2007-04",
            "price": "23.90",
            "revenue": 50370
        },
        "2007-06": {
            "month": "2007-06",
            "price": "25.17",
            "revenue": 36000
        },
        "2007-07": {
            "month": "2007-07",
            "price": "28.54",
            "revenue": 57617
        },
        "2007-08": {
            "month": "2007-08",
            "price": "29.02",
            "revenue": 64598
        },
        "2007-09": {
            "month": "2007-09",
            "price": "26.66",
            "revenue": 65383
        },
        "2007-10": {
            "month": "2007-10",
            "price": "27.24",
            "revenue": 64649
        },
        "2007-11": {
            "month": "2007-11",
            "price": "25.72",
            "revenue": 64344
        },
        "2007-12": {
            "month": "2007-12",
            "price": "24.30",
            "revenue": 41422
        },
        "2008-01": {
            "month": "2008-01",
            "price": "23.34",
            "revenue": 37626
        },
        "2008-02": {
            "month": "2008-02",
            "price": "19.25",
            "revenue": 37404
        },
        "2008-03": {
            "month": "2008-03",
            "price": "20.59",
            "revenue": 54784
        },
        "2008-04": {
            "month": "2008-04",
            "price": "23.59",
            "revenue": 50435
        },
        "2008-05": {
            "month": "2008-05",
            "price": "25.58",
            "revenue": 60847
        },
        "2008-06": {
            "month": "2008-06",
            "price": "16.75",
            "revenue": 44813
        },
        "2008-07": {
            "month": "2008-07",
            "price": "16.07",
            "revenue": 74979
        },
        "2008-08": {
            "month": "2008-08",
            "price": "14.27",
            "revenue": 64067
        },
        "2008-09": {
            "month": "2008-09",
            "price": "11.05",
            "revenue": 68960
        },
        "2008-10": {
            "month": "2008-10",
            "price": "13.02",
            "revenue": 44784
        },
        "2008-11": {
            "month": "2008-11",
            "price": "11.76",
            "revenue": 15297
        },
        "2008-12": {
            "month": "2008-12",
            "price": "10.40",
            "revenue": 22376
        },
        "2009-01": {
            "month": "2009-01",
            "price": "8.85",
            "revenue": 17581
        },
        "2009-02": {
            "month": "2009-02",
            "price": "8.71",
            "revenue": 26438
        },
        "2009-03": {
            "month": "2009-03",
            "price": "9.02",
            "revenue": 18482
        },
        "2009-04": {
            "month": "2009-04",
            "price": "9.59",
            "revenue": 27244
        },
        "2009-05": {
            "month": "2009-05",
            "price": "9.73",
            "revenue": 19023
        },
        "2009-06": {
            "month": "2009-06",
            "price": "10.05",
            "revenue": 33738
        },
        "2009-07": {
            "month": "2009-07",
            "price": "9.44",
            "revenue": 40541
        },
        "2009-08": {
            "month": "2009-08",
            "price": "10.78",
            "revenue": 30357
        },
        "2009-09": {
            "month": "2009-09",
            "price": "11.23",
            "revenue": 32849
        },
        "2009-10": {
            "month": "2009-10",
            "price": "12.26",
            "revenue": 34332
        },
        "2009-11": {
            "month": "2009-11",
            "price": "11.62",
            "revenue": 30326
        },
        "2009-12": {
            "month": "2009-12",
            "price": "12.68",
            "revenue": 23646
        },
        "2010-01": {
            "month": "2010-01",
            "price": "24.06",
            "revenue": 33027
        },
        "2010-02": {
            "month": "2010-02",
            "price": "26.89",
            "revenue": 20122
        },
        "2010-03": {
            "month": "2010-03",
            "price": "29.54",
            "revenue": 28377
        },
        "2010-04": {
            "month": "2010-04",
            "price": "40.33",
            "revenue": 34770
        },
        "2010-05": {
            "month": "2010-05",
            "price": "39.80",
            "revenue": 32249
        },
        "2010-06": {
            "month": "2010-06",
            "price": "39.91",
            "revenue": 33038
        },
        "2010-07": {
            "month": "2010-07",
            "price": "43.80",
            "revenue": 30687
        },
        "2010-08": {
            "month": "2010-08",
            "price": "41.82",
            "revenue": 43152
        },
        "2010-09": {
            "month": "2010-09",
            "price": "37.31",
            "revenue": 69722
        },
        "2010-10": {
            "month": "2010-10",
            "price": "31.64",
            "revenue": 73217
        },
        "2010-11": {
            "month": "2010-11",
            "price": "31.08",
            "revenue": 71442
        },
        "2010-12": {
            "month": "2010-12",
            "price": "29.52",
            "revenue": 61840
        },
        "2011-01": {
            "month": "2011-01",
            "price": "25.01",
            "revenue": 67536
        },
        "2011-02": {
            "month": "2011-02",
            "price": "23.66",
            "revenue": 33828
        },
        "2011-03": {
            "month": "2011-03",
            "price": "21.96",
            "revenue": 56249
        },
        "2011-04": {
            "month": "2011-04",
            "price": "15.25",
            "revenue": 67250
        },
        "2011-05": {
            "month": "2011-05",
            "price": "12.82",
            "revenue": 66802
        },
        "2011-06": {
            "month": "2011-06",
            "price": "12.17",
            "revenue": 63562
        },
        "2011-07": {
            "month": "2011-07",
            "price": "11.36",
            "revenue": 63548
        },
        "2011-08": {
            "month": "2011-08",
            "price": "9.31",
            "revenue": 65872
        },
        "2011-09": {
            "month": "2011-09",
            "price": "8.40",
            "revenue": 69519
        },
        "2011-10": {
            "month": "2011-10",
            "price": "8.24",
            "revenue": 46304
        },
        "2011-11": {
            "month": "2011-11",
            "price": "8.03",
            "revenue": 36804
        },
        "2011-12": {
            "month": "2011-12",
            "price": "7.13",
            "revenue": 47618
        },
        "2012-01": {
            "month": "2012-01",
            "price": "7.11",
            "revenue": 22402
        },
        "2012-02": {
            "month": "2012-02",
            "price": "8.51",
            "revenue": 33224
        },
        "2012-03": {
            "month": "2012-03",
            "price": "8.13",
            "revenue": 34517
        },
        "2012-04": {
            "month": "2012-04",
            "price": "7.17",
            "revenue": 34276
        },
        "2012-05": {
            "month": "2012-05",
            "price": "6.29",
            "revenue": 35447
        },
        "2012-06": {
            "month": "2012-06",
            "price": "5.36",
            "revenue": 34803
        },
        "2012-07": {
            "month": "2012-07",
            "price": "6.88",
            "revenue": 34539
        },
        "2012-08": {
            "month": "2012-08",
            "price": "6.84",
            "revenue": 33042
        },
        "2012-09": {
            "month": "2012-09",
            "price": "7.47",
            "revenue": 32639
        },
        "2012-10": {
            "month": "2012-10",
            "price": "8.72",
            "revenue": 34426
        },
        "2012-11": {
            "month": "2012-11",
            "price": "15.59",
            "revenue": 32183
        },
        "2012-12": {
            "month": "2012-12",
            "price": "15.25",
            "revenue": 27172
        },
        "2013-01": {
            "month": "2013-01",
            "price": "18.50",
            "revenue": 31165
        },
        "2013-02": {
            "month": "2013-02",
            "price": "19.80",
            "revenue": 30509
        },
        "2013-03": {
            "month": "2013-03",
            "price": "18.90",
            "revenue": 32158
        },
        "2013-04": {
            "month": "2013-04",
            "price": "17.21",
            "revenue": 36436
        },
        "2013-05": {
            "month": "2013-05",
            "price": "19.28",
            "revenue": 36425
        },
        "2013-06": {
            "month": "2013-06",
            "price": "26.18",
            "revenue": 35214
        },
        "2013-07": {
            "month": "2013-07",
            "price": "25.49",
            "revenue": 34488
        },
        "2013-08": {
            "month": "2013-08",
            "price": "20.25",
            "revenue": 34262
        },
        "2013-09": {
            "month": "2013-09",
            "price": "18.49",
            "revenue": 29475
        },
        "2013-10": {
            "month": "2013-10",
            "price": "19.02",
            "revenue": 37747
        },
        "2013-11": {
            "month": "2013-11",
            "price": "17.97",
            "revenue": 31275
        },
        "2013-12": {
            "month": "2013-12",
            "price": "17.81",
            "revenue": 31895
        },
        "2014-01": {
            "month": "2014-01",
            "price": "18.46",
            "revenue": 35509
        },
        "2014-02": {
            "month": "2014-02",
            "price": "18.07",
            "revenue": 34011
        },
        "2014-03": {
            "month": "2014-03",
            "price": "17.99",
            "revenue": 31133
        },
        "2014-04": {
            "month": "2014-04",
            "price": "16.92",
            "revenue": 39914
        },
        "2014-05": {
            "month": "2014-05",
            "price": "15.78",
            "revenue": 32149
        },
        "2014-06": {
            "month": "2014-06",
            "price": "15.16",
            "revenue": 31364
        },
        "2014-07": {
            "month": "2014-07",
            "price": "14.56",
            "revenue": 36151
        },
        "2014-08": {
            "month": "2014-08",
            "price": "13.17",
            "revenue": 38034
        },
        "2014-09": {
            "month": "2014-09",
            "price": "13.50",
            "revenue": 38117
        },
        "2014-10": {
            "month": "2014-10",
            "price": "14.85",
            "revenue": 40551
        },
        "2014-11": {
            "month": "2014-11",
            "price": "13.48",
            "revenue": 37534
        },
        "2014-12": {
            "month": "2014-12",
            "price": "13.74",
            "revenue": 38571
        },
        "2015-01": {
            "month": "2015-01",
            "price": "14.67",
            "revenue": 54239
        },
        "2015-02": {
            "month": "2015-02",
            "price": "14.64",
            "revenue": 34018
        },
        "2015-03": {
            "month": "2015-03",
            "price": "15.33",
            "revenue": 39704
        },
        "2015-04": {
            "month": "2015-04",
            "price": "15.11",
            "revenue": 48107
        },
        "2015-05": {
            "month": "2015-05",
            "price": "14.53",
            "revenue": 40296
        },
        "2015-06": {
            "month": "2015-06",
            "price": "13.95",
            "revenue": 37780
        },
        "2015-07": {
            "month": "2015-07",
            "price": "13.58",
            "revenue": 30651
        },
        "2015-08": {
            "month": "2015-08",
            "price": "13.53",
            "revenue": 30418
        },
        "2015-09": {
            "month": "2015-09",
            "price": "13.83",
            "revenue": 32217
        },
        "2015-10": {
            "month": "2015-10",
            "price": "13.41",
            "revenue": 33780
        },
        "2015-11": {
            "month": "2015-11",
            "price": "13.08",
            "revenue": 30219
        },
        "2015-12": {
            "month": "2015-12",
            "price": "13.08",
            "revenue": 459745
        },
        "2016-01": {
            "month": "2016-01",
            "price": "12.93",
            "revenue": 66376
        },
        "2016-02": {
            "month": "2016-02",
            "price": "12.68",
            "revenue": 94535
        },
        "2016-03": {
            "month": "2016-03",
            "price": "14.38",
            "revenue": 87621
        },
        "2016-04": {
            "month": "2016-04",
            "price": "14.22",
            "revenue": 69909
        },
        "2016-05": {
            "month": "2016-05",
            "price": "13.66",
            "revenue": 37276
        },
        "2016-06": {
            "month": "2016-06",
            "price": "13.55",
            "revenue": 51331
        },
        "2016-07": {
            "month": "2016-07",
            "price": "12.99",
            "revenue": 32397
        },
        "2016-08": {
            "month": "2016-08",
            "price": "12.76",
            "revenue": 46951
        },
        "2016-09": {
            "month": "2016-09",
            "price": "12.62",
            "revenue": 33308
        },
        "2016-10": {
            "month": "2016-10",
            "price": "15.13",
            "revenue": 35224
        },
        "2016-11": {
            "month": "2016-11",
            "price": "17.47",
            "revenue": 45518
        },
        "2016-12": {
            "month": "2016-12",
            "price": "17.53",
            "revenue": 204546
        },
        "2017-01": {
            "month": "2017-01",
            "price": "21.66",
            "revenue": 90478
        },
        "2017-02": {
            "month": "2017-02",
            "price": "27.14",
            "revenue": 72865
        },
        "2017-03": {
            "month": "2017-03",
            "price": "26.70",
            "revenue": 110959
        },
        "2017-04": {
            "month": "2017-04",
            "price": "25.65",
            "revenue": 89746
        },
        "2017-05": {
            "month": "2017-05",
            "price": "23.63",
            "revenue": 89459
        },
        "2017-06": {
            "month": "2017-06",
            "price": "22.58",
            "revenue": 102268
        },
        "2017-07": {
            "month": "2017-07",
            "price": "21.18",
            "revenue": 83022
        },
        "2017-08": {
            "month": "2017-08",
            "price": "21.31",
            "revenue": 87802
        },
        "2017-09": {
            "month": "2017-09",
            "price": "22.22",
            "revenue": 88762
        },
        "2017-10": {
            "month": "2017-10",
            "price": "22.48",
            "revenue": 99264
        },
        "2017-11": {
            "month": "2017-11",
            "price": "26.09",
            "revenue": 106840
        },
        "2017-12": {
            "month": "2017-12",
            "price": "30.01",
            "revenue": 569494
        },
        "2018-01": {
            "month": "2018-01",
            "price": "37.03",
            "revenue": 669375
        },
        "2018-02": {
            "month": "2018-02",
            "price": "35.76",
            "revenue": 242196
        },
        "2018-03": {
            "month": "2018-03",
            "price": "40.71",
            "revenue": 573787
        },
        "2018-04": {
            "month": "2018-04",
            "price": "42.32",
            "revenue": 278613
        },
        "2018-05": {
            "month": "2018-05",
            "price": "43.90",
            "revenue": 147823
        },
        "2018-06": {
            "month": "2018-06",
            "price": "42.06",
            "revenue": 132819
        },
        "2018-07": {
            "month": "2018-07",
            "price": "38.58",
            "revenue": 179664
        },
        "2018-08": {
            "month": "2018-08",
            "price": "37.85",
            "revenue": 125313
        },
        "2018-09": {
            "month": "2018-09",
            "price": "37.96",
            "revenue": 91320
        },
        "2018-10": {
            "month": "2018-10",
            "price": "47.45",
            "revenue": 89774
        },
        "2018-11": {
            "month": "2018-11",
            "price": "46.56",
            "revenue": 117012
        },
        "2018-12": {
            "month": "2018-12",
            "price": "46.08",
            "revenue": 94135
        },
        "2019-01": {
            "month": "2019-01",
            "price": "46.18",
            "revenue": 98746
        },
        "2019-02": {
            "month": "2019-02",
            "price": "47.05",
            "revenue": 54321
        },
        "2019-03": {
            "month": "2019-03",
            "price": "49.98",
            "revenue": 89717
        },
        "2019-04": {
            "month": "2019-04",
            "price": "47.89",
            "revenue": 82800
        },
        "2019-05": {
            "month": "2019-05",
            "price": "46.50",
            "revenue": 78602
        },
        "2019-06": {
            "month": "2019-06",
            "price": "46.48",
            "revenue": 71682
        },
        "2019-07": {
            "month": "2019-07",
            "price": "39.72",
            "revenue": 76641
        },
        "2019-08": {
            "month": "2019-08",
            "price": "36.80",
            "revenue": 78631
        },
        "2019-09": {
            "month": "2019-09",
            "price": "37.41",
            "revenue": 79921
        },
        "2019-10": {
            "month": "2019-10",
            "price": "35.75",
            "revenue": 81134
        },
        "2019-11": {
            "month": "2019-11",
            "price": "34.65",
            "revenue": 473158
        },
        "2019-12": {
            "month": "2019-12",
            "price": "35.15",
            "revenue": 506138
        },
        "2020-01": {
            "month": "2020-01",
            "price": "36.10",
            "revenue": 134613
        },
        "2020-02": {
            "month": "2020-02",
            "price": "32.75",
            "revenue": 93620
        },
        "2020-03": {
            "month": "2020-03",
            "price": "30.20",
            "revenue": 85825
        },
        "2020-04": {
            "month": "2020-04",
            "price": "28.61",
            "revenue": 98886
        },
        "2020-05": {
            "month": "2020-05",
            "price": "29.37",
            "revenue": 63812
        },
        "2020-06": {
            "month": "2020-06",
            "price": "29.69",
            "revenue": 74603
        },
        "2020-07": {
            "month": "2020-07",
            "price": "28.10",
            "revenue": 81966
        },
        "2020-08": {
            "month": "2020-08",
            "price": "27.60",
            "revenue": 78658
        },
        "2020-09": {
            "month": "2020-09",
            "price": "30.20",
            "revenue": 87334
        },
        "2020-10": {
            "month": "2020-10",
            "price": "29.66",
            "revenue": 88388
        },
        "2020-11": {
            "month": "2020-11",
            "price": "30.74",
            "revenue": 106943
        },
        "2020-12": {
            "month": "2020-12",
            "price": "29.92",
            "revenue": 95779
        },
        "2021-01": {
            "month": "2021-01",
            "price": "30.57",
            "revenue": 111391
        },
        "2021-02": {
            "month": "2021-02",
            "price": "30.50",
            "revenue": 88580
        },
        "2021-03": {
            "month": "2021-03",
            "price": "31.68",
            "revenue": 110537
        },
        "2021-04": {
            "month": "2021-04",
            "price": "32.30",
            "revenue": 117775
        },
        "2021-05": {
            "month": "2021-05",
            "price": "28.92",
            "revenue": 98128
        },
        "2021-06": {
            "month": "2021-06",
            "price": "28.24",
            "revenue": 99401
        },
        "2021-07": {
            "month": "2021-07",
            "price": "28.75",
            "revenue": 107103
        },
        "2021-08": {
            "month": "2021-08",
            "price": "29.24",
            "revenue": 110001
        },
        "2021-09": {
            "month": "2021-09",
            "price": "29.31",
            "revenue": 95782
        },
        "2021-10": {
            "month": "2021-10",
            "price": "29.41",
            "revenue": 102973
        },
        "2021-11": {
            "month": "2021-11",
            "price": "30.45",
            "revenue": 110095
        },
        "2021-12": {
            "month": "2021-12",
            "price": "32.70",
            "revenue": 116256
        },
        "2022-01": {
            "month": "2022-01",
            "price": "35.14",
            "revenue": 148428
        },
        "2022-02": {
            "month": "2022-02",
            "price": "39.70",
            "revenue": 116082
        },
        "2022-03": {
            "month": "2022-03",
            "price": "40.13",
            "revenue": 142289
        },
        "2022-04": {
            "month": "2022-04",
            "price": "39.96",
            "revenue": 119318
        },
        "2022-05": {
            "month": "2022-05",
            "price": "37.86",
            "revenue": 121045
        },
        "2022-06": {
            "month": "2022-06",
            "price": "38.26",
            "revenue": 138351
        },
        "2022-07": {
            "month": "2022-07",
            "price": "37.25",
            "revenue": 117568
        },
        "2022-08": {
            "month": "2022-08",
            "price": "43.14",
            "revenue": 128072
        },
        "2022-09": {
            "month": "2022-09",
            "price": "43.08",
            "revenue": 117599
        },
        "2022-10": {
            "month": "2022-10",
            "price": "39.72",
            "revenue": 152437
        },
        "2022-11": {
            "month": "2022-11",
            "price": "40.73",
            "revenue": 142024
        },
        "2022-12": {
            "month": "2022-12",
            "price": "41.94",
            "revenue": 102685
        },
        "2023-01": {
            "month": "2023-01",
            "price": "44.02",
            "revenue": 119951
        },
        "2023-02": {
            "month": "2023-02",
            "price": "52.72",
            "revenue": 102716
        },
        "2023-03": {
            "month": "2023-03",
            "price": "63.00",
            "revenue": 131630
        },
        "2023-04": {
            "month": "2023-04",
            "price": "67.22",
            "revenue": 117787
        },
        "2023-05": {
            "month": "2023-05",
            "price": "68.71",
            "revenue": 125315
        },
        "2023-06": {
            "month": "2023-06",
            "price": "79.96",
            "revenue": 118321
        },
        "2023-07": {
            "month": "2023-07",
            "price": "89.83",
            "revenue": 274085
        },
        "2023-08": {
            "month": "2023-08",
            "price": "90.70",
            "revenue": 270018
        },
        "2023-09": {
            "month": "2023-09",
            "price": "90.54",
            "revenue": 215648
        },
        "2023-10": {
            "month": "2023-10",
            "price": "90.12",
            "revenue": 243861
        },
        "2023-11": {
            "month": "2023-11",
            "price": "94.41",
            "revenue": 208879
        },
        "2023-12": {
            "month": "2023-12",
            "price": "107.36",
            "revenue": 143266
        }
    }
}
