{
    "summary": {
        "stock_name": "閎暉",
        "stock_id": "3311",
        "category": "通信網路",
        "main_business": "按鍵及模組產品<br>機構整合元件",
        "website_url": "http://www.silitech.com",
        "ceo": "徐幼珍",
        "pe_ratio": 23,
        "report_year_from": 2003,
        "report_year_to": 2023,
        "age": 21,
        "eps_negative_percentage": 24,
        "eps_growth_avg": {
            "last_all": -19.54,
            "last_2y": 38.56,
            "last_4y": -7.63,
            "last_8y": -30.72,
            "last_12y": -39.78,
            "last_16y": -28.23,
            "last_20y": null,
            "at_2006_last_3y": null,
            "at_2007_last_3y": 12.79,
            "at_2008_last_3y": -6.26,
            "at_2009_last_3y": -5.76,
            "at_2010_last_3y": -5.12,
            "at_2011_last_3y": -3.87,
            "at_2012_last_3y": -7.3,
            "at_2013_last_3y": -26.15,
            "at_2014_last_3y": -48.84,
            "at_2015_last_3y": -68.66,
            "at_2016_last_3y": -89.72,
            "at_2017_last_3y": -100,
            "at_2018_last_3y": -100,
            "at_2019_last_3y": -100,
            "at_2020_last_3y": -100,
            "at_2021_last_3y": -100,
            "at_2022_last_3y": -20.97,
            "at_2023_last_3y": -7.63,
            "at_2024_last_3y": -7.63,
            "at_2006_last_all": 15.18,
            "at_2007_last_all": 12.79,
            "at_2008_last_all": 5.62,
            "at_2009_last_all": 5.72,
            "at_2010_last_all": 3.58,
            "at_2011_last_all": 4.46,
            "at_2012_last_all": -0.12,
            "at_2013_last_all": -7.03,
            "at_2014_last_all": -15.48,
            "at_2015_last_all": -15.48,
            "at_2016_last_all": -22.52,
            "at_2017_last_all": -22.52,
            "at_2018_last_all": -22.52,
            "at_2019_last_all": -22.52,
            "at_2020_last_all": -28.48,
            "at_2021_last_all": -28.48,
            "at_2022_last_all": -22.3,
            "at_2023_last_all": -19.54,
            "at_2024_last_all": -19.54
        },
        "latest_eps": 1.75,
        "latest_price": 40.6,
        "latest_roe": 4.6,
        "latest_gross_margin": 14.79,
        "latest_equity": 2616981,
        "latest_revenue": 543730,
        "latest_gross_profit": 80420,
        "latest_net_income": 27228,
        "latest_debt_ratio": 22.07,
        "latest_current_ratio": 234.89,
        "latest_account_receivable_turnover_ratio": 1.07,
        "latest_inventory_turnover_ratio": 1.63,
        "latest_reinvestment_rate": null,
        "latest_research_to_sale_ratio": 1.94
    },
    "eps_dividends": {
        "2001": {
            "cash": 0,
            "stock": 0,
            "eps": 0
        },
        "2002": {
            "cash": 0,
            "stock": 0,
            "eps": 0
        },
        "2003": {
            "cash": 0,
            "stock": 0,
            "eps": 6.06
        },
        "2004": {
            "cash": 1.5,
            "stock": 1.5,
            "eps": 9.28
        },
        "2005": {
            "cash": 3.2,
            "stock": 2,
            "eps": 9.67
        },
        "2006": {
            "cash": 3.67,
            "stock": 1.58,
            "eps": 8.53
        },
        "2007": {
            "cash": 3.74,
            "stock": 0.93,
            "eps": 9.01
        },
        "2008": {
            "cash": 4.35,
            "stock": 1.08,
            "eps": 6.93
        },
        "2009": {
            "cash": 2.85,
            "stock": 0.1,
            "eps": 7.36
        },
        "2010": {
            "cash": 4.4,
            "stock": 0.1,
            "eps": 6.68
        },
        "2011": {
            "cash": 11.25,
            "stock": 0.2,
            "eps": 7.39
        },
        "2012": {
            "cash": 0,
            "stock": 0,
            "eps": 4.67
        },
        "2013": {
            "cash": 3.4,
            "stock": 0.1,
            "eps": 1.44
        },
        "2014": {
            "cash": 1,
            "stock": 0.07,
            "eps": -7.3
        },
        "2015": {
            "cash": 1.27,
            "stock": 0,
            "eps": 0.79
        },
        "2016": {
            "cash": 0.59,
            "stock": 0,
            "eps": -0.61
        },
        "2017": {
            "cash": 0,
            "stock": 0,
            "eps": -0.46
        },
        "2018": {
            "cash": 0,
            "stock": 0,
            "eps": -0.19
        },
        "2019": {
            "cash": 0,
            "stock": 0,
            "eps": 0.03
        },
        "2020": {
            "cash": 0,
            "stock": 0,
            "eps": -6.1
        },
        "2021": {
            "cash": 0,
            "stock": 0,
            "eps": 0.93
        },
        "2022": {
            "cash": 0.47,
            "stock": 0,
            "eps": 1.47
        },
        "2023": {
            "cash": 0.6,
            "stock": 0,
            "eps": 1.75
        },
        "2024": {
            "cash": 1.2,
            "stock": 0,
            "eps": 0
        }
    },
    "dividends": {
        "2004-02-11": {
            "cash": 1.5,
            "stock": 1.5
        },
        "2005-04-27": {
            "cash": 3.2,
            "stock": 2
        },
        "2006-03-28": {
            "cash": 3.67,
            "stock": 1.58
        },
        "2007-04-24": {
            "cash": 3.74,
            "stock": 0.93
        },
        "2008-04-25": {
            "cash": 4.35,
            "stock": 1.08
        },
        "2009-04-24": {
            "cash": 2.85,
            "stock": 0.1
        },
        "2010-04-27": {
            "cash": 4.4,
            "stock": 0.1
        },
        "2011-01-01": {
            "cash": 5.1,
            "stock": 0.1
        },
        "2011-04-26": {
            "cash": 6.15,
            "stock": 0.1
        },
        "2013-04-24": {
            "cash": 3.4,
            "stock": 0.1
        },
        "2014-09-10": {
            "cash": 1,
            "stock": 0.07
        },
        "2015-09-11": {
            "cash": 1.27,
            "stock": 0
        },
        "2016-09-08": {
            "cash": 0.59,
            "stock": 0
        },
        "2022-08-25": {
            "cash": 0.47,
            "stock": 0
        },
        "2023-08-17": {
            "cash": 0.6,
            "stock": 0
        },
        "2024-03-27": {
            "cash": 1.2,
            "stock": 0
        }
    },
    "prices": {
        "200101": "無",
        "200102": "無",
        "200103": "無",
        "200104": "無",
        "200105": "無",
        "200106": "無",
        "200107": "無",
        "200108": "無",
        "200109": "無",
        "200110": "無",
        "200111": "無",
        "200112": "無",
        "200201": "無",
        "200202": "無",
        "200203": "無",
        "200204": "無",
        "200205": "無",
        "200206": "無",
        "200207": "無",
        "200208": "無",
        "200209": "無",
        "200210": "無",
        "200211": "無",
        "200212": "無",
        "200301": "無",
        "200302": "無",
        "200303": "無",
        "200304": "無",
        "200305": "無",
        "200306": "無",
        "200307": "無",
        "200308": "無",
        "200309": "無",
        "200310": "無",
        "200311": "無",
        "200312": "無",
        "200401": "無",
        "200402": "無",
        "200403": "86.14",
        "200404": "87.55",
        "200405": "83.52",
        "200406": "73.67",
        "200407": "65.09",
        "200408": "64.98",
        "200409": "73.24",
        "200410": "74.20",
        "200411": "78.00",
        "200412": "76.00",
        "200501": "71.81",
        "200502": "81.69",
        "200503": "96.22",
        "200504": "107.82",
        "200505": "117.10",
        "200506": "123.34",
        "200507": "132.22",
        "200508": "105.34",
        "200509": "111.05",
        "200510": "117.68",
        "200511": "124.39",
        "200512": "138.14",
        "200601": "156.56",
        "200602": "147.88",
        "200603": "155.24",
        "200604": "173.24",
        "200605": "219.79",
        "200606": "185.95",
        "200607": "184.62",
        "200608": "196.70",
        "200609": "183.45",
        "200610": "171.22",
        "200611": "148.73",
        "200612": "144.07",
        "200701": "148.09",
        "200702": "137.38",
        "200703": "134.15",
        "200704": "151.62",
        "200705": "154.43",
        "200706": "164.02",
        "200707": "155.45",
        "200708": "135.02",
        "200709": "140.94",
        "200710": "153.32",
        "200711": "131.07",
        "200712": "122.90",
        "200801": "94.68",
        "200802": "88.92",
        "200803": "88.96",
        "200804": "101.20",
        "200805": "110.48",
        "200806": "95.91",
        "200807": "86.94",
        "200808": "90.60",
        "200809": "77.55",
        "200810": "72.62",
        "200811": "56.71",
        "200812": "42.55",
        "200901": "42.06",
        "200902": "48.82",
        "200903": "56.45",
        "200904": "62.25",
        "200905": "69.27",
        "200906": "64.45",
        "200907": "72.01",
        "200908": "73.58",
        "200909": "83.69",
        "200910": "96.69",
        "200911": "108.52",
        "200912": "110.67",
        "201001": "114.55",
        "201002": "104.92",
        "201003": "107.50",
        "201004": "113.79",
        "201005": "95.27",
        "201006": "86.39",
        "201007": "90.05",
        "201008": "93.29",
        "201009": "91.43",
        "201010": "88.15",
        "201011": "91.37",
        "201012": "93.53",
        "201101": "89.56",
        "201102": "81.09",
        "201103": "76.92",
        "201104": "73.30",
        "201105": "70.74",
        "201106": "71.17",
        "201107": "69.04",
        "201108": "73.39",
        "201109": "76.14",
        "201110": "80.16",
        "201111": "81.82",
        "201112": "70.41",
        "201201": "75.26",
        "201202": "80.48",
        "201203": "75.37",
        "201204": "66.98",
        "201205": "68.71",
        "201206": "64.33",
        "201207": "63.23",
        "201208": "53.35",
        "201209": "56.60",
        "201210": "51.62",
        "201211": "45.36",
        "201212": "49.55",
        "201301": "53.30",
        "201302": "55.29",
        "201303": "55.07",
        "201304": "54.53",
        "201305": "52.40",
        "201306": "50.07",
        "201307": "49.93",
        "201308": "41.91",
        "201309": "41.12",
        "201310": "38.64",
        "201311": "33.79",
        "201312": "33.73",
        "201401": "37.84",
        "201402": "36.94",
        "201403": "36.71",
        "201404": "38.23",
        "201405": "37.93",
        "201406": "34.64",
        "201407": "34.25",
        "201408": "27.92",
        "201409": "25.40",
        "201410": "21.69",
        "201411": "17.48",
        "201412": "19.05",
        "201501": "21.42",
        "201502": "21.59",
        "201503": "24.81",
        "201504": "25.47",
        "201505": "22.56",
        "201506": "24.53",
        "201507": "21.69",
        "201508": "16.72",
        "201509": "16.90",
        "201510": "19.26",
        "201511": "17.78",
        "201512": "16.89",
        "201601": "16.73",
        "201602": "18.23",
        "201603": "18.36",
        "201604": "16.62",
        "201605": "14.89",
        "201606": "15.30",
        "201607": "15.74",
        "201608": "16.77",
        "201609": "16.60",
        "201610": "15.74",
        "201611": "14.99",
        "201612": "14.83",
        "201701": "15.58",
        "201702": "17.38",
        "201703": "16.81",
        "201704": "15.97",
        "201705": "15.17",
        "201706": "16.86",
        "201707": "18.86",
        "201708": "19.43",
        "201709": "20.77",
        "201710": "20.48",
        "201711": "18.75",
        "201712": "18.37",
        "201801": "18.65",
        "201802": "16.57",
        "201803": "16.54",
        "201804": "17.41",
        "201805": "16.48",
        "201806": "17.08",
        "201807": "15.70",
        "201808": "14.58",
        "201809": "15.07",
        "201810": "12.76",
        "201811": "12.15",
        "201812": "12.94",
        "201901": "12.44",
        "201902": "13.79",
        "201903": "15.35",
        "201904": "15.53",
        "201905": "14.21",
        "201906": "14.22",
        "201907": "14.55",
        "201908": "14.21",
        "201909": "18.22",
        "201910": "23.50",
        "201911": "26.10",
        "201912": "26.38",
        "202001": "25.94",
        "202002": "24.83",
        "202003": "22.22",
        "202004": "24.14",
        "202005": "29.45",
        "202006": "29.82",
        "202007": "28.14",
        "202008": "26.71",
        "202009": "28.13",
        "202010": "27.34",
        "202011": "30.61",
        "202012": "34.20",
        "202101": "33.26",
        "202102": "33.15",
        "202103": "34.22",
        "202104": "44.70",
        "202105": "34.89",
        "202106": "33.54",
        "202107": "34.74",
        "202108": "33.88",
        "202109": "33.59",
        "202110": "33.66",
        "202111": "33.99",
        "202112": "34.78",
        "202201": "34.39",
        "202202": "33.59",
        "202203": "33.30",
        "202204": "33.03",
        "202205": "32.57",
        "202206": "33.52",
        "202207": "32.66",
        "202208": "33.95",
        "202209": "34.45",
        "202210": "32.12",
        "202211": "32.44",
        "202212": "33.15",
        "202301": "33.31",
        "202302": "34.11",
        "202303": "34.59",
        "202304": "34.94",
        "202305": "34.16",
        "202306": "34.79",
        "202307": "34.41",
        "202308": "35.89",
        "202309": "42.33",
        "202310": "38.71",
        "202311": "37.46",
        "202312": "38.50",
        "202401": "39.20",
        "202402": "41.47",
        "202403": "40.90",
        "202404": "無"
    },
    "quarters": {
        "20011": {
            "year_quarter": 20011,
            "year": 2001,
            "quarter": 1,
            "eps": null,
            "eps_growth_year": null,
            "eps_4q": null,
            "eps_4q_growth_year": null,
            "roe": null,
            "roe_4q": 0,
            "gross_profit": null,
            "gross_margin": null,
            "gross_margin_4q_avg": 0,
            "net_income": null,
            "net_income_4q": null,
            "revenue": null,
            "revenue_4q": null,
            "common_shares": null,
            "book_valuer_per_share": null,
            "book_valuer_per_share_4q_avg": 0,
            "equity": null,
            "current_ratio": null,
            "debt_ratio": null,
            "inventory_turnover_ratio": null,
            "account_receivable_turnover_ratio": null,
            "reinvestment_rate": null,
            "research_to_sale_ratio": null,
            "price_fair": 0,
            "eps_avg_yearly": 0,
            "eps_latest_yearly": 0,
            "eps_growth_yearly": 0
        },
        "20012": {
            "year_quarter": 20012,
            "year": 2001,
            "quarter": 2,
            "eps": null,
            "eps_growth_year": null,
            "eps_4q": null,
            "eps_4q_growth_year": null,
            "roe": null,
            "roe_4q": 0,
            "gross_profit": null,
            "gross_margin": null,
            "gross_margin_4q_avg": 0,
            "net_income": null,
            "net_income_4q": null,
            "revenue": null,
            "revenue_4q": null,
            "common_shares": null,
            "book_valuer_per_share": null,
            "book_valuer_per_share_4q_avg": 0,
            "equity": null,
            "current_ratio": null,
            "debt_ratio": null,
            "inventory_turnover_ratio": null,
            "account_receivable_turnover_ratio": null,
            "reinvestment_rate": null,
            "research_to_sale_ratio": null,
            "price_fair": 0,
            "eps_avg_yearly": 0,
            "eps_latest_yearly": 0,
            "eps_growth_yearly": 0
        },
        "20013": {
            "year_quarter": 20013,
            "year": 2001,
            "quarter": 3,
            "eps": null,
            "eps_growth_year": null,
            "eps_4q": null,
            "eps_4q_growth_year": null,
            "roe": null,
            "roe_4q": 0,
            "gross_profit": null,
            "gross_margin": null,
            "gross_margin_4q_avg": 0,
            "net_income": null,
            "net_income_4q": null,
            "revenue": null,
            "revenue_4q": null,
            "common_shares": null,
            "book_valuer_per_share": null,
            "book_valuer_per_share_4q_avg": 0,
            "equity": null,
            "current_ratio": null,
            "debt_ratio": null,
            "inventory_turnover_ratio": null,
            "account_receivable_turnover_ratio": null,
            "reinvestment_rate": null,
            "research_to_sale_ratio": null,
            "price_fair": 0,
            "eps_avg_yearly": 0,
            "eps_latest_yearly": 0,
            "eps_growth_yearly": 0
        },
        "20014": {
            "year_quarter": 20014,
            "year": 2001,
            "quarter": 4,
            "eps": null,
            "eps_growth_year": null,
            "eps_4q": null,
            "eps_4q_growth_year": null,
            "roe": null,
            "roe_4q": 0,
            "gross_profit": null,
            "gross_margin": null,
            "gross_margin_4q_avg": 0,
            "net_income": null,
            "net_income_4q": null,
            "revenue": null,
            "revenue_4q": null,
            "common_shares": 600000,
            "book_valuer_per_share": 18.3,
            "book_valuer_per_share_4q_avg": 4.58,
            "equity": 1097790,
            "current_ratio": 197.95,
            "debt_ratio": 35.73,
            "inventory_turnover_ratio": null,
            "account_receivable_turnover_ratio": null,
            "reinvestment_rate": null,
            "research_to_sale_ratio": null,
            "price_fair": 0,
            "eps_avg_yearly": 0,
            "eps_latest_yearly": 0,
            "eps_growth_yearly": 0
        },
        "20021": {
            "year_quarter": 20021,
            "year": 2002,
            "quarter": 1,
            "eps": null,
            "eps_growth_year": null,
            "eps_4q": null,
            "eps_4q_growth_year": null,
            "roe": null,
            "roe_4q": 0,
            "gross_profit": null,
            "gross_margin": null,
            "gross_margin_4q_avg": 0,
            "net_income": null,
            "net_income_4q": null,
            "revenue": null,
            "revenue_4q": null,
            "common_shares": null,
            "book_valuer_per_share": null,
            "book_valuer_per_share_4q_avg": 4.58,
            "equity": null,
            "current_ratio": null,
            "debt_ratio": null,
            "inventory_turnover_ratio": null,
            "account_receivable_turnover_ratio": null,
            "reinvestment_rate": null,
            "research_to_sale_ratio": null,
            "price_fair": 0,
            "eps_avg_yearly": 0,
            "eps_latest_yearly": 0,
            "eps_growth_yearly": 0
        },
        "20022": {
            "year_quarter": 20022,
            "year": 2002,
            "quarter": 2,
            "eps": null,
            "eps_growth_year": null,
            "eps_4q": null,
            "eps_4q_growth_year": null,
            "roe": null,
            "roe_4q": 0,
            "gross_profit": null,
            "gross_margin": null,
            "gross_margin_4q_avg": 0,
            "net_income": null,
            "net_income_4q": null,
            "revenue": null,
            "revenue_4q": null,
            "common_shares": null,
            "book_valuer_per_share": null,
            "book_valuer_per_share_4q_avg": 4.58,
            "equity": null,
            "current_ratio": null,
            "debt_ratio": null,
            "inventory_turnover_ratio": null,
            "account_receivable_turnover_ratio": null,
            "reinvestment_rate": null,
            "research_to_sale_ratio": null,
            "price_fair": 0,
            "eps_avg_yearly": 0,
            "eps_latest_yearly": 0,
            "eps_growth_yearly": 0
        },
        "20023": {
            "year_quarter": 20023,
            "year": 2002,
            "quarter": 3,
            "eps": null,
            "eps_growth_year": null,
            "eps_4q": null,
            "eps_4q_growth_year": null,
            "roe": null,
            "roe_4q": 0,
            "gross_profit": null,
            "gross_margin": null,
            "gross_margin_4q_avg": 0,
            "net_income": null,
            "net_income_4q": null,
            "revenue": null,
            "revenue_4q": null,
            "common_shares": null,
            "book_valuer_per_share": null,
            "book_valuer_per_share_4q_avg": 4.58,
            "equity": null,
            "current_ratio": null,
            "debt_ratio": null,
            "inventory_turnover_ratio": null,
            "account_receivable_turnover_ratio": null,
            "reinvestment_rate": null,
            "research_to_sale_ratio": null,
            "price_fair": 0,
            "eps_avg_yearly": 0,
            "eps_latest_yearly": 0,
            "eps_growth_yearly": 0
        },
        "20024": {
            "year_quarter": 20024,
            "year": 2002,
            "quarter": 4,
            "eps": null,
            "eps_growth_year": null,
            "eps_4q": null,
            "eps_4q_growth_year": null,
            "roe": null,
            "roe_4q": 0,
            "gross_profit": null,
            "gross_margin": null,
            "gross_margin_4q_avg": 0,
            "net_income": null,
            "net_income_4q": null,
            "revenue": null,
            "revenue_4q": null,
            "common_shares": 450000,
            "book_valuer_per_share": 24.01,
            "book_valuer_per_share_4q_avg": 6,
            "equity": 1080226,
            "current_ratio": 152.89,
            "debt_ratio": 52.25,
            "inventory_turnover_ratio": null,
            "account_receivable_turnover_ratio": null,
            "reinvestment_rate": null,
            "research_to_sale_ratio": null,
            "price_fair": 0,
            "eps_avg_yearly": 0,
            "eps_latest_yearly": 0,
            "eps_growth_yearly": 0
        },
        "20031": {
            "year_quarter": 20031,
            "year": 2003,
            "quarter": 1,
            "eps": 2.19,
            "eps_growth_year": null,
            "eps_4q": null,
            "eps_4q_growth_year": null,
            "roe": 8.74,
            "roe_4q": 8.74,
            "gross_profit": 47267,
            "gross_margin": 14.05,
            "gross_margin_4q_avg": 3.51,
            "net_income": 98702,
            "net_income_4q": null,
            "revenue": 336481,
            "revenue_4q": null,
            "common_shares": 450000,
            "book_valuer_per_share": 26.2,
            "book_valuer_per_share_4q_avg": 12.55,
            "equity": 1178928,
            "current_ratio": 184.29,
            "debt_ratio": 31.62,
            "inventory_turnover_ratio": 2.5,
            "account_receivable_turnover_ratio": null,
            "reinvestment_rate": null,
            "research_to_sale_ratio": null,
            "price_fair": 0,
            "eps_avg_yearly": 0,
            "eps_latest_yearly": 0,
            "eps_growth_yearly": 0
        },
        "20032": {
            "year_quarter": 20032,
            "year": 2003,
            "quarter": 2,
            "eps": 1.07,
            "eps_growth_year": null,
            "eps_4q": null,
            "eps_4q_growth_year": null,
            "roe": 6.88,
            "roe_4q": 15.620000000000001,
            "gross_profit": 70072,
            "gross_margin": 12.7,
            "gross_margin_4q_avg": 6.69,
            "net_income": 83754,
            "net_income_4q": null,
            "revenue": 551759,
            "revenue_4q": null,
            "common_shares": 780600,
            "book_valuer_per_share": 16.07,
            "book_valuer_per_share_4q_avg": 16.57,
            "equity": 1254502,
            "current_ratio": 160.69,
            "debt_ratio": 37.87,
            "inventory_turnover_ratio": 7.31,
            "account_receivable_turnover_ratio": null,
            "reinvestment_rate": null,
            "research_to_sale_ratio": null,
            "price_fair": 12.84,
            "eps_avg_yearly": 4.28,
            "eps_latest_yearly": 4.28,
            "eps_growth_yearly": -204.57
        },
        "20033": {
            "year_quarter": 20033,
            "year": 2003,
            "quarter": 3,
            "eps": 1.36,
            "eps_growth_year": null,
            "eps_4q": null,
            "eps_4q_growth_year": null,
            "roe": 8.17,
            "roe_4q": 23.79,
            "gross_profit": 83275,
            "gross_margin": 18.35,
            "gross_margin_4q_avg": 11.28,
            "net_income": 105985,
            "net_income_4q": null,
            "revenue": 453930,
            "revenue_4q": null,
            "common_shares": 780600,
            "book_valuer_per_share": 17.17,
            "book_valuer_per_share_4q_avg": 20.86,
            "equity": 1340282,
            "current_ratio": 162.8,
            "debt_ratio": 33.39,
            "inventory_turnover_ratio": 5.65,
            "account_receivable_turnover_ratio": null,
            "reinvestment_rate": null,
            "research_to_sale_ratio": null,
            "price_fair": 14.58,
            "eps_avg_yearly": 4.86,
            "eps_latest_yearly": 5.44,
            "eps_growth_yearly": -48.08
        },
        "20034": {
            "year_quarter": 20034,
            "year": 2003,
            "quarter": 4,
            "eps": 1.44,
            "eps_growth_year": null,
            "eps_4q": 5.14,
            "eps_4q_growth_year": null,
            "roe": 8.02,
            "roe_4q": 31.809999999999995,
            "gross_profit": 49749,
            "gross_margin": 10.88,
            "gross_margin_4q_avg": 14,
            "net_income": 112199,
            "net_income_4q": null,
            "revenue": 457117,
            "revenue_4q": null,
            "common_shares": 780600,
            "book_valuer_per_share": 18.66,
            "book_valuer_per_share_4q_avg": 19.53,
            "equity": 1456320,
            "current_ratio": 161.63,
            "debt_ratio": 51.66,
            "inventory_turnover_ratio": 2.29,
            "account_receivable_turnover_ratio": null,
            "reinvestment_rate": null,
            "research_to_sale_ratio": null,
            "price_fair": 15.48,
            "eps_avg_yearly": 5.16,
            "eps_latest_yearly": 5.76,
            "eps_growth_yearly": -24.21
        },
        "20041": {
            "year_quarter": 20041,
            "year": 2004,
            "quarter": 1,
            "eps": 1.62,
            "eps_growth_year": -26.03,
            "eps_4q": 5.48,
            "eps_4q_growth_year": null,
            "roe": 8.41,
            "roe_4q": 31.48,
            "gross_profit": 106623,
            "gross_margin": 20.11,
            "gross_margin_4q_avg": 15.51,
            "net_income": 126696,
            "net_income_4q": null,
            "revenue": 530158,
            "revenue_4q": null,
            "common_shares": 780600,
            "book_valuer_per_share": 19.94,
            "book_valuer_per_share_4q_avg": 17.96,
            "equity": 1556151,
            "current_ratio": 184.79,
            "debt_ratio": 31.66,
            "inventory_turnover_ratio": 2.29,
            "account_receivable_turnover_ratio": null,
            "reinvestment_rate": null,
            "research_to_sale_ratio": null,
            "price_fair": 16.47,
            "eps_avg_yearly": 5.49,
            "eps_latest_yearly": 6.48,
            "eps_growth_yearly": -5.66
        },
        "20042": {
            "year_quarter": 20042,
            "year": 2004,
            "quarter": 2,
            "eps": 3.1,
            "eps_growth_year": 189.72,
            "eps_4q": 7.52,
            "eps_4q_growth_year": null,
            "roe": 14.99,
            "roe_4q": 39.589999999999996,
            "gross_profit": 145606,
            "gross_margin": 23.69,
            "gross_margin_4q_avg": 18.26,
            "net_income": 242019,
            "net_income_4q": null,
            "revenue": 614516,
            "revenue_4q": null,
            "common_shares": 780600,
            "book_valuer_per_share": 21.44,
            "book_valuer_per_share_4q_avg": 19.3,
            "equity": 1673469,
            "current_ratio": 195.66,
            "debt_ratio": 34.85,
            "inventory_turnover_ratio": 5.96,
            "account_receivable_turnover_ratio": null,
            "reinvestment_rate": null,
            "research_to_sale_ratio": null,
            "price_fair": 240.52,
            "eps_avg_yearly": 6.87,
            "eps_latest_yearly": 12.4,
            "eps_growth_yearly": 68.56
        },
        "20043": {
            "year_quarter": 20043,
            "year": 2004,
            "quarter": 3,
            "eps": 2.49,
            "eps_growth_year": 83.09,
            "eps_4q": 7.77,
            "eps_4q_growth_year": null,
            "roe": 12.67,
            "roe_4q": 44.09,
            "gross_profit": 179155,
            "gross_margin": 24.71,
            "gross_margin_4q_avg": 19.85,
            "net_income": 226878,
            "net_income_4q": null,
            "revenue": 724964,
            "revenue_4q": null,
            "common_shares": 911465,
            "book_valuer_per_share": 20.93,
            "book_valuer_per_share_4q_avg": 20.24,
            "equity": 1907557,
            "current_ratio": 192.04,
            "debt_ratio": 34.47,
            "inventory_turnover_ratio": 5.64,
            "account_receivable_turnover_ratio": null,
            "reinvestment_rate": null,
            "research_to_sale_ratio": null,
            "price_fair": 258.53,
            "eps_avg_yearly": 7.39,
            "eps_latest_yearly": 9.96,
            "eps_growth_yearly": 44.02
        },
        "20044": {
            "year_quarter": 20044,
            "year": 2004,
            "quarter": 4,
            "eps": 2.07,
            "eps_growth_year": 43.75,
            "eps_4q": 8.62,
            "eps_4q_growth_year": 67.62,
            "roe": 9.51,
            "roe_4q": 45.58,
            "gross_profit": 165937,
            "gross_margin": 21.4,
            "gross_margin_4q_avg": 22.48,
            "net_income": 188258,
            "net_income_4q": null,
            "revenue": 775434,
            "revenue_4q": null,
            "common_shares": 911465,
            "book_valuer_per_share": 22.49,
            "book_valuer_per_share_4q_avg": 21.2,
            "equity": 2049855,
            "current_ratio": 192.02,
            "debt_ratio": 45.16,
            "inventory_turnover_ratio": 3.82,
            "account_receivable_turnover_ratio": null,
            "reinvestment_rate": null,
            "research_to_sale_ratio": null,
            "price_fair": 263,
            "eps_avg_yearly": 7.51,
            "eps_latest_yearly": 8.28,
            "eps_growth_yearly": 28.09
        },
        "20051": {
            "year_quarter": 20051,
            "year": 2005,
            "quarter": 1,
            "eps": 1.41,
            "eps_growth_year": -12.96,
            "eps_4q": 8.6,
            "eps_4q_growth_year": 56.84,
            "roe": 6.13,
            "roe_4q": 43.300000000000004,
            "gross_profit": 107373,
            "gross_margin": 20.76,
            "gross_margin_4q_avg": 22.64,
            "net_income": 128941,
            "net_income_4q": null,
            "revenue": 517119,
            "revenue_4q": null,
            "common_shares": 911465,
            "book_valuer_per_share": 23.69,
            "book_valuer_per_share_4q_avg": 22.14,
            "equity": 2158854,
            "current_ratio": 238.11,
            "debt_ratio": 28.31,
            "inventory_turnover_ratio": 2.66,
            "account_receivable_turnover_ratio": null,
            "reinvestment_rate": null,
            "research_to_sale_ratio": null,
            "price_fair": 135.67,
            "eps_avg_yearly": 7.28,
            "eps_latest_yearly": 5.64,
            "eps_growth_yearly": 8.64
        },
        "20052": {
            "year_quarter": 20052,
            "year": 2005,
            "quarter": 2,
            "eps": 3.27,
            "eps_growth_year": 5.48,
            "eps_4q": 9.24,
            "eps_4q_growth_year": 22.91,
            "roe": 13.95,
            "roe_4q": 42.26,
            "gross_profit": 141379,
            "gross_margin": 22.65,
            "gross_margin_4q_avg": 22.38,
            "net_income": 298032,
            "net_income_4q": null,
            "revenue": 624272,
            "revenue_4q": null,
            "common_shares": 911465,
            "book_valuer_per_share": 23.2,
            "book_valuer_per_share_4q_avg": 22.58,
            "equity": 2114717,
            "current_ratio": 206.95,
            "debt_ratio": 35.36,
            "inventory_turnover_ratio": 4.33,
            "account_receivable_turnover_ratio": null,
            "reinvestment_rate": null,
            "research_to_sale_ratio": null,
            "price_fair": 277.36,
            "eps_avg_yearly": 7.92,
            "eps_latest_yearly": 13.08,
            "eps_growth_yearly": 66.31
        },
        "20053": {
            "year_quarter": 20053,
            "year": 2005,
            "quarter": 3,
            "eps": 2.34,
            "eps_growth_year": -6.02,
            "eps_4q": 7.76,
            "eps_4q_growth_year": -0.14,
            "roe": 11.66,
            "roe_4q": 41.25,
            "gross_profit": 106004,
            "gross_margin": 18.42,
            "gross_margin_4q_avg": 20.81,
            "net_income": 265766,
            "net_income_4q": null,
            "revenue": 575564,
            "revenue_4q": null,
            "common_shares": 1135578,
            "book_valuer_per_share": 21.53,
            "book_valuer_per_share_4q_avg": 22.73,
            "equity": 2444801,
            "current_ratio": 281.59,
            "debt_ratio": 27.29,
            "inventory_turnover_ratio": 3.62,
            "account_receivable_turnover_ratio": null,
            "reinvestment_rate": null,
            "research_to_sale_ratio": null,
            "price_fair": 282.38,
            "eps_avg_yearly": 8.07,
            "eps_latest_yearly": 9.36,
            "eps_growth_yearly": 48.3
        },
        "20054": {
            "year_quarter": 20054,
            "year": 2005,
            "quarter": 4,
            "eps": 2.65,
            "eps_growth_year": 28.02,
            "eps_4q": 8.75,
            "eps_4q_growth_year": 1.5,
            "roe": 11.58,
            "roe_4q": 43.32,
            "gross_profit": 201216,
            "gross_margin": 21.59,
            "gross_margin_4q_avg": 20.86,
            "net_income": 301025,
            "net_income_4q": null,
            "revenue": 931822,
            "revenue_4q": null,
            "common_shares": 1135578,
            "book_valuer_per_share": 24.11,
            "book_valuer_per_share_4q_avg": 23.13,
            "equity": 2752688,
            "current_ratio": 202.97,
            "debt_ratio": 44.36,
            "inventory_turnover_ratio": 2.5,
            "account_receivable_turnover_ratio": null,
            "reinvestment_rate": null,
            "research_to_sale_ratio": null,
            "price_fair": 290.44,
            "eps_avg_yearly": 8.3,
            "eps_latest_yearly": 10.6,
            "eps_growth_yearly": 48.73
        },
        "20061": {
            "year_quarter": 20061,
            "year": 2006,
            "quarter": 1,
            "eps": 2.17,
            "eps_growth_year": 53.9,
            "eps_4q": 9.8,
            "eps_4q_growth_year": 13.96,
            "roe": 8.58,
            "roe_4q": 45.769999999999996,
            "gross_profit": 188576,
            "gross_margin": 21.41,
            "gross_margin_4q_avg": 21.02,
            "net_income": 246093,
            "net_income_4q": null,
            "revenue": 880865,
            "revenue_4q": null,
            "common_shares": 1135578,
            "book_valuer_per_share": 26.29,
            "book_valuer_per_share_4q_avg": 23.78,
            "equity": 2985554,
            "current_ratio": 271.13,
            "debt_ratio": 29.35,
            "inventory_turnover_ratio": 2.01,
            "account_receivable_turnover_ratio": null,
            "reinvestment_rate": null,
            "research_to_sale_ratio": null,
            "price_fair": 291.55,
            "eps_avg_yearly": 8.33,
            "eps_latest_yearly": 8.68,
            "eps_growth_yearly": 38.63
        },
        "20062": {
            "year_quarter": 20062,
            "year": 2006,
            "quarter": 2,
            "eps": 2.54,
            "eps_growth_year": -22.32,
            "eps_4q": 9.69,
            "eps_4q_growth_year": 4.87,
            "roe": 9.97,
            "roe_4q": 41.790000000000006,
            "gross_profit": 203239,
            "gross_margin": 22.25,
            "gross_margin_4q_avg": 20.92,
            "net_income": 288795,
            "net_income_4q": null,
            "revenue": 913234,
            "revenue_4q": null,
            "common_shares": 1135578,
            "book_valuer_per_share": 24.73,
            "book_valuer_per_share_4q_avg": 24.17,
            "equity": 2808778,
            "current_ratio": 186.14,
            "debt_ratio": 45.06,
            "inventory_turnover_ratio": 2.71,
            "account_receivable_turnover_ratio": null,
            "reinvestment_rate": null,
            "research_to_sale_ratio": null,
            "price_fair": 296.48,
            "eps_avg_yearly": 8.47,
            "eps_latest_yearly": 10.16,
            "eps_growth_yearly": 40.9
        },
        "20063": {
            "year_quarter": 20063,
            "year": 2006,
            "quarter": 3,
            "eps": 2.04,
            "eps_growth_year": -12.82,
            "eps_4q": 8.24,
            "eps_4q_growth_year": 6.2,
            "roe": 9.27,
            "roe_4q": 39.4,
            "gross_profit": 199229,
            "gross_margin": 19.81,
            "gross_margin_4q_avg": 21.27,
            "net_income": 275123,
            "net_income_4q": null,
            "revenue": 1005787,
            "revenue_4q": null,
            "common_shares": 1348300,
            "book_valuer_per_share": 23.2,
            "book_valuer_per_share_4q_avg": 24.58,
            "equity": 3128621,
            "current_ratio": 204.44,
            "debt_ratio": 42.64,
            "inventory_turnover_ratio": 2.94,
            "account_receivable_turnover_ratio": null,
            "reinvestment_rate": null,
            "research_to_sale_ratio": null,
            "price_fair": 295.7,
            "eps_avg_yearly": 8.45,
            "eps_latest_yearly": 8.16,
            "eps_growth_yearly": 32.36
        },
        "20064": {
            "year_quarter": 20064,
            "year": 2006,
            "quarter": 4,
            "eps": 1.78,
            "eps_growth_year": -32.83,
            "eps_4q": 7.8,
            "eps_4q_growth_year": -10.84,
            "roe": 7.39,
            "roe_4q": 35.21,
            "gross_profit": 232922,
            "gross_margin": 19.68,
            "gross_margin_4q_avg": 20.79,
            "net_income": 239491,
            "net_income_4q": null,
            "revenue": 1183580,
            "revenue_4q": null,
            "common_shares": 1348300,
            "book_valuer_per_share": 24.77,
            "book_valuer_per_share_4q_avg": 24.75,
            "equity": 3356892,
            "current_ratio": 174.87,
            "debt_ratio": 49.97,
            "inventory_turnover_ratio": 2.28,
            "account_receivable_turnover_ratio": null,
            "reinvestment_rate": 43.79,
            "research_to_sale_ratio": null,
            "price_fair": 292.6,
            "eps_avg_yearly": 8.36,
            "eps_latest_yearly": 7.12,
            "eps_growth_yearly": 26.8
        },
        "20071": {
            "year_quarter": 20071,
            "year": 2007,
            "quarter": 1,
            "eps": 1.88,
            "eps_growth_year": -13.36,
            "eps_4q": 7.83,
            "eps_4q_growth_year": -20.08,
            "roe": 7.25,
            "roe_4q": 33.88,
            "gross_profit": 145990,
            "gross_margin": 15.47,
            "gross_margin_4q_avg": 19.3,
            "net_income": 253902,
            "net_income_4q": null,
            "revenue": 943536,
            "revenue_4q": null,
            "common_shares": 1348300,
            "book_valuer_per_share": 27.05,
            "book_valuer_per_share_4q_avg": 24.94,
            "equity": 3646922,
            "current_ratio": 275.82,
            "debt_ratio": 32.69,
            "inventory_turnover_ratio": 2.09,
            "account_receivable_turnover_ratio": null,
            "reinvestment_rate": 1.64,
            "research_to_sale_ratio": null,
            "price_fair": 290.76,
            "eps_avg_yearly": 8.31,
            "eps_latest_yearly": 7.52,
            "eps_growth_yearly": 26.53
        },
        "20072": {
            "year_quarter": 20072,
            "year": 2007,
            "quarter": 2,
            "eps": 2.5,
            "eps_growth_year": -1.57,
            "eps_4q": 8.2,
            "eps_4q_growth_year": -15.34,
            "roe": 9.6,
            "roe_4q": 33.510000000000005,
            "gross_profit": 233983,
            "gross_margin": 20.39,
            "gross_margin_4q_avg": 18.84,
            "net_income": 336907,
            "net_income_4q": null,
            "revenue": 1147806,
            "revenue_4q": null,
            "common_shares": 1348300,
            "book_valuer_per_share": 25.02,
            "book_valuer_per_share_4q_avg": 25.01,
            "equity": 3373685,
            "current_ratio": 190.3,
            "debt_ratio": 40.48,
            "inventory_turnover_ratio": 4.64,
            "account_receivable_turnover_ratio": null,
            "reinvestment_rate": 1.32,
            "research_to_sale_ratio": null,
            "price_fair": 303.28,
            "eps_avg_yearly": 8.67,
            "eps_latest_yearly": 10,
            "eps_growth_yearly": 47.56
        },
        "20073": {
            "year_quarter": 20073,
            "year": 2007,
            "quarter": 3,
            "eps": 2.34,
            "eps_growth_year": 14.71,
            "eps_4q": 7.84,
            "eps_4q_growth_year": -4.83,
            "roe": 9.93,
            "roe_4q": 34.17,
            "gross_profit": 238969,
            "gross_margin": 20.63,
            "gross_margin_4q_avg": 19.04,
            "net_income": 353258,
            "net_income_4q": null,
            "revenue": 1158543,
            "revenue_4q": null,
            "common_shares": 1507302,
            "book_valuer_per_share": 24.81,
            "book_valuer_per_share_4q_avg": 25.41,
            "equity": 3739021,
            "current_ratio": 189.24,
            "debt_ratio": 38.97,
            "inventory_turnover_ratio": 5.24,
            "account_receivable_turnover_ratio": null,
            "reinvestment_rate": 1.23,
            "research_to_sale_ratio": null,
            "price_fair": 311.85,
            "eps_avg_yearly": 8.91,
            "eps_latest_yearly": 9.36,
            "eps_growth_yearly": 39.18
        },
        "20074": {
            "year_quarter": 20074,
            "year": 2007,
            "quarter": 4,
            "eps": 2.29,
            "eps_growth_year": 28.65,
            "eps_4q": 8.54,
            "eps_4q_growth_year": 9.51,
            "roe": 8.68,
            "roe_4q": 35.46,
            "gross_profit": 286978,
            "gross_margin": 20.69,
            "gross_margin_4q_avg": 19.3,
            "net_income": 345786,
            "net_income_4q": null,
            "revenue": 1387295,
            "revenue_4q": null,
            "common_shares": 1507302,
            "book_valuer_per_share": 27.53,
            "book_valuer_per_share_4q_avg": 26.1,
            "equity": 4225763,
            "current_ratio": 185.79,
            "debt_ratio": 51.84,
            "inventory_turnover_ratio": 4.1,
            "account_receivable_turnover_ratio": null,
            "reinvestment_rate": 57.98,
            "research_to_sale_ratio": null,
            "price_fair": 319.29,
            "eps_avg_yearly": 9.12,
            "eps_latest_yearly": 9.16,
            "eps_growth_yearly": 37.18
        },
        "20081": {
            "year_quarter": 20081,
            "year": 2008,
            "quarter": 1,
            "eps": 1.45,
            "eps_growth_year": -22.87,
            "eps_4q": 8.36,
            "eps_4q_growth_year": 6.8,
            "roe": 5.06,
            "roe_4q": 33.269999999999996,
            "gross_profit": 542680,
            "gross_margin": 26.01,
            "gross_margin_4q_avg": 21.93,
            "net_income": 217572,
            "net_income_4q": null,
            "revenue": 2086777,
            "revenue_4q": null,
            "common_shares": 1507302,
            "book_valuer_per_share": 28.52,
            "book_valuer_per_share_4q_avg": 26.47,
            "equity": 4372154,
            "current_ratio": 191.5,
            "debt_ratio": 48.85,
            "inventory_turnover_ratio": 4.09,
            "account_receivable_turnover_ratio": null,
            "reinvestment_rate": 66.09,
            "research_to_sale_ratio": null,
            "price_fair": 316.75,
            "eps_avg_yearly": 9.08,
            "eps_latest_yearly": 5.8,
            "eps_growth_yearly": 24.88
        },
        "20082": {
            "year_quarter": 20082,
            "year": 2008,
            "quarter": 2,
            "eps": 1.83,
            "eps_growth_year": -26.8,
            "eps_4q": 7.97,
            "eps_4q_growth_year": -2.82,
            "roe": 6.65,
            "roe_4q": 30.32,
            "gross_profit": 504035,
            "gross_margin": 24.12,
            "gross_margin_4q_avg": 22.86,
            "net_income": 273901,
            "net_income_4q": null,
            "revenue": 2089652,
            "revenue_4q": null,
            "common_shares": 1507302,
            "book_valuer_per_share": 25.16,
            "book_valuer_per_share_4q_avg": 26.51,
            "equity": 3864952,
            "current_ratio": 151.79,
            "debt_ratio": 55.98,
            "inventory_turnover_ratio": 4.2,
            "account_receivable_turnover_ratio": null,
            "reinvestment_rate": 66.51,
            "research_to_sale_ratio": null,
            "price_fair": 162.95,
            "eps_avg_yearly": 8.76,
            "eps_latest_yearly": 7.32,
            "eps_growth_yearly": 8.6
        },
        "20083": {
            "year_quarter": 20083,
            "year": 2008,
            "quarter": 3,
            "eps": 1.92,
            "eps_growth_year": -17.95,
            "eps_4q": 6.88,
            "eps_4q_growth_year": -12.29,
            "roe": 7.96,
            "roe_4q": 28.349999999999998,
            "gross_profit": 585425,
            "gross_margin": 23.35,
            "gross_margin_4q_avg": 23.54,
            "net_income": 326243,
            "net_income_4q": null,
            "revenue": 2507538,
            "revenue_4q": null,
            "common_shares": 1713771,
            "book_valuer_per_share": 24.81,
            "book_valuer_per_share_4q_avg": 26.51,
            "equity": 4327058,
            "current_ratio": 152.43,
            "debt_ratio": 51.67,
            "inventory_turnover_ratio": 4.07,
            "account_receivable_turnover_ratio": null,
            "reinvestment_rate": 69.02,
            "research_to_sale_ratio": null,
            "price_fair": 213.31,
            "eps_avg_yearly": 8.62,
            "eps_latest_yearly": 7.68,
            "eps_growth_yearly": 14.75
        },
        "20084": {
            "year_quarter": 20084,
            "year": 2008,
            "quarter": 4,
            "eps": 1.73,
            "eps_growth_year": -24.45,
            "eps_4q": 6.62,
            "eps_4q_growth_year": -22.56,
            "roe": 6.63,
            "roe_4q": 26.3,
            "gross_profit": 452313,
            "gross_margin": 18.68,
            "gross_margin_4q_avg": 23.04,
            "net_income": 292473,
            "net_income_4q": null,
            "revenue": 2421667,
            "revenue_4q": null,
            "common_shares": 1713771,
            "book_valuer_per_share": 25.78,
            "book_valuer_per_share_4q_avg": 26.07,
            "equity": 4491534,
            "current_ratio": 144.79,
            "debt_ratio": 52.69,
            "inventory_turnover_ratio": 3.73,
            "account_receivable_turnover_ratio": null,
            "reinvestment_rate": 61.52,
            "research_to_sale_ratio": null,
            "price_fair": 226.08,
            "eps_avg_yearly": 8.54,
            "eps_latest_yearly": 6.92,
            "eps_growth_yearly": 16.49
        },
        "20091": {
            "year_quarter": 20091,
            "year": 2009,
            "quarter": 1,
            "eps": 0.88,
            "eps_growth_year": -39.31,
            "eps_4q": 6.17,
            "eps_4q_growth_year": -26.19,
            "roe": 3.25,
            "roe_4q": 24.490000000000002,
            "gross_profit": 401154,
            "gross_margin": 20.06,
            "gross_margin_4q_avg": 21.55,
            "net_income": 149506,
            "net_income_4q": null,
            "revenue": 1999282,
            "revenue_4q": null,
            "common_shares": 1713771,
            "book_valuer_per_share": 26.97,
            "book_valuer_per_share_4q_avg": 25.68,
            "equity": 4699077,
            "current_ratio": 136.68,
            "debt_ratio": 49.82,
            "inventory_turnover_ratio": 3.44,
            "account_receivable_turnover_ratio": null,
            "reinvestment_rate": 75.1,
            "research_to_sale_ratio": null,
            "price_fair": 186.34,
            "eps_avg_yearly": 8.4,
            "eps_latest_yearly": 3.52,
            "eps_growth_yearly": 12.18
        },
        "20092": {
            "year_quarter": 20092,
            "year": 2009,
            "quarter": 2,
            "eps": 1.83,
            "eps_growth_year": 0,
            "eps_4q": 6.27,
            "eps_4q_growth_year": -21.36,
            "roe": 6.8,
            "roe_4q": 24.64,
            "gross_profit": 571644,
            "gross_margin": 21.65,
            "gross_margin_4q_avg": 20.94,
            "net_income": 316261,
            "net_income_4q": null,
            "revenue": 2640399,
            "revenue_4q": null,
            "common_shares": 1713771,
            "book_valuer_per_share": 26.4,
            "book_valuer_per_share_4q_avg": 25.99,
            "equity": 4603672,
            "current_ratio": 130.05,
            "debt_ratio": 54.1,
            "inventory_turnover_ratio": 4.74,
            "account_receivable_turnover_ratio": 2.09,
            "reinvestment_rate": 72.41,
            "research_to_sale_ratio": null,
            "price_fair": 130.18,
            "eps_avg_yearly": 8.04,
            "eps_latest_yearly": 7.32,
            "eps_growth_yearly": 6.19
        },
        "20093": {
            "year_quarter": 20093,
            "year": 2009,
            "quarter": 3,
            "eps": 2.47,
            "eps_growth_year": 28.65,
            "eps_4q": 6.73,
            "eps_4q_growth_year": -2.1,
            "roe": 9.09,
            "roe_4q": 25.77,
            "gross_profit": 748404,
            "gross_margin": 24.32,
            "gross_margin_4q_avg": 21.18,
            "net_income": 434678,
            "net_income_4q": null,
            "revenue": 3077619,
            "revenue_4q": null,
            "common_shares": 1759438,
            "book_valuer_per_share": 27.75,
            "book_valuer_per_share_4q_avg": 26.73,
            "equity": 4964797,
            "current_ratio": 170.14,
            "debt_ratio": 52.95,
            "inventory_turnover_ratio": 5.13,
            "account_receivable_turnover_ratio": 1.08,
            "reinvestment_rate": 68.49,
            "research_to_sale_ratio": null,
            "price_fair": 258.72,
            "eps_avg_yearly": 8.08,
            "eps_latest_yearly": 9.88,
            "eps_growth_yearly": 22.04
        },
        "20094": {
            "year_quarter": 20094,
            "year": 2009,
            "quarter": 4,
            "eps": 2.18,
            "eps_growth_year": 26.01,
            "eps_4q": 7.3,
            "eps_4q_growth_year": 10.41,
            "roe": 7.33,
            "roe_4q": 26.470000000000002,
            "gross_profit": 798797,
            "gross_margin": 25.74,
            "gross_margin_4q_avg": 22.94,
            "net_income": 377095,
            "net_income_4q": null,
            "revenue": 3103603,
            "revenue_4q": null,
            "common_shares": 1759438,
            "book_valuer_per_share": 29.76,
            "book_valuer_per_share_4q_avg": 27.72,
            "equity": 5320690,
            "current_ratio": 170.7,
            "debt_ratio": 53.38,
            "inventory_turnover_ratio": 5.1,
            "account_receivable_turnover_ratio": 1,
            "reinvestment_rate": 52.67,
            "research_to_sale_ratio": null,
            "price_fair": 205.24,
            "eps_avg_yearly": 7.96,
            "eps_latest_yearly": 8.72,
            "eps_growth_yearly": 15.79
        },
        "20101": {
            "year_quarter": 20101,
            "year": 2010,
            "quarter": 1,
            "eps": null,
            "eps_growth_year": null,
            "eps_4q": null,
            "eps_4q_growth_year": null,
            "roe": null,
            "roe_4q": 23.220000000000002,
            "gross_profit": 668821,
            "gross_margin": null,
            "gross_margin_4q_avg": 17.93,
            "net_income": 288803,
            "net_income_4q": null,
            "revenue": 2862314,
            "revenue_4q": null,
            "common_shares": 1759438,
            "book_valuer_per_share": 31.32,
            "book_valuer_per_share_4q_avg": 28.81,
            "equity": 5597375,
            "current_ratio": 182.13,
            "debt_ratio": 51.4,
            "inventory_turnover_ratio": null,
            "account_receivable_turnover_ratio": null,
            "reinvestment_rate": null,
            "research_to_sale_ratio": null,
            "price_fair": 250.53,
            "eps_avg_yearly": 7.91,
            "eps_latest_yearly": 8.72,
            "eps_growth_yearly": 21.68
        },
        "20102": {
            "year_quarter": 20102,
            "year": 2010,
            "quarter": 2,
            "eps": 1.99,
            "eps_growth_year": 8.78,
            "eps_4q": 6.53,
            "eps_4q_growth_year": 4.19,
            "roe": 6.41,
            "roe_4q": 22.83,
            "gross_profit": 722497,
            "gross_margin": 22.76,
            "gross_margin_4q_avg": 18.21,
            "net_income": 352806,
            "net_income_4q": null,
            "revenue": 3174050,
            "revenue_4q": null,
            "common_shares": 1759438,
            "book_valuer_per_share": 30.55,
            "book_valuer_per_share_4q_avg": 29.85,
            "equity": 5404291,
            "current_ratio": 160.5,
            "debt_ratio": 56.96,
            "inventory_turnover_ratio": 4.38,
            "account_receivable_turnover_ratio": 1.78,
            "reinvestment_rate": 67.29,
            "research_to_sale_ratio": null,
            "price_fair": 219.69,
            "eps_avg_yearly": 7.75,
            "eps_latest_yearly": 8.72,
            "eps_growth_yearly": 18.35
        },
        "20103": {
            "year_quarter": 20103,
            "year": 2010,
            "quarter": 3,
            "eps": 2.73,
            "eps_growth_year": 10.44,
            "eps_4q": 6.83,
            "eps_4q_growth_year": 1.49,
            "roe": 8.63,
            "roe_4q": 22.37,
            "gross_profit": 910341,
            "gross_margin": 23.06,
            "gross_margin_4q_avg": 17.89,
            "net_income": 484597,
            "net_income_4q": null,
            "revenue": 3947741,
            "revenue_4q": null,
            "common_shares": 1792226,
            "book_valuer_per_share": 32.34,
            "book_valuer_per_share_4q_avg": 30.99,
            "equity": 5821690,
            "current_ratio": 183.52,
            "debt_ratio": 53.89,
            "inventory_turnover_ratio": 4.38,
            "account_receivable_turnover_ratio": 1.08,
            "reinvestment_rate": 62.82,
            "research_to_sale_ratio": 2.21,
            "price_fair": 278.1,
            "eps_avg_yearly": 7.95,
            "eps_latest_yearly": 10.92,
            "eps_growth_yearly": 34.6
        },
        "20104": {
            "year_quarter": 20104,
            "year": 2010,
            "quarter": 4,
            "eps": 1.96,
            "eps_growth_year": -10.21,
            "eps_4q": 6.68,
            "eps_4q_growth_year": -8.6,
            "roe": 6.02,
            "roe_4q": 21.060000000000002,
            "gross_profit": 794221,
            "gross_margin": 20.62,
            "gross_margin_4q_avg": 16.61,
            "net_income": 351548,
            "net_income_4q": null,
            "revenue": 3851337,
            "revenue_4q": null,
            "common_shares": 1792226,
            "book_valuer_per_share": 32.59,
            "book_valuer_per_share_4q_avg": 31.7,
            "equity": 5864533,
            "current_ratio": 177.77,
            "debt_ratio": 54.79,
            "inventory_turnover_ratio": 4.3,
            "account_receivable_turnover_ratio": 1.12,
            "reinvestment_rate": 26.4,
            "research_to_sale_ratio": 2.79,
            "price_fair": 279.9,
            "eps_avg_yearly": 8,
            "eps_latest_yearly": 7.84,
            "eps_growth_yearly": 30.18
        },
        "20111": {
            "year_quarter": 20111,
            "year": 2011,
            "quarter": 1,
            "eps": 1.53,
            "eps_growth_year": null,
            "eps_4q": 8.21,
            "eps_4q_growth_year": null,
            "roe": 4.49,
            "roe_4q": 25.55,
            "gross_profit": 639709,
            "gross_margin": 20.3,
            "gross_margin_4q_avg": 21.69,
            "net_income": 271355,
            "net_income_4q": null,
            "revenue": 3151639,
            "revenue_4q": null,
            "common_shares": 1792226,
            "book_valuer_per_share": 34.61,
            "book_valuer_per_share_4q_avg": 32.52,
            "equity": 6223759,
            "current_ratio": 204.57,
            "debt_ratio": 53.58,
            "inventory_turnover_ratio": 4.06,
            "account_receivable_turnover_ratio": 1.05,
            "reinvestment_rate": 58.56,
            "research_to_sale_ratio": 2.66,
            "price_fair": 255.16,
            "eps_avg_yearly": 7.9,
            "eps_latest_yearly": 6.12,
            "eps_growth_yearly": 22.31
        },
        "20112": {
            "year_quarter": 20112,
            "year": 2011,
            "quarter": 2,
            "eps": 1.22,
            "eps_growth_year": -38.63,
            "eps_4q": 7.31,
            "eps_4q_growth_year": 11.97,
            "roe": 3.78,
            "roe_4q": 22.92,
            "gross_profit": 474632,
            "gross_margin": 18.8,
            "gross_margin_4q_avg": 20.7,
            "net_income": 219280,
            "net_income_4q": null,
            "revenue": 2524831,
            "revenue_4q": null,
            "common_shares": 1792226,
            "book_valuer_per_share": 29.87,
            "book_valuer_per_share_4q_avg": 32.35,
            "equity": 5381773,
            "current_ratio": 171.9,
            "debt_ratio": 58.22,
            "inventory_turnover_ratio": 3.47,
            "account_receivable_turnover_ratio": 0.94,
            "reinvestment_rate": 58.8,
            "research_to_sale_ratio": 2.94,
            "price_fair": 128.78,
            "eps_avg_yearly": 7.53,
            "eps_latest_yearly": 4.88,
            "eps_growth_yearly": 7.1
        },
        "20113": {
            "year_quarter": 20113,
            "year": 2011,
            "quarter": 3,
            "eps": 2.62,
            "eps_growth_year": -3.81,
            "eps_4q": 7.27,
            "eps_4q_growth_year": 6.34,
            "roe": 8.16,
            "roe_4q": 22.45,
            "gross_profit": 959751,
            "gross_margin": 24.98,
            "gross_margin_4q_avg": 21.18,
            "net_income": 472012,
            "net_income_4q": null,
            "revenue": 3841618,
            "revenue_4q": null,
            "common_shares": 1829553,
            "book_valuer_per_share": 33.78,
            "book_valuer_per_share_4q_avg": 32.71,
            "equity": 6193602,
            "current_ratio": 182.26,
            "debt_ratio": 53.75,
            "inventory_turnover_ratio": 4.21,
            "account_receivable_turnover_ratio": 1.15,
            "reinvestment_rate": 60.58,
            "research_to_sale_ratio": 2.55,
            "price_fair": 266.4,
            "eps_avg_yearly": 7.61,
            "eps_latest_yearly": 10.48,
            "eps_growth_yearly": 41.71
        },
        "20114": {
            "year_quarter": 20114,
            "year": 2011,
            "quarter": 4,
            "eps": 2.02,
            "eps_growth_year": 3.36,
            "eps_4q": 7.37,
            "eps_4q_growth_year": 10.41,
            "roe": 5.65,
            "roe_4q": 22.08,
            "gross_profit": 1006292,
            "gross_margin": 24.47,
            "gross_margin_4q_avg": 22.14,
            "net_income": 360937,
            "net_income_4q": null,
            "revenue": 4112006,
            "revenue_4q": null,
            "common_shares": 1809553,
            "book_valuer_per_share": 35.93,
            "book_valuer_per_share_4q_avg": 33.55,
            "equity": 6578270,
            "current_ratio": 176.35,
            "debt_ratio": 53.66,
            "inventory_turnover_ratio": 4.04,
            "account_receivable_turnover_ratio": 0.97,
            "reinvestment_rate": 8.77,
            "research_to_sale_ratio": 2.95,
            "price_fair": 263.7,
            "eps_avg_yearly": 7.53,
            "eps_latest_yearly": 8.08,
            "eps_growth_yearly": 35.78
        },
        "20121": {
            "year_quarter": 20121,
            "year": 2012,
            "quarter": 1,
            "eps": 1.18,
            "eps_growth_year": -22.88,
            "eps_4q": 7.04,
            "eps_4q_growth_year": -14.2,
            "roe": 3.17,
            "roe_4q": 20.76,
            "gross_profit": 598040,
            "gross_margin": 23.36,
            "gross_margin_4q_avg": 22.9,
            "net_income": 209666,
            "net_income_4q": null,
            "revenue": 2560126,
            "revenue_4q": null,
            "common_shares": 1809553,
            "book_valuer_per_share": 36.34,
            "book_valuer_per_share_4q_avg": 33.98,
            "equity": 6647010,
            "current_ratio": 195.31,
            "debt_ratio": 47.79,
            "inventory_turnover_ratio": 2.85,
            "account_receivable_turnover_ratio": 0.71,
            "reinvestment_rate": 7.32,
            "research_to_sale_ratio": 3.66,
            "price_fair": 261,
            "eps_avg_yearly": 7.46,
            "eps_latest_yearly": 4.72,
            "eps_growth_yearly": 34.38
        },
        "20122": {
            "year_quarter": 20122,
            "year": 2012,
            "quarter": 2,
            "eps": 1.27,
            "eps_growth_year": 4.34,
            "eps_4q": 6.98,
            "eps_4q_growth_year": -4.51,
            "roe": 3.69,
            "roe_4q": 20.67,
            "gross_profit": 539482,
            "gross_margin": 24.97,
            "gross_margin_4q_avg": 24.45,
            "net_income": 233826,
            "net_income_4q": null,
            "revenue": 2160473,
            "revenue_4q": null,
            "common_shares": 1809553,
            "book_valuer_per_share": 32.96,
            "book_valuer_per_share_4q_avg": 34.75,
            "equity": 6033818,
            "current_ratio": 176.71,
            "debt_ratio": 49.17,
            "inventory_turnover_ratio": 3.17,
            "account_receivable_turnover_ratio": 0.82,
            "reinvestment_rate": 4.72,
            "research_to_sale_ratio": 3.99,
            "price_fair": 255.4,
            "eps_avg_yearly": 7.3,
            "eps_latest_yearly": 5.08,
            "eps_growth_yearly": 29.07
        },
        "20123": {
            "year_quarter": 20123,
            "year": 2012,
            "quarter": 3,
            "eps": 1.08,
            "eps_growth_year": -58.78,
            "eps_4q": 5.49,
            "eps_4q_growth_year": -24.41,
            "roe": 3.37,
            "roe_4q": 15.88,
            "gross_profit": 562172,
            "gross_margin": 24.79,
            "gross_margin_4q_avg": 24.4,
            "net_income": 206091,
            "net_income_4q": null,
            "revenue": 2267961,
            "revenue_4q": null,
            "common_shares": 1845643,
            "book_valuer_per_share": 33.21,
            "book_valuer_per_share_4q_avg": 34.61,
            "equity": 6201027,
            "current_ratio": 203.23,
            "debt_ratio": 41.21,
            "inventory_turnover_ratio": 4.28,
            "account_receivable_turnover_ratio": 0.92,
            "reinvestment_rate": -2.69,
            "research_to_sale_ratio": 4.02,
            "price_fair": 235.66,
            "eps_avg_yearly": 7.06,
            "eps_latest_yearly": 4.32,
            "eps_growth_yearly": 23.39
        },
        "20124": {
            "year_quarter": 20124,
            "year": 2012,
            "quarter": 4,
            "eps": 1.14,
            "eps_growth_year": -43.88,
            "eps_4q": 4.64,
            "eps_4q_growth_year": -37,
            "roe": 3.29,
            "roe_4q": 13.52,
            "gross_profit": 549113,
            "gross_margin": 26.6,
            "gross_margin_4q_avg": 24.93,
            "net_income": 207261,
            "net_income_4q": null,
            "revenue": 2063983,
            "revenue_4q": null,
            "common_shares": 1845643,
            "book_valuer_per_share": 34.3,
            "book_valuer_per_share_4q_avg": 34.2,
            "equity": 6400025,
            "current_ratio": 203.31,
            "debt_ratio": 40.04,
            "inventory_turnover_ratio": 4.27,
            "account_receivable_turnover_ratio": 0.88,
            "reinvestment_rate": -9.27,
            "research_to_sale_ratio": 4.82,
            "price_fair": 241.1,
            "eps_avg_yearly": 6.89,
            "eps_latest_yearly": 4.56,
            "eps_growth_yearly": 27.81
        },
        "20131": {
            "year_quarter": 20131,
            "year": 2013,
            "quarter": 1,
            "eps": 0.57,
            "eps_growth_year": -51.69,
            "eps_4q": 4.06,
            "eps_4q_growth_year": -42.4,
            "roe": 1.6,
            "roe_4q": 11.950000000000001,
            "gross_profit": 388088,
            "gross_margin": 21.15,
            "gross_margin_4q_avg": 24.38,
            "net_income": 103790,
            "net_income_4q": null,
            "revenue": 1834660,
            "revenue_4q": null,
            "common_shares": 1845643,
            "book_valuer_per_share": 35.37,
            "book_valuer_per_share_4q_avg": 33.96,
            "equity": 6599076,
            "current_ratio": 279.29,
            "debt_ratio": 38.68,
            "inventory_turnover_ratio": 4.05,
            "account_receivable_turnover_ratio": 0.92,
            "reinvestment_rate": -12.21,
            "research_to_sale_ratio": 4.81,
            "price_fair": 238,
            "eps_avg_yearly": 6.8,
            "eps_latest_yearly": 2.28,
            "eps_growth_yearly": 27.56
        },
        "20132": {
            "year_quarter": 20132,
            "year": 2013,
            "quarter": 2,
            "eps": 0.63,
            "eps_growth_year": -50.58,
            "eps_4q": 3.36,
            "eps_4q_growth_year": -51.82,
            "roe": 1.82,
            "roe_4q": 10.08,
            "gross_profit": 419343,
            "gross_margin": 20.94,
            "gross_margin_4q_avg": 23.37,
            "net_income": 116831,
            "net_income_4q": null,
            "revenue": 2002266,
            "revenue_4q": null,
            "common_shares": 1845643,
            "book_valuer_per_share": 33.34,
            "book_valuer_per_share_4q_avg": 34.06,
            "equity": 6223037,
            "current_ratio": 216.5,
            "debt_ratio": 44.53,
            "inventory_turnover_ratio": 4.14,
            "account_receivable_turnover_ratio": 1.07,
            "reinvestment_rate": -9.64,
            "research_to_sale_ratio": 4.68,
            "price_fair": 19.37,
            "eps_avg_yearly": 6.46,
            "eps_latest_yearly": 2.52,
            "eps_growth_yearly": -0.28
        },
        "20133": {
            "year_quarter": 20133,
            "year": 2013,
            "quarter": 3,
            "eps": 0.23,
            "eps_growth_year": -78.73,
            "eps_4q": 2.53,
            "eps_4q_growth_year": -53.93,
            "roe": 0.68,
            "roe_4q": 7.39,
            "gross_profit": 295036,
            "gross_margin": 17.11,
            "gross_margin_4q_avg": 21.45,
            "net_income": 42358,
            "net_income_4q": null,
            "revenue": 1724415,
            "revenue_4q": null,
            "common_shares": 1877057,
            "book_valuer_per_share": 32.72,
            "book_valuer_per_share_4q_avg": 33.93,
            "equity": 6210803,
            "current_ratio": 303.2,
            "debt_ratio": 39.53,
            "inventory_turnover_ratio": 3.97,
            "account_receivable_turnover_ratio": 0.99,
            "reinvestment_rate": -10.1,
            "research_to_sale_ratio": 5.73,
            "price_fair": 17.45,
            "eps_avg_yearly": 5.82,
            "eps_latest_yearly": 0.92,
            "eps_growth_yearly": -28.41
        },
        "20134": {
            "year_quarter": 20134,
            "year": 2013,
            "quarter": 4,
            "eps": 0.01,
            "eps_growth_year": -98.9,
            "eps_4q": 1.43,
            "eps_4q_growth_year": -69.28,
            "roe": 0.03,
            "roe_4q": 4.130000000000001,
            "gross_profit": 197127,
            "gross_margin": 15.12,
            "gross_margin_4q_avg": 18.58,
            "net_income": 1588,
            "net_income_4q": null,
            "revenue": 1303755,
            "revenue_4q": null,
            "common_shares": 1877057,
            "book_valuer_per_share": 32.98,
            "book_valuer_per_share_4q_avg": 33.6,
            "equity": 6258892,
            "current_ratio": 335.65,
            "debt_ratio": 38.02,
            "inventory_turnover_ratio": 3.16,
            "account_receivable_turnover_ratio": 0.88,
            "reinvestment_rate": -12.14,
            "research_to_sale_ratio": 7.12,
            "price_fair": 15.59,
            "eps_avg_yearly": 5.2,
            "eps_latest_yearly": 0.04,
            "eps_growth_yearly": -52.38
        },
        "20141": {
            "year_quarter": 20141,
            "year": 2014,
            "quarter": 1,
            "eps": -0.25,
            "eps_growth_year": -143.86,
            "eps_4q": 0.63,
            "eps_4q_growth_year": -84.6,
            "roe": -0.78,
            "roe_4q": 1.75,
            "gross_profit": 81188,
            "gross_margin": 7.18,
            "gross_margin_4q_avg": 15.09,
            "net_income": -48913,
            "net_income_4q": null,
            "revenue": 1130475,
            "revenue_4q": null,
            "common_shares": 1877057,
            "book_valuer_per_share": 32.82,
            "book_valuer_per_share_4q_avg": 32.97,
            "equity": 6227587,
            "current_ratio": 389.61,
            "debt_ratio": 35.41,
            "inventory_turnover_ratio": 2.93,
            "account_receivable_turnover_ratio": 0.91,
            "reinvestment_rate": -9.13,
            "research_to_sale_ratio": 5.71,
            "price_fair": 15.59,
            "eps_avg_yearly": 5.2,
            "eps_latest_yearly": 0.04,
            "eps_growth_yearly": -52.38
        },
        "20142": {
            "year_quarter": 20142,
            "year": 2014,
            "quarter": 2,
            "eps": -0.4,
            "eps_growth_year": -163.49,
            "eps_4q": -0.41,
            "eps_4q_growth_year": -112.07,
            "roe": -1.28,
            "roe_4q": -1.35,
            "gross_profit": 93760,
            "gross_margin": 7.86,
            "gross_margin_4q_avg": 11.82,
            "net_income": -77827,
            "net_income_4q": null,
            "revenue": 1192487,
            "revenue_4q": null,
            "common_shares": 1877057,
            "book_valuer_per_share": 31.05,
            "book_valuer_per_share_4q_avg": 32.39,
            "equity": 5890896,
            "current_ratio": 356.84,
            "debt_ratio": 37.25,
            "inventory_turnover_ratio": 3.38,
            "account_receivable_turnover_ratio": 1,
            "reinvestment_rate": -16.21,
            "research_to_sale_ratio": 4.77,
            "price_fair": 15.59,
            "eps_avg_yearly": 5.2,
            "eps_latest_yearly": 0.04,
            "eps_growth_yearly": -52.38
        },
        "20143": {
            "year_quarter": 20143,
            "year": 2014,
            "quarter": 3,
            "eps": -6.66,
            "eps_growth_year": -2995.65,
            "eps_4q": -7.29,
            "eps_4q_growth_year": -388.24,
            "roe": -23.85,
            "roe_4q": -25.880000000000003,
            "gross_profit": -70272,
            "gross_margin": -6.35,
            "gross_margin_4q_avg": 5.95,
            "net_income": -1265172,
            "net_income_4q": null,
            "revenue": 1107032,
            "revenue_4q": null,
            "common_shares": 1893838,
            "book_valuer_per_share": 24.6,
            "book_valuer_per_share_4q_avg": 30.36,
            "equity": 4719405,
            "current_ratio": 340.64,
            "debt_ratio": 42.09,
            "inventory_turnover_ratio": 4.42,
            "account_receivable_turnover_ratio": 0.94,
            "reinvestment_rate": -96.59,
            "research_to_sale_ratio": 6.45,
            "price_fair": 14.27,
            "eps_avg_yearly": 4.76,
            "eps_latest_yearly": 0.04,
            "eps_growth_yearly": -67.86
        },
        "20144": {
            "year_quarter": 20144,
            "year": 2014,
            "quarter": 4,
            "eps": 0.01,
            "eps_growth_year": -56.59,
            "eps_4q": -7.3,
            "eps_4q_growth_year": -611.84,
            "roe": -0.16,
            "roe_4q": -26.070000000000004,
            "gross_profit": 133051,
            "gross_margin": 12.41,
            "gross_margin_4q_avg": 5.28,
            "net_income": -7544,
            "net_income_4q": null,
            "revenue": 1072526,
            "revenue_4q": null,
            "common_shares": 1893838,
            "book_valuer_per_share": 25.02,
            "book_valuer_per_share_4q_avg": 28.37,
            "equity": 4792918,
            "current_ratio": 364.25,
            "debt_ratio": 40.93,
            "inventory_turnover_ratio": 3.89,
            "account_receivable_turnover_ratio": 1.06,
            "reinvestment_rate": -168.35,
            "research_to_sale_ratio": 4.89,
            "price_fair": 13.5,
            "eps_avg_yearly": 4.5,
            "eps_latest_yearly": 0.04,
            "eps_growth_yearly": -64.11
        },
        "20151": {
            "year_quarter": 20151,
            "year": 2015,
            "quarter": 1,
            "eps": 0.16,
            "eps_growth_year": null,
            "eps_4q": -6.9,
            "eps_4q_growth_year": -1203.51,
            "roe": 0.53,
            "roe_4q": -24.76,
            "gross_profit": 166439,
            "gross_margin": 19.17,
            "gross_margin_4q_avg": 8.27,
            "net_income": 25469,
            "net_income_4q": null,
            "revenue": 868214,
            "revenue_4q": null,
            "common_shares": 1893838,
            "book_valuer_per_share": 25,
            "book_valuer_per_share_4q_avg": 26.42,
            "equity": 4783366,
            "current_ratio": 427.44,
            "debt_ratio": 38.45,
            "inventory_turnover_ratio": 2.83,
            "account_receivable_turnover_ratio": 1.02,
            "reinvestment_rate": -215.66,
            "research_to_sale_ratio": 5.09,
            "price_fair": 141.52,
            "eps_avg_yearly": 4.04,
            "eps_latest_yearly": 0.64,
            "eps_growth_yearly": 443.2
        },
        "20152": {
            "year_quarter": 20152,
            "year": 2015,
            "quarter": 2,
            "eps": 0.31,
            "eps_growth_year": null,
            "eps_4q": -6.39,
            "eps_4q_growth_year": null,
            "roe": 1.08,
            "roe_4q": -22.400000000000002,
            "gross_profit": 157777,
            "gross_margin": 18.7,
            "gross_margin_4q_avg": 10.98,
            "net_income": 49711,
            "net_income_4q": null,
            "revenue": 843584,
            "revenue_4q": null,
            "common_shares": 1893838,
            "book_valuer_per_share": 23.92,
            "book_valuer_per_share_4q_avg": 24.64,
            "equity": 4426602,
            "current_ratio": 374.21,
            "debt_ratio": 41.62,
            "inventory_turnover_ratio": 2.5,
            "account_receivable_turnover_ratio": 1.1,
            "reinvestment_rate": -267.71,
            "research_to_sale_ratio": 5.52,
            "price_fair": 130.9,
            "eps_avg_yearly": 3.74,
            "eps_latest_yearly": 1.24,
            "eps_growth_yearly": 481.21
        },
        "20153": {
            "year_quarter": 20153,
            "year": 2015,
            "quarter": 3,
            "eps": 0.37,
            "eps_growth_year": null,
            "eps_4q": 0.87,
            "eps_4q_growth_year": null,
            "roe": 1.22,
            "roe_4q": 2.67,
            "gross_profit": 138075,
            "gross_margin": 15.22,
            "gross_margin_4q_avg": 16.38,
            "net_income": 54380,
            "net_income_4q": null,
            "revenue": 907183,
            "revenue_4q": null,
            "common_shares": 1893838,
            "book_valuer_per_share": 24.83,
            "book_valuer_per_share_4q_avg": 24.69,
            "equity": 4482120,
            "current_ratio": 399.17,
            "debt_ratio": 40.77,
            "inventory_turnover_ratio": 2.71,
            "account_receivable_turnover_ratio": 1.2,
            "reinvestment_rate": -749.77,
            "research_to_sale_ratio": 4.64,
            "price_fair": 104.65,
            "eps_avg_yearly": 2.99,
            "eps_latest_yearly": 1.48,
            "eps_growth_yearly": 449.41
        },
        "20154": {
            "year_quarter": 20154,
            "year": 2015,
            "quarter": 4,
            "eps": -0.05,
            "eps_growth_year": -1064.85,
            "eps_4q": 0.81,
            "eps_4q_growth_year": null,
            "roe": -0.63,
            "roe_4q": 2.2,
            "gross_profit": 108017,
            "gross_margin": 11.85,
            "gross_margin_4q_avg": 16.24,
            "net_income": -28177,
            "net_income_4q": null,
            "revenue": 911212,
            "revenue_4q": null,
            "common_shares": 1893838,
            "book_valuer_per_share": 24.48,
            "book_valuer_per_share_4q_avg": 24.56,
            "equity": 4400781,
            "current_ratio": 390.76,
            "debt_ratio": 40.6,
            "inventory_turnover_ratio": 3.51,
            "account_receivable_turnover_ratio": 1.29,
            "reinvestment_rate": null,
            "research_to_sale_ratio": 4.57,
            "price_fair": 88.45,
            "eps_avg_yearly": 2.53,
            "eps_latest_yearly": 1.48,
            "eps_growth_yearly": 498.59
        },
        "20161": {
            "year_quarter": 20161,
            "year": 2016,
            "quarter": 1,
            "eps": -0.37,
            "eps_growth_year": -331.25,
            "eps_4q": 0.27,
            "eps_4q_growth_year": null,
            "roe": -1.8,
            "roe_4q": -0.13000000000000012,
            "gross_profit": 15589,
            "gross_margin": 2.57,
            "gross_margin_4q_avg": 12.09,
            "net_income": -78222,
            "net_income_4q": null,
            "revenue": 605467,
            "revenue_4q": null,
            "common_shares": 1893838,
            "book_valuer_per_share": 24.04,
            "book_valuer_per_share_4q_avg": 24.32,
            "equity": 4310961,
            "current_ratio": 452.54,
            "debt_ratio": 38.78,
            "inventory_turnover_ratio": 3.5,
            "account_receivable_turnover_ratio": 1.1,
            "reinvestment_rate": null,
            "research_to_sale_ratio": 6.47,
            "price_fair": 80.78,
            "eps_avg_yearly": 2.31,
            "eps_latest_yearly": 1.48,
            "eps_growth_yearly": 565.08
        },
        "20162": {
            "year_quarter": 20162,
            "year": 2016,
            "quarter": 2,
            "eps": 0.01,
            "eps_growth_year": -96.77,
            "eps_4q": -0.04,
            "eps_4q_growth_year": null,
            "roe": 0.08,
            "roe_4q": -1.1300000000000001,
            "gross_profit": 86592,
            "gross_margin": 14.13,
            "gross_margin_4q_avg": 10.94,
            "net_income": 3300,
            "net_income_4q": null,
            "revenue": 612831,
            "revenue_4q": null,
            "common_shares": 1893838,
            "book_valuer_per_share": 23.06,
            "book_valuer_per_share_4q_avg": 24.1,
            "equity": 4135671,
            "current_ratio": 486.27,
            "debt_ratio": 38.71,
            "inventory_turnover_ratio": 3.66,
            "account_receivable_turnover_ratio": 1.43,
            "reinvestment_rate": null,
            "research_to_sale_ratio": 5.48,
            "price_fair": 70,
            "eps_avg_yearly": 2,
            "eps_latest_yearly": 1.48,
            "eps_growth_yearly": 624.48
        },
        "20163": {
            "year_quarter": 20163,
            "year": 2016,
            "quarter": 3,
            "eps": -0.12,
            "eps_growth_year": -132.43,
            "eps_4q": -0.53,
            "eps_4q_growth_year": -160.91,
            "roe": -0.46,
            "roe_4q": -2.81,
            "gross_profit": 88991,
            "gross_margin": 14.22,
            "gross_margin_4q_avg": 10.69,
            "net_income": -18663,
            "net_income_4q": null,
            "revenue": 625990,
            "revenue_4q": null,
            "common_shares": 1893838,
            "book_valuer_per_share": 22.38,
            "book_valuer_per_share_4q_avg": 23.49,
            "equity": 4016715,
            "current_ratio": 352.79,
            "debt_ratio": 37.84,
            "inventory_turnover_ratio": 4.03,
            "account_receivable_turnover_ratio": 1.52,
            "reinvestment_rate": null,
            "research_to_sale_ratio": 6.03,
            "price_fair": 59.85,
            "eps_avg_yearly": 1.71,
            "eps_latest_yearly": 1.48,
            "eps_growth_yearly": 710.02
        },
        "20164": {
            "year_quarter": 20164,
            "year": 2016,
            "quarter": 4,
            "eps": -0.13,
            "eps_growth_year": null,
            "eps_4q": -0.61,
            "eps_4q_growth_year": -174.81,
            "roe": -0.59,
            "roe_4q": -2.77,
            "gross_profit": 66133,
            "gross_margin": 12.17,
            "gross_margin_4q_avg": 10.77,
            "net_income": -23288,
            "net_income_4q": null,
            "revenue": 543444,
            "revenue_4q": null,
            "common_shares": 1893838,
            "book_valuer_per_share": 21.97,
            "book_valuer_per_share_4q_avg": 22.86,
            "equity": 3941910,
            "current_ratio": 352.39,
            "debt_ratio": 37.83,
            "inventory_turnover_ratio": 3.92,
            "account_receivable_turnover_ratio": 1.54,
            "reinvestment_rate": null,
            "research_to_sale_ratio": 6.72,
            "price_fair": 45.6,
            "eps_avg_yearly": 1.3,
            "eps_latest_yearly": 1.48,
            "eps_growth_yearly": 808.28
        },
        "20171": {
            "year_quarter": 20171,
            "year": 2017,
            "quarter": 1,
            "eps": -0.36,
            "eps_growth_year": null,
            "eps_4q": -0.6,
            "eps_4q_growth_year": -318.38,
            "roe": -1.68,
            "roe_4q": -2.65,
            "gross_profit": 65089,
            "gross_margin": 12.31,
            "gross_margin_4q_avg": 13.21,
            "net_income": -64391,
            "net_income_4q": null,
            "revenue": 528686,
            "revenue_4q": null,
            "common_shares": 1893838,
            "book_valuer_per_share": 20.77,
            "book_valuer_per_share_4q_avg": 22.05,
            "equity": 3727471,
            "current_ratio": 205.62,
            "debt_ratio": 37.63,
            "inventory_turnover_ratio": 4.32,
            "account_receivable_turnover_ratio": 1.45,
            "reinvestment_rate": null,
            "research_to_sale_ratio": 5.82,
            "price_fair": 39.9,
            "eps_avg_yearly": 1.14,
            "eps_latest_yearly": 1.48,
            "eps_growth_yearly": 976.32
        },
        "20172": {
            "year_quarter": 20172,
            "year": 2017,
            "quarter": 2,
            "eps": -0.15,
            "eps_growth_year": -1600,
            "eps_4q": -0.75,
            "eps_4q_growth_year": null,
            "roe": -0.71,
            "roe_4q": -3.4399999999999995,
            "gross_profit": 58510,
            "gross_margin": 11.49,
            "gross_margin_4q_avg": 12.55,
            "net_income": -26601,
            "net_income_4q": null,
            "revenue": 509031,
            "revenue_4q": null,
            "common_shares": 1893838,
            "book_valuer_per_share": 20.91,
            "book_valuer_per_share_4q_avg": 21.51,
            "equity": 3752091,
            "current_ratio": 396.9,
            "debt_ratio": 18.68,
            "inventory_turnover_ratio": 4.46,
            "account_receivable_turnover_ratio": 1.2,
            "reinvestment_rate": null,
            "research_to_sale_ratio": 4.76,
            "price_fair": 30.24,
            "eps_avg_yearly": 0.86,
            "eps_latest_yearly": 1.48,
            "eps_growth_yearly": 1163.17
        },
        "20173": {
            "year_quarter": 20173,
            "year": 2017,
            "quarter": 3,
            "eps": 0.05,
            "eps_growth_year": null,
            "eps_4q": -0.58,
            "eps_4q_growth_year": null,
            "roe": 0.25,
            "roe_4q": -2.7299999999999995,
            "gross_profit": 93378,
            "gross_margin": 14.07,
            "gross_margin_4q_avg": 12.51,
            "net_income": 9593,
            "net_income_4q": null,
            "revenue": 663690,
            "revenue_4q": null,
            "common_shares": 1893838,
            "book_valuer_per_share": 21.16,
            "book_valuer_per_share_4q_avg": 21.2,
            "equity": 3796639,
            "current_ratio": 359.05,
            "debt_ratio": 20.69,
            "inventory_turnover_ratio": 5.51,
            "account_receivable_turnover_ratio": 1.34,
            "reinvestment_rate": null,
            "research_to_sale_ratio": 4.46,
            "price_fair": 29.75,
            "eps_avg_yearly": 0.85,
            "eps_latest_yearly": 1.48,
            "eps_growth_yearly": 1517.45
        },
        "20174": {
            "year_quarter": 20174,
            "year": 2017,
            "quarter": 4,
            "eps": -0,
            "eps_growth_year": null,
            "eps_4q": -0.46,
            "eps_4q_growth_year": null,
            "roe": -0.02,
            "roe_4q": -2.16,
            "gross_profit": 86954,
            "gross_margin": 14.9,
            "gross_margin_4q_avg": 13.19,
            "net_income": -706,
            "net_income_4q": null,
            "revenue": 583647,
            "revenue_4q": null,
            "common_shares": 1893838,
            "book_valuer_per_share": 21.2,
            "book_valuer_per_share_4q_avg": 21.01,
            "equity": 3803195,
            "current_ratio": 428.27,
            "debt_ratio": 21.83,
            "inventory_turnover_ratio": 4.36,
            "account_receivable_turnover_ratio": 1.12,
            "reinvestment_rate": null,
            "research_to_sale_ratio": 5.09,
            "price_fair": 39.2,
            "eps_avg_yearly": 1.12,
            "eps_latest_yearly": 1.48,
            "eps_growth_yearly": 2150.81
        },
        "20181": {
            "year_quarter": 20181,
            "year": 2018,
            "quarter": 1,
            "eps": -0.09,
            "eps_growth_year": null,
            "eps_4q": -0.19,
            "eps_4q_growth_year": null,
            "roe": -0.42,
            "roe_4q": -0.8999999999999999,
            "gross_profit": 70315,
            "gross_margin": 13.77,
            "gross_margin_4q_avg": 13.56,
            "net_income": -16146,
            "net_income_4q": null,
            "revenue": 510619,
            "revenue_4q": null,
            "common_shares": 1893838,
            "book_valuer_per_share": 21.33,
            "book_valuer_per_share_4q_avg": 21.15,
            "equity": 3826726,
            "current_ratio": 530.5,
            "debt_ratio": 17.71,
            "inventory_turnover_ratio": 3.54,
            "account_receivable_turnover_ratio": 1.17,
            "reinvestment_rate": null,
            "research_to_sale_ratio": 5.86,
            "price_fair": 39.2,
            "eps_avg_yearly": 1.12,
            "eps_latest_yearly": 1.48,
            "eps_growth_yearly": 2150.81
        },
        "20182": {
            "year_quarter": 20182,
            "year": 2018,
            "quarter": 2,
            "eps": -0.38,
            "eps_growth_year": null,
            "eps_4q": -0.42,
            "eps_4q_growth_year": null,
            "roe": -1.79,
            "roe_4q": -1.98,
            "gross_profit": 21877,
            "gross_margin": 4.49,
            "gross_margin_4q_avg": 11.81,
            "net_income": -67857,
            "net_income_4q": null,
            "revenue": 487363,
            "revenue_4q": null,
            "common_shares": 1893838,
            "book_valuer_per_share": 20.97,
            "book_valuer_per_share_4q_avg": 21.17,
            "equity": 3761769,
            "current_ratio": 528.21,
            "debt_ratio": 17.66,
            "inventory_turnover_ratio": 3.49,
            "account_receivable_turnover_ratio": 1.21,
            "reinvestment_rate": null,
            "research_to_sale_ratio": 5.79,
            "price_fair": 39.2,
            "eps_avg_yearly": 1.12,
            "eps_latest_yearly": 1.48,
            "eps_growth_yearly": 2150.81
        },
        "20183": {
            "year_quarter": 20183,
            "year": 2018,
            "quarter": 3,
            "eps": 0.17,
            "eps_growth_year": 240,
            "eps_4q": -0.31,
            "eps_4q_growth_year": null,
            "roe": 0.79,
            "roe_4q": -1.44,
            "gross_profit": 95508,
            "gross_margin": 14.66,
            "gross_margin_4q_avg": 11.96,
            "net_income": 29618,
            "net_income_4q": null,
            "revenue": 651459,
            "revenue_4q": null,
            "common_shares": 1793838,
            "book_valuer_per_share": 20.62,
            "book_valuer_per_share_4q_avg": 21.03,
            "equity": 3698947,
            "current_ratio": 466.79,
            "debt_ratio": 19.73,
            "inventory_turnover_ratio": 3.82,
            "account_receivable_turnover_ratio": 1.36,
            "reinvestment_rate": null,
            "research_to_sale_ratio": 4.74,
            "price_fair": 39.2,
            "eps_avg_yearly": 1.12,
            "eps_latest_yearly": 1.48,
            "eps_growth_yearly": 2150.81
        },
        "20184": {
            "year_quarter": 20184,
            "year": 2018,
            "quarter": 4,
            "eps": 0.11,
            "eps_growth_year": null,
            "eps_4q": -0.19,
            "eps_4q_growth_year": null,
            "roe": 0.55,
            "roe_4q": -0.8699999999999999,
            "gross_profit": 94867,
            "gross_margin": 15.77,
            "gross_margin_4q_avg": 12.17,
            "net_income": 20569,
            "net_income_4q": null,
            "revenue": 601603,
            "revenue_4q": null,
            "common_shares": 1793838,
            "book_valuer_per_share": 20.98,
            "book_valuer_per_share_4q_avg": 20.98,
            "equity": 3763588,
            "current_ratio": 450.88,
            "debt_ratio": 20.67,
            "inventory_turnover_ratio": 2.99,
            "account_receivable_turnover_ratio": 0.86,
            "reinvestment_rate": null,
            "research_to_sale_ratio": 5.81,
            "price_fair": 33.25,
            "eps_avg_yearly": 0.95,
            "eps_latest_yearly": 0.44,
            "eps_growth_yearly": 1577.81
        },
        "20191": {
            "year_quarter": 20191,
            "year": 2019,
            "quarter": 1,
            "eps": -0.05,
            "eps_growth_year": null,
            "eps_4q": -0.15,
            "eps_4q_growth_year": null,
            "roe": -0.24,
            "roe_4q": -0.69,
            "gross_profit": 76490,
            "gross_margin": 13.75,
            "gross_margin_4q_avg": 12.17,
            "net_income": -8949,
            "net_income_4q": null,
            "revenue": 556185,
            "revenue_4q": null,
            "common_shares": 1793838,
            "book_valuer_per_share": 21.09,
            "book_valuer_per_share_4q_avg": 20.92,
            "equity": 3782824,
            "current_ratio": 463.98,
            "debt_ratio": 20.53,
            "inventory_turnover_ratio": 2.77,
            "account_receivable_turnover_ratio": 0.85,
            "reinvestment_rate": null,
            "research_to_sale_ratio": 5.63,
            "price_fair": 36.87,
            "eps_avg_yearly": 1.05,
            "eps_latest_yearly": 0.44,
            "eps_growth_yearly": 103.75
        },
        "20192": {
            "year_quarter": 20192,
            "year": 2019,
            "quarter": 2,
            "eps": -0.27,
            "eps_growth_year": null,
            "eps_4q": -0.04,
            "eps_4q_growth_year": null,
            "roe": -1.27,
            "roe_4q": -0.16999999999999993,
            "gross_profit": 56789,
            "gross_margin": 11.24,
            "gross_margin_4q_avg": 13.86,
            "net_income": -47799,
            "net_income_4q": null,
            "revenue": 505381,
            "revenue_4q": null,
            "common_shares": 1793838,
            "book_valuer_per_share": 20.85,
            "book_valuer_per_share_4q_avg": 20.89,
            "equity": 3739735,
            "current_ratio": 539.45,
            "debt_ratio": 18.44,
            "inventory_turnover_ratio": 2.79,
            "account_receivable_turnover_ratio": 1.09,
            "reinvestment_rate": null,
            "research_to_sale_ratio": 7.13,
            "price_fair": 2.88,
            "eps_avg_yearly": 0.96,
            "eps_latest_yearly": 0.44,
            "eps_growth_yearly": -31.88
        },
        "20193": {
            "year_quarter": 20193,
            "year": 2019,
            "quarter": 3,
            "eps": 0.18,
            "eps_growth_year": 5.88,
            "eps_4q": -0.33,
            "eps_4q_growth_year": null,
            "roe": 0.52,
            "roe_4q": -0.43999999999999995,
            "gross_profit": 107208,
            "gross_margin": 16.44,
            "gross_margin_4q_avg": 14.3,
            "net_income": 16208,
            "net_income_4q": null,
            "revenue": 652091,
            "revenue_4q": null,
            "common_shares": 600000,
            "book_valuer_per_share": 42.47,
            "book_valuer_per_share_4q_avg": 26.35,
            "equity": 2547951,
            "current_ratio": 366.09,
            "debt_ratio": 25.22,
            "inventory_turnover_ratio": 3.33,
            "account_receivable_turnover_ratio": 1.26,
            "reinvestment_rate": null,
            "research_to_sale_ratio": 4.27,
            "price_fair": 1.32,
            "eps_avg_yearly": 0.44,
            "eps_latest_yearly": 0.44,
            "eps_growth_yearly": -141.18
        },
        "20194": {
            "year_quarter": 20194,
            "year": 2019,
            "quarter": 4,
            "eps": 0.17,
            "eps_growth_year": 46.01,
            "eps_4q": -0.51,
            "eps_4q_growth_year": null,
            "roe": 0.4,
            "roe_4q": -0.59,
            "gross_profit": 106347,
            "gross_margin": 18.27,
            "gross_margin_4q_avg": 14.93,
            "net_income": 10045,
            "net_income_4q": null,
            "revenue": 582117,
            "revenue_4q": null,
            "common_shares": 600000,
            "book_valuer_per_share": 42.02,
            "book_valuer_per_share_4q_avg": 31.61,
            "equity": 2521003,
            "current_ratio": 372.9,
            "debt_ratio": 24.64,
            "inventory_turnover_ratio": 2.76,
            "account_receivable_turnover_ratio": 1.14,
            "reinvestment_rate": null,
            "research_to_sale_ratio": 4.18,
            "price_fair": 1.68,
            "eps_avg_yearly": 0.56,
            "eps_latest_yearly": 0.68,
            "eps_growth_yearly": -81.7
        },
        "20201": {
            "year_quarter": 20201,
            "year": 2020,
            "quarter": 1,
            "eps": -6.68,
            "eps_growth_year": null,
            "eps_4q": -7.04,
            "eps_4q_growth_year": null,
            "roe": -17.32,
            "roe_4q": -17.67,
            "gross_profit": -42296,
            "gross_margin": -9.65,
            "gross_margin_4q_avg": 9.08,
            "net_income": -400868,
            "net_income_4q": null,
            "revenue": 438259,
            "revenue_4q": null,
            "common_shares": 600000,
            "book_valuer_per_share": 35.15,
            "book_valuer_per_share_4q_avg": 35.12,
            "equity": 2108795,
            "current_ratio": 365.46,
            "debt_ratio": 27.43,
            "inventory_turnover_ratio": 2.91,
            "account_receivable_turnover_ratio": 1.1,
            "reinvestment_rate": null,
            "research_to_sale_ratio": 8.05,
            "price_fair": 1.68,
            "eps_avg_yearly": 0.56,
            "eps_latest_yearly": 0.68,
            "eps_growth_yearly": -81.7
        },
        "20202": {
            "year_quarter": 20202,
            "year": 2020,
            "quarter": 2,
            "eps": -0.14,
            "eps_growth_year": null,
            "eps_4q": -6.39,
            "eps_4q_growth_year": null,
            "roe": -0.41,
            "roe_4q": -16.810000000000002,
            "gross_profit": 29685,
            "gross_margin": 9.41,
            "gross_margin_4q_avg": 8.62,
            "net_income": -8584,
            "net_income_4q": null,
            "revenue": 315465,
            "revenue_4q": null,
            "common_shares": 600000,
            "book_valuer_per_share": 34.53,
            "book_valuer_per_share_4q_avg": 38.54,
            "equity": 2071806,
            "current_ratio": 431.45,
            "debt_ratio": 23.86,
            "inventory_turnover_ratio": 1.77,
            "account_receivable_turnover_ratio": 0.97,
            "reinvestment_rate": null,
            "research_to_sale_ratio": 4.91,
            "price_fair": 1.68,
            "eps_avg_yearly": 0.56,
            "eps_latest_yearly": 0.68,
            "eps_growth_yearly": -81.7
        },
        "20203": {
            "year_quarter": 20203,
            "year": 2020,
            "quarter": 3,
            "eps": 0.22,
            "eps_growth_year": 22.22,
            "eps_4q": -6.44,
            "eps_4q_growth_year": null,
            "roe": 0.64,
            "roe_4q": -16.69,
            "gross_profit": 92018,
            "gross_margin": 20.34,
            "gross_margin_4q_avg": 9.59,
            "net_income": 13255,
            "net_income_4q": null,
            "revenue": 452332,
            "revenue_4q": null,
            "common_shares": 600000,
            "book_valuer_per_share": 34.7,
            "book_valuer_per_share_4q_avg": 36.6,
            "equity": 2081834,
            "current_ratio": 434.68,
            "debt_ratio": 23.74,
            "inventory_turnover_ratio": 2.12,
            "account_receivable_turnover_ratio": 1.36,
            "reinvestment_rate": null,
            "research_to_sale_ratio": 3.09,
            "price_fair": 1.68,
            "eps_avg_yearly": 0.56,
            "eps_latest_yearly": 0.68,
            "eps_growth_yearly": -81.7
        },
        "20204": {
            "year_quarter": 20204,
            "year": 2020,
            "quarter": 4,
            "eps": 0.5,
            "eps_growth_year": 198.05,
            "eps_4q": -6.1,
            "eps_4q_growth_year": null,
            "roe": 1.43,
            "roe_4q": -15.66,
            "gross_profit": 84914,
            "gross_margin": 16.08,
            "gross_margin_4q_avg": 9.05,
            "net_income": 29939,
            "net_income_4q": null,
            "revenue": 527946,
            "revenue_4q": null,
            "common_shares": 600000,
            "book_valuer_per_share": 34.87,
            "book_valuer_per_share_4q_avg": 34.81,
            "equity": 2092028,
            "current_ratio": 377.73,
            "debt_ratio": 27.35,
            "inventory_turnover_ratio": 2.43,
            "account_receivable_turnover_ratio": 1.34,
            "reinvestment_rate": null,
            "research_to_sale_ratio": 1.73,
            "price_fair": 36.4,
            "eps_avg_yearly": 1.04,
            "eps_latest_yearly": 2,
            "eps_growth_yearly": 115.23
        },
        "20211": {
            "year_quarter": 20211,
            "year": 2021,
            "quarter": 1,
            "eps": 0.23,
            "eps_growth_year": null,
            "eps_4q": 0.72,
            "eps_4q_growth_year": null,
            "roe": 0.63,
            "roe_4q": 2.29,
            "gross_profit": 74737,
            "gross_margin": 15.88,
            "gross_margin_4q_avg": 15.43,
            "net_income": 14090,
            "net_income_4q": null,
            "revenue": 470664,
            "revenue_4q": null,
            "common_shares": 680000,
            "book_valuer_per_share": 34.93,
            "book_valuer_per_share_4q_avg": 34.76,
            "equity": 2375378,
            "current_ratio": 467.81,
            "debt_ratio": 22.06,
            "inventory_turnover_ratio": 1.96,
            "account_receivable_turnover_ratio": 1.15,
            "reinvestment_rate": null,
            "research_to_sale_ratio": 2.4,
            "price_fair": 35.35,
            "eps_avg_yearly": 1.01,
            "eps_latest_yearly": 0.92,
            "eps_growth_yearly": 32.42
        },
        "20212": {
            "year_quarter": 20212,
            "year": 2021,
            "quarter": 2,
            "eps": 0.2,
            "eps_growth_year": null,
            "eps_4q": 1.04,
            "eps_4q_growth_year": null,
            "roe": 0.58,
            "roe_4q": 3.28,
            "gross_profit": 63550,
            "gross_margin": 15.63,
            "gross_margin_4q_avg": 16.98,
            "net_income": 13652,
            "net_income_4q": null,
            "revenue": 406684,
            "revenue_4q": null,
            "common_shares": 680000,
            "book_valuer_per_share": 34.72,
            "book_valuer_per_share_4q_avg": 34.81,
            "equity": 2360772,
            "current_ratio": 479.91,
            "debt_ratio": 20.76,
            "inventory_turnover_ratio": 1.62,
            "account_receivable_turnover_ratio": 1.13,
            "reinvestment_rate": null,
            "research_to_sale_ratio": 2.55,
            "price_fair": 24.69,
            "eps_avg_yearly": 0.97,
            "eps_latest_yearly": 0.8,
            "eps_growth_yearly": 15.5
        },
        "20213": {
            "year_quarter": 20213,
            "year": 2021,
            "quarter": 3,
            "eps": 0.2,
            "eps_growth_year": -9.09,
            "eps_4q": 1.05,
            "eps_4q_growth_year": null,
            "roe": 0.58,
            "roe_4q": 3.2199999999999998,
            "gross_profit": 72351,
            "gross_margin": 15.97,
            "gross_margin_4q_avg": 15.89,
            "net_income": 13707,
            "net_income_4q": null,
            "revenue": 453099,
            "revenue_4q": null,
            "common_shares": 680000,
            "book_valuer_per_share": 34.84,
            "book_valuer_per_share_4q_avg": 34.84,
            "equity": 2369318,
            "current_ratio": 408.47,
            "debt_ratio": 22.15,
            "inventory_turnover_ratio": 1.67,
            "account_receivable_turnover_ratio": 1.29,
            "reinvestment_rate": null,
            "research_to_sale_ratio": 2.15,
            "price_fair": 21.54,
            "eps_avg_yearly": 0.94,
            "eps_latest_yearly": 0.8,
            "eps_growth_yearly": 12.92
        },
        "20214": {
            "year_quarter": 20214,
            "year": 2021,
            "quarter": 4,
            "eps": 0.3,
            "eps_growth_year": -39.95,
            "eps_4q": 0.91,
            "eps_4q_growth_year": null,
            "roe": 0.86,
            "roe_4q": 2.65,
            "gross_profit": 75421,
            "gross_margin": 15.54,
            "gross_margin_4q_avg": 15.76,
            "net_income": 20377,
            "net_income_4q": null,
            "revenue": 485479,
            "revenue_4q": null,
            "common_shares": 680000,
            "book_valuer_per_share": 35.15,
            "book_valuer_per_share_4q_avg": 34.91,
            "equity": 2390198,
            "current_ratio": 387.99,
            "debt_ratio": 22.56,
            "inventory_turnover_ratio": 1.72,
            "account_receivable_turnover_ratio": 1.24,
            "reinvestment_rate": null,
            "research_to_sale_ratio": 2.25,
            "price_fair": 34.2,
            "eps_avg_yearly": 0.98,
            "eps_latest_yearly": 1.2,
            "eps_growth_yearly": 39.65
        },
        "20221": {
            "year_quarter": 20221,
            "year": 2022,
            "quarter": 1,
            "eps": 0.3,
            "eps_growth_year": 30.43,
            "eps_4q": 1,
            "eps_4q_growth_year": 39.33,
            "roe": 0.83,
            "roe_4q": 2.85,
            "gross_profit": 73088,
            "gross_margin": 15.54,
            "gross_margin_4q_avg": 15.67,
            "net_income": 20118,
            "net_income_4q": null,
            "revenue": 470237,
            "revenue_4q": null,
            "common_shares": 680000,
            "book_valuer_per_share": 36.12,
            "book_valuer_per_share_4q_avg": 35.21,
            "equity": 2456190,
            "current_ratio": 396.03,
            "debt_ratio": 22.03,
            "inventory_turnover_ratio": 1.55,
            "account_receivable_turnover_ratio": 1.15,
            "reinvestment_rate": null,
            "research_to_sale_ratio": 2.24,
            "price_fair": 35.18,
            "eps_avg_yearly": 1.01,
            "eps_latest_yearly": 1.2,
            "eps_growth_yearly": 34.69
        },
        "20222": {
            "year_quarter": 20222,
            "year": 2022,
            "quarter": 2,
            "eps": 0.46,
            "eps_growth_year": 130,
            "eps_4q": 1.26,
            "eps_4q_growth_year": 20.9,
            "roe": 1.28,
            "roe_4q": 3.55,
            "gross_profit": 92152,
            "gross_margin": 16.84,
            "gross_margin_4q_avg": 15.97,
            "net_income": 31559,
            "net_income_4q": null,
            "revenue": 547263,
            "revenue_4q": null,
            "common_shares": 680000,
            "book_valuer_per_share": 36.44,
            "book_valuer_per_share_4q_avg": 35.64,
            "equity": 2477947,
            "current_ratio": 346.85,
            "debt_ratio": 23.64,
            "inventory_turnover_ratio": 1.61,
            "account_receivable_turnover_ratio": 1.26,
            "reinvestment_rate": null,
            "research_to_sale_ratio": 2.11,
            "price_fair": 38.42,
            "eps_avg_yearly": 1.1,
            "eps_latest_yearly": 1.84,
            "eps_growth_yearly": 54.54
        },
        "20223": {
            "year_quarter": 20223,
            "year": 2022,
            "quarter": 3,
            "eps": 0.49,
            "eps_growth_year": 145,
            "eps_4q": 1.55,
            "eps_4q_growth_year": 47.88,
            "roe": 1.33,
            "roe_4q": 4.300000000000001,
            "gross_profit": 93323,
            "gross_margin": 17.57,
            "gross_margin_4q_avg": 16.37,
            "net_income": 33515,
            "net_income_4q": null,
            "revenue": 531097,
            "revenue_4q": null,
            "common_shares": 680000,
            "book_valuer_per_share": 37.88,
            "book_valuer_per_share_4q_avg": 36.4,
            "equity": 2575859,
            "current_ratio": 372.62,
            "debt_ratio": 22.2,
            "inventory_turnover_ratio": 1.52,
            "account_receivable_turnover_ratio": 1.15,
            "reinvestment_rate": null,
            "research_to_sale_ratio": 2.01,
            "price_fair": 41.44,
            "eps_avg_yearly": 1.18,
            "eps_latest_yearly": 1.96,
            "eps_growth_yearly": 51.69
        },
        "20224": {
            "year_quarter": 20224,
            "year": 2022,
            "quarter": 4,
            "eps": 0.22,
            "eps_growth_year": -26.2,
            "eps_4q": 1.47,
            "eps_4q_growth_year": 62.12,
            "roe": 0.58,
            "roe_4q": 4.0200000000000005,
            "gross_profit": 75615,
            "gross_margin": 15.87,
            "gross_margin_4q_avg": 16.46,
            "net_income": 15038,
            "net_income_4q": null,
            "revenue": 476412,
            "revenue_4q": null,
            "common_shares": 680000,
            "book_valuer_per_share": 37.89,
            "book_valuer_per_share_4q_avg": 37.08,
            "equity": 2576419,
            "current_ratio": 390.23,
            "debt_ratio": 20.93,
            "inventory_turnover_ratio": 1.48,
            "account_receivable_turnover_ratio": 1.08,
            "reinvestment_rate": null,
            "research_to_sale_ratio": 2.36,
            "price_fair": 42.98,
            "eps_avg_yearly": 1.23,
            "eps_latest_yearly": 0.88,
            "eps_growth_yearly": 43.77
        },
        "20231": {
            "year_quarter": 20231,
            "year": 2023,
            "quarter": 1,
            "eps": 0.28,
            "eps_growth_year": -6.67,
            "eps_4q": 1.46,
            "eps_4q_growth_year": 46.12,
            "roe": 0.74,
            "roe_4q": 3.9299999999999997,
            "gross_profit": 76984,
            "gross_margin": 16.53,
            "gross_margin_4q_avg": 16.7,
            "net_income": 19034,
            "net_income_4q": null,
            "revenue": 465623,
            "revenue_4q": null,
            "common_shares": 680000,
            "book_valuer_per_share": 38.03,
            "book_valuer_per_share_4q_avg": 37.56,
            "equity": 2586204,
            "current_ratio": 304.86,
            "debt_ratio": 19.81,
            "inventory_turnover_ratio": 1.55,
            "account_receivable_turnover_ratio": 1.12,
            "reinvestment_rate": null,
            "research_to_sale_ratio": 2.1,
            "price_fair": 42.64,
            "eps_avg_yearly": 1.22,
            "eps_latest_yearly": 1.12,
            "eps_growth_yearly": 49.71
        },
        "20232": {
            "year_quarter": 20232,
            "year": 2023,
            "quarter": 2,
            "eps": 0.55,
            "eps_growth_year": 19.57,
            "eps_4q": 1.55,
            "eps_4q_growth_year": 22.67,
            "roe": 1.46,
            "roe_4q": 4.11,
            "gross_profit": 82272,
            "gross_margin": 16.25,
            "gross_margin_4q_avg": 16.56,
            "net_income": 37618,
            "net_income_4q": null,
            "revenue": 506366,
            "revenue_4q": null,
            "common_shares": 680000,
            "book_valuer_per_share": 37.87,
            "book_valuer_per_share_4q_avg": 37.92,
            "equity": 2575433,
            "current_ratio": 286.99,
            "debt_ratio": 20.69,
            "inventory_turnover_ratio": 1.73,
            "account_receivable_turnover_ratio": 1.17,
            "reinvestment_rate": null,
            "research_to_sale_ratio": 1.93,
            "price_fair": 45.5,
            "eps_avg_yearly": 1.3,
            "eps_latest_yearly": 2.2,
            "eps_growth_yearly": 77.71
        },
        "20233": {
            "year_quarter": 20233,
            "year": 2023,
            "quarter": 3,
            "eps": 0.52,
            "eps_growth_year": 6.12,
            "eps_4q": 1.58,
            "eps_4q_growth_year": 1.49,
            "roe": 1.35,
            "roe_4q": 4.13,
            "gross_profit": 89728,
            "gross_margin": 15.78,
            "gross_margin_4q_avg": 16.11,
            "net_income": 35448,
            "net_income_4q": null,
            "revenue": 568707,
            "revenue_4q": null,
            "common_shares": 680000,
            "book_valuer_per_share": 39.08,
            "book_valuer_per_share_4q_avg": 38.22,
            "equity": 2657657,
            "current_ratio": 241.19,
            "debt_ratio": 21.96,
            "inventory_turnover_ratio": 1.79,
            "account_receivable_turnover_ratio": 1.15,
            "reinvestment_rate": null,
            "research_to_sale_ratio": 1.73,
            "price_fair": 47.6,
            "eps_avg_yearly": 1.36,
            "eps_latest_yearly": 2.08,
            "eps_growth_yearly": 70.05
        },
        "20234": {
            "year_quarter": 20234,
            "year": 2023,
            "quarter": 4,
            "eps": 0.4,
            "eps_growth_year": 81.06,
            "eps_4q": 1.75,
            "eps_4q_growth_year": 19.05,
            "roe": 1.03,
            "roe_4q": 4.58,
            "gross_profit": 80420,
            "gross_margin": 14.79,
            "gross_margin_4q_avg": 15.84,
            "net_income": 27228,
            "net_income_4q": null,
            "revenue": 543730,
            "revenue_4q": null,
            "common_shares": 680000,
            "book_valuer_per_share": 38.49,
            "book_valuer_per_share_4q_avg": 38.37,
            "equity": 2616981,
            "current_ratio": 234.89,
            "debt_ratio": 22.07,
            "inventory_turnover_ratio": 1.63,
            "account_receivable_turnover_ratio": 1.07,
            "reinvestment_rate": null,
            "research_to_sale_ratio": 1.94,
            "price_fair": 50.08,
            "eps_avg_yearly": 1.43,
            "eps_latest_yearly": 1.6,
            "eps_growth_yearly": 64.66
        }
    },
    "months": {
        "2004-03": {
            "month": "2004-03",
            "price": "86.14",
            "revenue": 179676
        },
        "2004-04": {
            "month": "2004-04",
            "price": "87.55",
            "revenue": 187991
        },
        "2004-05": {
            "month": "2004-05",
            "price": "83.52",
            "revenue": 207746
        },
        "2004-06": {
            "month": "2004-06",
            "price": "73.67",
            "revenue": 218779
        },
        "2004-07": {
            "month": "2004-07",
            "price": "65.09",
            "revenue": 236999
        },
        "2004-08": {
            "month": "2004-08",
            "price": "64.98",
            "revenue": 230055
        },
        "2004-09": {
            "month": "2004-09",
            "price": "73.24",
            "revenue": 257909
        },
        "2004-10": {
            "month": "2004-10",
            "price": "74.20",
            "revenue": 284401
        },
        "2004-11": {
            "month": "2004-11",
            "price": "78.00",
            "revenue": 265746
        },
        "2004-12": {
            "month": "2004-12",
            "price": "76.00",
            "revenue": 202852
        },
        "2005-01": {
            "month": "2005-01",
            "price": "71.81",
            "revenue": 162966
        },
        "2005-02": {
            "month": "2005-02",
            "price": "81.69",
            "revenue": 167486
        },
        "2005-03": {
            "month": "2005-03",
            "price": "96.22",
            "revenue": 186667
        },
        "2005-04": {
            "month": "2005-04",
            "price": "107.82",
            "revenue": 210661
        },
        "2005-05": {
            "month": "2005-05",
            "price": "117.10",
            "revenue": 195934
        },
        "2005-06": {
            "month": "2005-06",
            "price": "123.34",
            "revenue": 217678
        },
        "2005-07": {
            "month": "2005-07",
            "price": "132.22",
            "revenue": 195309
        },
        "2005-08": {
            "month": "2005-08",
            "price": "105.34",
            "revenue": 199872
        },
        "2005-09": {
            "month": "2005-09",
            "price": "111.05",
            "revenue": 180383
        },
        "2005-10": {
            "month": "2005-10",
            "price": "117.68",
            "revenue": 258792
        },
        "2005-11": {
            "month": "2005-11",
            "price": "124.39",
            "revenue": 327083
        },
        "2005-12": {
            "month": "2005-12",
            "price": "138.14",
            "revenue": 345945
        },
        "2006-01": {
            "month": "2006-01",
            "price": "156.56",
            "revenue": 287771
        },
        "2006-02": {
            "month": "2006-02",
            "price": "147.88",
            "revenue": 264606
        },
        "2006-03": {
            "month": "2006-03",
            "price": "155.24",
            "revenue": 328488
        },
        "2006-04": {
            "month": "2006-04",
            "price": "173.24",
            "revenue": 328276
        },
        "2006-05": {
            "month": "2006-05",
            "price": "219.79",
            "revenue": 326230
        },
        "2006-06": {
            "month": "2006-06",
            "price": "185.95",
            "revenue": 258727
        },
        "2006-07": {
            "month": "2006-07",
            "price": "184.62",
            "revenue": 249253
        },
        "2006-08": {
            "month": "2006-08",
            "price": "196.70",
            "revenue": 313447
        },
        "2006-09": {
            "month": "2006-09",
            "price": "183.45",
            "revenue": 443087
        },
        "2006-10": {
            "month": "2006-10",
            "price": "171.22",
            "revenue": 447697
        },
        "2006-11": {
            "month": "2006-11",
            "price": "148.73",
            "revenue": 399481
        },
        "2006-12": {
            "month": "2006-12",
            "price": "144.07",
            "revenue": 336403
        },
        "2007-01": {
            "month": "2007-01",
            "price": "148.09",
            "revenue": 343712
        },
        "2007-02": {
            "month": "2007-02",
            "price": "137.38",
            "revenue": 239248
        },
        "2007-03": {
            "month": "2007-03",
            "price": "134.15",
            "revenue": 360576
        },
        "2007-04": {
            "month": "2007-04",
            "price": "151.62",
            "revenue": 448169
        },
        "2007-05": {
            "month": "2007-05",
            "price": "154.43",
            "revenue": 347670
        },
        "2007-06": {
            "month": "2007-06",
            "price": "164.02",
            "revenue": 351967
        },
        "2007-07": {
            "month": "2007-07",
            "price": "155.45",
            "revenue": 339917
        },
        "2007-08": {
            "month": "2007-08",
            "price": "135.02",
            "revenue": 373174
        },
        "2007-09": {
            "month": "2007-09",
            "price": "140.94",
            "revenue": 445451
        },
        "2007-10": {
            "month": "2007-10",
            "price": "153.32",
            "revenue": 483862
        },
        "2007-11": {
            "month": "2007-11",
            "price": "131.07",
            "revenue": 510548
        },
        "2007-12": {
            "month": "2007-12",
            "price": "122.90",
            "revenue": 392886
        },
        "2008-01": {
            "month": "2008-01",
            "price": "94.68",
            "revenue": 350548
        },
        "2008-02": {
            "month": "2008-02",
            "price": "88.92",
            "revenue": 294460
        },
        "2008-03": {
            "month": "2008-03",
            "price": "88.96",
            "revenue": 342081
        },
        "2008-04": {
            "month": "2008-04",
            "price": "101.20",
            "revenue": 339012
        },
        "2008-05": {
            "month": "2008-05",
            "price": "110.48",
            "revenue": 388186
        },
        "2008-06": {
            "month": "2008-06",
            "price": "95.91",
            "revenue": 338386
        },
        "2008-07": {
            "month": "2008-07",
            "price": "86.94",
            "revenue": 283244
        },
        "2008-08": {
            "month": "2008-08",
            "price": "90.60",
            "revenue": 338463
        },
        "2008-09": {
            "month": "2008-09",
            "price": "77.55",
            "revenue": 503500
        },
        "2008-10": {
            "month": "2008-10",
            "price": "72.62",
            "revenue": 415043
        },
        "2008-11": {
            "month": "2008-11",
            "price": "56.71",
            "revenue": 347242
        },
        "2008-12": {
            "month": "2008-12",
            "price": "42.55",
            "revenue": 210166
        },
        "2009-01": {
            "month": "2009-01",
            "price": "42.06",
            "revenue": 216027
        },
        "2009-02": {
            "month": "2009-02",
            "price": "48.82",
            "revenue": 255014
        },
        "2009-03": {
            "month": "2009-03",
            "price": "56.45",
            "revenue": 316265
        },
        "2009-04": {
            "month": "2009-04",
            "price": "62.25",
            "revenue": 320242
        },
        "2009-05": {
            "month": "2009-05",
            "price": "69.27",
            "revenue": 341780
        },
        "2009-06": {
            "month": "2009-06",
            "price": "64.45",
            "revenue": 325615
        },
        "2009-07": {
            "month": "2009-07",
            "price": "72.01",
            "revenue": 381967
        },
        "2009-08": {
            "month": "2009-08",
            "price": "73.58",
            "revenue": 419747
        },
        "2009-09": {
            "month": "2009-09",
            "price": "83.69",
            "revenue": 358656
        },
        "2009-10": {
            "month": "2009-10",
            "price": "96.69",
            "revenue": 433263
        },
        "2009-11": {
            "month": "2009-11",
            "price": "108.52",
            "revenue": 404811
        },
        "2009-12": {
            "month": "2009-12",
            "price": "110.67",
            "revenue": 336717
        },
        "2010-01": {
            "month": "2010-01",
            "price": "114.55",
            "revenue": 365458
        },
        "2010-02": {
            "month": "2010-02",
            "price": "104.92",
            "revenue": 335408
        },
        "2010-03": {
            "month": "2010-03",
            "price": "107.50",
            "revenue": 402313
        },
        "2010-04": {
            "month": "2010-04",
            "price": "113.79",
            "revenue": 341073
        },
        "2010-05": {
            "month": "2010-05",
            "price": "95.27",
            "revenue": 427466
        },
        "2010-06": {
            "month": "2010-06",
            "price": "86.39",
            "revenue": 547434
        },
        "2010-07": {
            "month": "2010-07",
            "price": "90.05",
            "revenue": 660708
        },
        "2010-08": {
            "month": "2010-08",
            "price": "93.29",
            "revenue": 571460
        },
        "2010-09": {
            "month": "2010-09",
            "price": "91.43",
            "revenue": 630985
        },
        "2010-10": {
            "month": "2010-10",
            "price": "88.15",
            "revenue": 679252
        },
        "2010-11": {
            "month": "2010-11",
            "price": "91.37",
            "revenue": 518849
        },
        "2010-12": {
            "month": "2010-12",
            "price": "93.53",
            "revenue": 478913
        },
        "2011-01": {
            "month": "2011-01",
            "price": "89.56",
            "revenue": 447689
        },
        "2011-02": {
            "month": "2011-02",
            "price": "81.09",
            "revenue": 562836
        },
        "2011-03": {
            "month": "2011-03",
            "price": "76.92",
            "revenue": 612417
        },
        "2011-04": {
            "month": "2011-04",
            "price": "73.30",
            "revenue": 320508
        },
        "2011-05": {
            "month": "2011-05",
            "price": "70.74",
            "revenue": 413423
        },
        "2011-06": {
            "month": "2011-06",
            "price": "71.17",
            "revenue": 535562
        },
        "2011-07": {
            "month": "2011-07",
            "price": "69.04",
            "revenue": 579567
        },
        "2011-08": {
            "month": "2011-08",
            "price": "73.39",
            "revenue": 687670
        },
        "2011-09": {
            "month": "2011-09",
            "price": "76.14",
            "revenue": 1333399
        },
        "2011-10": {
            "month": "2011-10",
            "price": "80.16",
            "revenue": 1300741
        },
        "2011-11": {
            "month": "2011-11",
            "price": "81.82",
            "revenue": 1343946
        },
        "2011-12": {
            "month": "2011-12",
            "price": "70.41",
            "revenue": 1467388
        },
        "2012-01": {
            "month": "2012-01",
            "price": "75.26",
            "revenue": 931065
        },
        "2012-02": {
            "month": "2012-02",
            "price": "80.48",
            "revenue": 784732
        },
        "2012-03": {
            "month": "2012-03",
            "price": "75.37",
            "revenue": 844328
        },
        "2012-04": {
            "month": "2012-04",
            "price": "66.98",
            "revenue": 727931
        },
        "2012-05": {
            "month": "2012-05",
            "price": "68.71",
            "revenue": 758088
        },
        "2012-06": {
            "month": "2012-06",
            "price": "64.33",
            "revenue": 674455
        },
        "2012-07": {
            "month": "2012-07",
            "price": "63.23",
            "revenue": 664170
        },
        "2012-08": {
            "month": "2012-08",
            "price": "53.35",
            "revenue": 802123
        },
        "2012-09": {
            "month": "2012-09",
            "price": "56.60",
            "revenue": 801668
        },
        "2012-10": {
            "month": "2012-10",
            "price": "51.62",
            "revenue": 704525
        },
        "2012-11": {
            "month": "2012-11",
            "price": "45.36",
            "revenue": 720374
        },
        "2012-12": {
            "month": "2012-12",
            "price": "49.55",
            "revenue": 639083
        },
        "2013-01": {
            "month": "2013-01",
            "price": "53.30",
            "revenue": 680639
        },
        "2013-02": {
            "month": "2013-02",
            "price": "55.29",
            "revenue": 522658
        },
        "2013-03": {
            "month": "2013-03",
            "price": "55.07",
            "revenue": 631363
        },
        "2013-04": {
            "month": "2013-04",
            "price": "54.53",
            "revenue": 667490
        },
        "2013-05": {
            "month": "2013-05",
            "price": "52.40",
            "revenue": 677657
        },
        "2013-06": {
            "month": "2013-06",
            "price": "50.07",
            "revenue": 657119
        },
        "2013-07": {
            "month": "2013-07",
            "price": "49.93",
            "revenue": 601847
        },
        "2013-08": {
            "month": "2013-08",
            "price": "41.91",
            "revenue": 565085
        },
        "2013-09": {
            "month": "2013-09",
            "price": "41.12",
            "revenue": 557484
        },
        "2013-10": {
            "month": "2013-10",
            "price": "38.64",
            "revenue": 492774
        },
        "2013-11": {
            "month": "2013-11",
            "price": "33.79",
            "revenue": 445805
        },
        "2013-12": {
            "month": "2013-12",
            "price": "33.73",
            "revenue": 365176
        },
        "2014-01": {
            "month": "2014-01",
            "price": "37.84",
            "revenue": 383690
        },
        "2014-02": {
            "month": "2014-02",
            "price": "36.94",
            "revenue": 346196
        },
        "2014-03": {
            "month": "2014-03",
            "price": "36.71",
            "revenue": 400589
        },
        "2014-04": {
            "month": "2014-04",
            "price": "38.23",
            "revenue": 375236
        },
        "2014-05": {
            "month": "2014-05",
            "price": "37.93",
            "revenue": 404376
        },
        "2014-06": {
            "month": "2014-06",
            "price": "34.64",
            "revenue": 412875
        },
        "2014-07": {
            "month": "2014-07",
            "price": "34.25",
            "revenue": 356746
        },
        "2014-08": {
            "month": "2014-08",
            "price": "27.92",
            "revenue": 369830
        },
        "2014-09": {
            "month": "2014-09",
            "price": "25.40",
            "revenue": 380457
        },
        "2014-10": {
            "month": "2014-10",
            "price": "21.69",
            "revenue": 369880
        },
        "2014-11": {
            "month": "2014-11",
            "price": "17.48",
            "revenue": 353728
        },
        "2014-12": {
            "month": "2014-12",
            "price": "19.05",
            "revenue": 348918
        },
        "2015-01": {
            "month": "2015-01",
            "price": "21.42",
            "revenue": 315422
        },
        "2015-02": {
            "month": "2015-02",
            "price": "21.59",
            "revenue": 243955
        },
        "2015-03": {
            "month": "2015-03",
            "price": "24.81",
            "revenue": 308837
        },
        "2015-04": {
            "month": "2015-04",
            "price": "25.47",
            "revenue": 288932
        },
        "2015-05": {
            "month": "2015-05",
            "price": "22.56",
            "revenue": 286513
        },
        "2015-06": {
            "month": "2015-06",
            "price": "24.53",
            "revenue": 268139
        },
        "2015-07": {
            "month": "2015-07",
            "price": "21.69",
            "revenue": 288951
        },
        "2015-08": {
            "month": "2015-08",
            "price": "16.72",
            "revenue": 298510
        },
        "2015-09": {
            "month": "2015-09",
            "price": "16.90",
            "revenue": 319723
        },
        "2015-10": {
            "month": "2015-10",
            "price": "19.26",
            "revenue": 283290
        },
        "2015-11": {
            "month": "2015-11",
            "price": "17.78",
            "revenue": 305936
        },
        "2015-12": {
            "month": "2015-12",
            "price": "16.89",
            "revenue": 321986
        },
        "2016-01": {
            "month": "2016-01",
            "price": "16.73",
            "revenue": 207650
        },
        "2016-02": {
            "month": "2016-02",
            "price": "18.23",
            "revenue": 184797
        },
        "2016-03": {
            "month": "2016-03",
            "price": "18.36",
            "revenue": 213020
        },
        "2016-04": {
            "month": "2016-04",
            "price": "16.62",
            "revenue": 194830
        },
        "2016-05": {
            "month": "2016-05",
            "price": "14.89",
            "revenue": 203231
        },
        "2016-06": {
            "month": "2016-06",
            "price": "15.30",
            "revenue": 214770
        },
        "2016-07": {
            "month": "2016-07",
            "price": "15.74",
            "revenue": 214772
        },
        "2016-08": {
            "month": "2016-08",
            "price": "16.77",
            "revenue": 209524
        },
        "2016-09": {
            "month": "2016-09",
            "price": "16.60",
            "revenue": 201695
        },
        "2016-10": {
            "month": "2016-10",
            "price": "15.74",
            "revenue": 181272
        },
        "2016-11": {
            "month": "2016-11",
            "price": "14.99",
            "revenue": 181313
        },
        "2016-12": {
            "month": "2016-12",
            "price": "14.83",
            "revenue": 180859
        },
        "2017-01": {
            "month": "2017-01",
            "price": "15.58",
            "revenue": 175625
        },
        "2017-02": {
            "month": "2017-02",
            "price": "17.38",
            "revenue": 172798
        },
        "2017-03": {
            "month": "2017-03",
            "price": "16.81",
            "revenue": 180263
        },
        "2017-04": {
            "month": "2017-04",
            "price": "15.97",
            "revenue": 171407
        },
        "2017-05": {
            "month": "2017-05",
            "price": "15.17",
            "revenue": 157971
        },
        "2017-06": {
            "month": "2017-06",
            "price": "16.86",
            "revenue": 179653
        },
        "2017-07": {
            "month": "2017-07",
            "price": "18.86",
            "revenue": 196845
        },
        "2017-08": {
            "month": "2017-08",
            "price": "19.43",
            "revenue": 225841
        },
        "2017-09": {
            "month": "2017-09",
            "price": "20.77",
            "revenue": 241004
        },
        "2017-10": {
            "month": "2017-10",
            "price": "20.48",
            "revenue": 187070
        },
        "2017-11": {
            "month": "2017-11",
            "price": "18.75",
            "revenue": 210681
        },
        "2017-12": {
            "month": "2017-12",
            "price": "18.37",
            "revenue": 185895
        },
        "2018-01": {
            "month": "2018-01",
            "price": "18.65",
            "revenue": 190570
        },
        "2018-02": {
            "month": "2018-02",
            "price": "16.57",
            "revenue": 147989
        },
        "2018-03": {
            "month": "2018-03",
            "price": "16.54",
            "revenue": 172060
        },
        "2018-04": {
            "month": "2018-04",
            "price": "17.41",
            "revenue": 155659
        },
        "2018-05": {
            "month": "2018-05",
            "price": "16.48",
            "revenue": 174253
        },
        "2018-06": {
            "month": "2018-06",
            "price": "17.08",
            "revenue": 157451
        },
        "2018-07": {
            "month": "2018-07",
            "price": "15.70",
            "revenue": 187916
        },
        "2018-08": {
            "month": "2018-08",
            "price": "14.58",
            "revenue": 247948
        },
        "2018-09": {
            "month": "2018-09",
            "price": "15.07",
            "revenue": 215594
        },
        "2018-10": {
            "month": "2018-10",
            "price": "12.76",
            "revenue": 187753
        },
        "2018-11": {
            "month": "2018-11",
            "price": "12.15",
            "revenue": 226831
        },
        "2018-12": {
            "month": "2018-12",
            "price": "12.94",
            "revenue": 187020
        },
        "2019-01": {
            "month": "2019-01",
            "price": "12.44",
            "revenue": 224952
        },
        "2019-02": {
            "month": "2019-02",
            "price": "13.79",
            "revenue": 156198
        },
        "2019-03": {
            "month": "2019-03",
            "price": "15.35",
            "revenue": 175036
        },
        "2019-04": {
            "month": "2019-04",
            "price": "15.53",
            "revenue": 162441
        },
        "2019-05": {
            "month": "2019-05",
            "price": "14.21",
            "revenue": 179378
        },
        "2019-06": {
            "month": "2019-06",
            "price": "14.22",
            "revenue": 163561
        },
        "2019-07": {
            "month": "2019-07",
            "price": "14.55",
            "revenue": 190329
        },
        "2019-08": {
            "month": "2019-08",
            "price": "14.21",
            "revenue": 238274
        },
        "2019-09": {
            "month": "2019-09",
            "price": "18.22",
            "revenue": 223489
        },
        "2019-10": {
            "month": "2019-10",
            "price": "23.50",
            "revenue": 209154
        },
        "2019-11": {
            "month": "2019-11",
            "price": "26.10",
            "revenue": 185653
        },
        "2019-12": {
            "month": "2019-12",
            "price": "26.38",
            "revenue": 187309
        },
        "2020-01": {
            "month": "2020-01",
            "price": "25.94",
            "revenue": 182307
        },
        "2020-02": {
            "month": "2020-02",
            "price": "24.83",
            "revenue": 123536
        },
        "2020-03": {
            "month": "2020-03",
            "price": "22.22",
            "revenue": 132416
        },
        "2020-04": {
            "month": "2020-04",
            "price": "24.14",
            "revenue": 85023
        },
        "2020-05": {
            "month": "2020-05",
            "price": "29.45",
            "revenue": 101331
        },
        "2020-06": {
            "month": "2020-06",
            "price": "29.82",
            "revenue": 129111
        },
        "2020-07": {
            "month": "2020-07",
            "price": "28.14",
            "revenue": 142254
        },
        "2020-08": {
            "month": "2020-08",
            "price": "26.71",
            "revenue": 150634
        },
        "2020-09": {
            "month": "2020-09",
            "price": "28.13",
            "revenue": 159444
        },
        "2020-10": {
            "month": "2020-10",
            "price": "27.34",
            "revenue": 152751
        },
        "2020-11": {
            "month": "2020-11",
            "price": "30.61",
            "revenue": 192377
        },
        "2020-12": {
            "month": "2020-12",
            "price": "34.20",
            "revenue": 182818
        },
        "2021-01": {
            "month": "2021-01",
            "price": "33.26",
            "revenue": 161900
        },
        "2021-02": {
            "month": "2021-02",
            "price": "33.15",
            "revenue": 153325
        },
        "2021-03": {
            "month": "2021-03",
            "price": "34.22",
            "revenue": 155440
        },
        "2021-04": {
            "month": "2021-04",
            "price": "44.70",
            "revenue": 151712
        },
        "2021-05": {
            "month": "2021-05",
            "price": "34.89",
            "revenue": 133610
        },
        "2021-06": {
            "month": "2021-06",
            "price": "33.54",
            "revenue": 121360
        },
        "2021-07": {
            "month": "2021-07",
            "price": "34.74",
            "revenue": 142058
        },
        "2021-08": {
            "month": "2021-08",
            "price": "33.88",
            "revenue": 152255
        },
        "2021-09": {
            "month": "2021-09",
            "price": "33.59",
            "revenue": 158786
        },
        "2021-10": {
            "month": "2021-10",
            "price": "33.66",
            "revenue": 159562
        },
        "2021-11": {
            "month": "2021-11",
            "price": "33.99",
            "revenue": 167881
        },
        "2021-12": {
            "month": "2021-12",
            "price": "34.78",
            "revenue": 158037
        },
        "2022-01": {
            "month": "2022-01",
            "price": "34.39",
            "revenue": 160634
        },
        "2022-02": {
            "month": "2022-02",
            "price": "33.59",
            "revenue": 137766
        },
        "2022-03": {
            "month": "2022-03",
            "price": "33.30",
            "revenue": 171836
        },
        "2022-04": {
            "month": "2022-04",
            "price": "33.03",
            "revenue": 179367
        },
        "2022-05": {
            "month": "2022-05",
            "price": "32.57",
            "revenue": 192766
        },
        "2022-06": {
            "month": "2022-06",
            "price": "33.52",
            "revenue": 175130
        },
        "2022-07": {
            "month": "2022-07",
            "price": "32.66",
            "revenue": 171920
        },
        "2022-08": {
            "month": "2022-08",
            "price": "33.95",
            "revenue": 179512
        },
        "2022-09": {
            "month": "2022-09",
            "price": "34.45",
            "revenue": 179665
        },
        "2022-10": {
            "month": "2022-10",
            "price": "32.12",
            "revenue": 156754
        },
        "2022-11": {
            "month": "2022-11",
            "price": "32.44",
            "revenue": 155053
        },
        "2022-12": {
            "month": "2022-12",
            "price": "33.15",
            "revenue": 164605
        },
        "2023-01": {
            "month": "2023-01",
            "price": "33.31",
            "revenue": 146787
        },
        "2023-02": {
            "month": "2023-02",
            "price": "34.11",
            "revenue": 152664
        },
        "2023-03": {
            "month": "2023-03",
            "price": "34.59",
            "revenue": 166173
        },
        "2023-04": {
            "month": "2023-04",
            "price": "34.94",
            "revenue": 158244
        },
        "2023-05": {
            "month": "2023-05",
            "price": "34.16",
            "revenue": 177503
        },
        "2023-06": {
            "month": "2023-06",
            "price": "34.79",
            "revenue": 170618
        },
        "2023-07": {
            "month": "2023-07",
            "price": "34.41",
            "revenue": 183861
        },
        "2023-08": {
            "month": "2023-08",
            "price": "35.89",
            "revenue": 184773
        },
        "2023-09": {
            "month": "2023-09",
            "price": "42.33",
            "revenue": 200073
        },
        "2023-10": {
            "month": "2023-10",
            "price": "38.71",
            "revenue": 177655
        },
        "2023-11": {
            "month": "2023-11",
            "price": "37.46",
            "revenue": 182104
        },
        "2023-12": {
            "month": "2023-12",
            "price": "38.50",
            "revenue": 183970
        },
        "2024-01": {
            "month": "2024-01",
            "price": "39.20",
            "revenue": 187044
        },
        "2024-02": {
            "month": "2024-02",
            "price": "41.47",
            "revenue": 164788
        }
    }
}
