{
    "summary": {
        "stock_name": "弘憶股",
        "stock_id": "3312",
        "category": "電子通路",
        "main_business": "電子零組件之製造加工及買賣業務<br>電腦系統設備、主機板、介面卡與電腦週邊設備製造加工及賣賣<br>一般進出口貿易業務",
        "website_url": "http://www.gmitec.com",
        "ceo": "劉彥輝",
        "pe_ratio": 18,
        "report_year_from": 2003,
        "report_year_to": 2023,
        "age": 21,
        "eps_negative_percentage": 14,
        "eps_growth_avg": {
            "last_all": -10.54,
            "last_2y": 13.09,
            "last_4y": 12.65,
            "last_8y": -19.54,
            "last_12y": -10.07,
            "last_16y": -14.73,
            "last_20y": null,
            "at_2006_last_3y": null,
            "at_2007_last_3y": 19.91,
            "at_2008_last_3y": -30.09,
            "at_2009_last_3y": -38.52,
            "at_2010_last_3y": -31.81,
            "at_2011_last_3y": -42.64,
            "at_2012_last_3y": -33.73,
            "at_2013_last_3y": -0.3,
            "at_2014_last_3y": 6.51,
            "at_2015_last_3y": -23.53,
            "at_2016_last_3y": -6.94,
            "at_2017_last_3y": -73.61,
            "at_2018_last_3y": -100,
            "at_2019_last_3y": -47.27,
            "at_2020_last_3y": -25.34,
            "at_2021_last_3y": 41.33,
            "at_2022_last_3y": 28.92,
            "at_2023_last_3y": 14.45,
            "at_2024_last_3y": 14.45,
            "at_2006_last_all": 9.01,
            "at_2007_last_all": 19.91,
            "at_2008_last_all": -4.07,
            "at_2009_last_all": -4.07,
            "at_2010_last_all": -11.4,
            "at_2011_last_all": -6.89,
            "at_2012_last_all": -15.19,
            "at_2013_last_all": -2.39,
            "at_2014_last_all": -4.24,
            "at_2015_last_all": -12.94,
            "at_2016_last_all": -12.94,
            "at_2017_last_all": -20.2,
            "at_2018_last_all": -20.2,
            "at_2019_last_all": -18.22,
            "at_2020_last_all": -15.6,
            "at_2021_last_all": -7.89,
            "at_2022_last_all": -7.92,
            "at_2023_last_all": -10.54,
            "at_2024_last_all": -10.54
        },
        "latest_eps": 2.28,
        "latest_price": 41.55,
        "latest_roe": 13.76,
        "latest_gross_margin": 6.66,
        "latest_equity": 2733194,
        "latest_revenue": 4151352,
        "latest_gross_profit": 276601,
        "latest_net_income": 145481,
        "latest_debt_ratio": 65.64,
        "latest_current_ratio": 145.83,
        "latest_account_receivable_turnover_ratio": 1.33,
        "latest_inventory_turnover_ratio": 2.58,
        "latest_reinvestment_rate": 39.29,
        "latest_research_to_sale_ratio": 0.23
    },
    "eps_dividends": {
        "2001": {
            "cash": 0,
            "stock": 0,
            "eps": 0
        },
        "2002": {
            "cash": 0,
            "stock": 0,
            "eps": 0
        },
        "2003": {
            "cash": 0,
            "stock": 1.4,
            "eps": 1.25
        },
        "2004": {
            "cash": 0,
            "stock": 1.2,
            "eps": 2.51
        },
        "2005": {
            "cash": 0.9,
            "stock": 0.9,
            "eps": 2.39
        },
        "2006": {
            "cash": 0.7,
            "stock": 0.7,
            "eps": 0.76
        },
        "2007": {
            "cash": 0,
            "stock": 0.5,
            "eps": 1.16
        },
        "2008": {
            "cash": 0,
            "stock": 0.8,
            "eps": -0.39
        },
        "2009": {
            "cash": 0,
            "stock": 0,
            "eps": 2.58
        },
        "2010": {
            "cash": 1.66,
            "stock": 0,
            "eps": 1.34
        },
        "2011": {
            "cash": 1.45,
            "stock": 0,
            "eps": 1.61
        },
        "2012": {
            "cash": 0,
            "stock": 0,
            "eps": 0.43
        },
        "2013": {
            "cash": 0,
            "stock": 0.4,
            "eps": 1.2
        },
        "2014": {
            "cash": 0,
            "stock": 0.5,
            "eps": 0.95
        },
        "2015": {
            "cash": 0,
            "stock": 1.4,
            "eps": -2.83
        },
        "2016": {
            "cash": 0,
            "stock": 0,
            "eps": 0.49
        },
        "2017": {
            "cash": 0,
            "stock": 0,
            "eps": -1.64
        },
        "2018": {
            "cash": 0,
            "stock": 0.12,
            "eps": 1.28
        },
        "2019": {
            "cash": 0.6,
            "stock": 0.7,
            "eps": 1.35
        },
        "2020": {
            "cash": 0.6,
            "stock": 0.6,
            "eps": 1.6
        },
        "2021": {
            "cash": 0,
            "stock": 1,
            "eps": 3.37
        },
        "2022": {
            "cash": 2,
            "stock": 0,
            "eps": 3.09
        },
        "2023": {
            "cash": 2,
            "stock": 0,
            "eps": 1.47
        }
    },
    "dividends": {
        "2003-05-29": {
            "cash": 0,
            "stock": 1.4
        },
        "2004-04-15": {
            "cash": 0,
            "stock": 1.2
        },
        "2005-03-31": {
            "cash": 0.9,
            "stock": 0.9
        },
        "2006-03-30": {
            "cash": 0.7,
            "stock": 0.7
        },
        "2007-03-30": {
            "cash": 0,
            "stock": 0.5
        },
        "2008-03-31": {
            "cash": 0,
            "stock": 0.8
        },
        "2010-03-26": {
            "cash": 1.66,
            "stock": 0
        },
        "2011-01-01": {
            "cash": 1,
            "stock": 0
        },
        "2011-03-31": {
            "cash": 0.45,
            "stock": 0
        },
        "2013-03-27": {
            "cash": 0,
            "stock": 0.4
        },
        "2014-06-24": {
            "cash": 0,
            "stock": 0.5
        },
        "2015-03-25": {
            "cash": 0,
            "stock": 1.4
        },
        "2018-03-27": {
            "cash": 0,
            "stock": 0.12
        },
        "2019-09-27": {
            "cash": 0.6,
            "stock": 0.7
        },
        "2020-09-30": {
            "cash": 0.6,
            "stock": 0.6
        },
        "2021-03-25": {
            "cash": 0,
            "stock": 1
        },
        "2022-08-05": {
            "cash": 2,
            "stock": 0
        },
        "2023-09-20": {
            "cash": 2,
            "stock": 0
        }
    },
    "prices": {
        "200101": "無",
        "200102": "無",
        "200103": "無",
        "200104": "無",
        "200105": "無",
        "200106": "無",
        "200107": "無",
        "200108": "無",
        "200109": "無",
        "200110": "無",
        "200111": "無",
        "200112": "無",
        "200201": "無",
        "200202": "無",
        "200203": "無",
        "200204": "無",
        "200205": "無",
        "200206": "無",
        "200207": "無",
        "200208": "無",
        "200209": "無",
        "200210": "無",
        "200211": "無",
        "200212": "無",
        "200301": "無",
        "200302": "無",
        "200303": "無",
        "200304": "無",
        "200305": "無",
        "200306": "無",
        "200307": "無",
        "200308": "無",
        "200309": "無",
        "200310": "無",
        "200311": "無",
        "200312": "無",
        "200401": "無",
        "200402": "無",
        "200403": "無",
        "200404": "無",
        "200405": "無",
        "200406": "無",
        "200407": "無",
        "200408": "無",
        "200409": "無",
        "200410": "無",
        "200411": "無",
        "200412": "無",
        "200501": "無",
        "200502": "無",
        "200503": "無",
        "200504": "27.16",
        "200505": "18.16",
        "200506": "17.88",
        "200507": "21.48",
        "200508": "22.93",
        "200509": "18.22",
        "200510": "17.07",
        "200511": "15.11",
        "200512": "15.55",
        "200601": "18.87",
        "200602": "18.53",
        "200603": "17.20",
        "200604": "17.61",
        "200605": "16.53",
        "200606": "14.83",
        "200607": "14.31",
        "200608": "13.22",
        "200609": "13.58",
        "200610": "13.90",
        "200611": "13.70",
        "200612": "14.70",
        "200701": "14.03",
        "200702": "13.22",
        "200703": "13.68",
        "200704": "14.41",
        "200705": "15.93",
        "200706": "17.65",
        "200707": "17.31",
        "200708": "16.85",
        "200709": "17.70",
        "200710": "18.03",
        "200711": "15.32",
        "200712": "13.99",
        "200801": "13.07",
        "200802": "11.92",
        "200803": "12.42",
        "200804": "14.40",
        "200805": "12.56",
        "200806": "11.00",
        "200807": "8.46",
        "200808": "8.06",
        "200809": "5.21",
        "200810": "4.87",
        "200811": "5.18",
        "200812": "4.56",
        "200901": "4.41",
        "200902": "4.31",
        "200903": "4.95",
        "200904": "7.39",
        "200905": "13.74",
        "200906": "13.23",
        "200907": "19.35",
        "200908": "21.55",
        "200909": "25.11",
        "200910": "26.23",
        "200911": "23.33",
        "200912": "24.47",
        "201001": "25.73",
        "201002": "23.41",
        "201003": "24.82",
        "201004": "26.96",
        "201005": "24.94",
        "201006": "24.11",
        "201007": "23.94",
        "201008": "23.88",
        "201009": "20.18",
        "201010": "17.15",
        "201011": "15.64",
        "201012": "17.93",
        "201101": "16.83",
        "201102": "15.71",
        "201103": "15.26",
        "201104": "14.94",
        "201105": "14.30",
        "201106": "14.46",
        "201107": "12.96",
        "201108": "10.11",
        "201109": "9.37",
        "201110": "9.94",
        "201111": "10.22",
        "201112": "9.62",
        "201201": "9.85",
        "201202": "12.12",
        "201203": "12.76",
        "201204": "13.90",
        "201205": "11.47",
        "201206": "10.97",
        "201207": "10.39",
        "201208": "10.22",
        "201209": "10.63",
        "201210": "10.32",
        "201211": "9.89",
        "201212": "10.02",
        "201301": "9.91",
        "201302": "10.03",
        "201303": "9.95",
        "201304": "10.63",
        "201305": "11.83",
        "201306": "12.53",
        "201307": "12.05",
        "201308": "11.71",
        "201309": "11.34",
        "201310": "12.34",
        "201311": "12.31",
        "201312": "12.82",
        "201401": "14.18",
        "201402": "14.36",
        "201403": "14.18",
        "201404": "14.21",
        "201405": "12.73",
        "201406": "12.03",
        "201407": "11.95",
        "201408": "11.12",
        "201409": "11.00",
        "201410": "10.31",
        "201411": "10.84",
        "201412": "11.61",
        "201501": "12.08",
        "201502": "12.14",
        "201503": "12.32",
        "201504": "13.45",
        "201505": "12.26",
        "201506": "10.98",
        "201507": "10.31",
        "201508": "8.82",
        "201509": "7.10",
        "201510": "7.06",
        "201511": "6.86",
        "201512": "6.40",
        "201601": "6.11",
        "201602": "6.33",
        "201603": "6.37",
        "201604": "5.83",
        "201605": "5.70",
        "201606": "6.24",
        "201607": "6.45",
        "201608": "7.32",
        "201609": "7.69",
        "201610": "7.26",
        "201611": "7.08",
        "201612": "7.31",
        "201701": "7.49",
        "201702": "7.42",
        "201703": "7.42",
        "201704": "7.27",
        "201705": "7.19",
        "201706": "7.16",
        "201707": "7.09",
        "201708": "6.38",
        "201709": "6.02",
        "201710": "6.48",
        "201711": "6.73",
        "201712": "6.75",
        "201801": "7.03",
        "201802": "6.75",
        "201803": "無",
        "201804": "8.37",
        "201805": "9.28",
        "201806": "10.59",
        "201807": "10.42",
        "201808": "11.77",
        "201809": "12.75",
        "201810": "10.24",
        "201811": "10.30",
        "201812": "10.72",
        "201901": "10.46",
        "201902": "11.03",
        "201903": "11.77",
        "201904": "11.78",
        "201905": "12.16",
        "201906": "12.93",
        "201907": "15.10",
        "201908": "15.47",
        "201909": "15.93",
        "201910": "16.45",
        "201911": "16.61",
        "201912": "16.20",
        "202001": "15.81",
        "202002": "14.15",
        "202003": "12.46",
        "202004": "14.48",
        "202005": "15.10",
        "202006": "15.27",
        "202007": "15.41",
        "202008": "15.28",
        "202009": "13.52",
        "202010": "13.13",
        "202011": "13.80",
        "202012": "14.48",
        "202101": "14.52",
        "202102": "15.48",
        "202103": "18.35",
        "202104": "21.98",
        "202105": "19.97",
        "202106": "20.68",
        "202107": "22.90",
        "202108": "23.73",
        "202109": "21.28",
        "202110": "20.35",
        "202111": "23.77",
        "202112": "24.38",
        "202201": "24.12",
        "202202": "24.69",
        "202203": "25.68",
        "202204": "23.74",
        "202205": "24.50",
        "202206": "23.72",
        "202207": "19.47",
        "202208": "18.84",
        "202209": "18.14",
        "202210": "16.93",
        "202211": "18.14",
        "202212": "17.85",
        "202301": "17.53",
        "202302": "18.24",
        "202303": "19.43",
        "202304": "21.47",
        "202305": "21.42",
        "202306": "23.10",
        "202307": "22.83",
        "202308": "20.78",
        "202309": "18.65",
        "202310": "18.72",
        "202311": "20.68",
        "202312": "22.28"
    },
    "quarters": {
        "20011": {
            "year_quarter": 20011,
            "year": 2001,
            "quarter": 1,
            "eps": null,
            "eps_growth_year": null,
            "eps_4q": null,
            "eps_4q_growth_year": null,
            "roe": null,
            "roe_4q": 0,
            "gross_profit": null,
            "gross_margin": null,
            "gross_margin_4q_avg": 0,
            "net_income": null,
            "net_income_4q": null,
            "revenue": null,
            "revenue_4q": null,
            "common_shares": null,
            "book_valuer_per_share": null,
            "book_valuer_per_share_4q_avg": 0,
            "equity": null,
            "current_ratio": null,
            "debt_ratio": null,
            "inventory_turnover_ratio": null,
            "account_receivable_turnover_ratio": null,
            "reinvestment_rate": null,
            "research_to_sale_ratio": null,
            "price_fair": 0,
            "eps_avg_yearly": 0,
            "eps_latest_yearly": 0,
            "eps_growth_yearly": 0
        },
        "20012": {
            "year_quarter": 20012,
            "year": 2001,
            "quarter": 2,
            "eps": null,
            "eps_growth_year": null,
            "eps_4q": null,
            "eps_4q_growth_year": null,
            "roe": null,
            "roe_4q": 0,
            "gross_profit": null,
            "gross_margin": null,
            "gross_margin_4q_avg": 0,
            "net_income": null,
            "net_income_4q": null,
            "revenue": null,
            "revenue_4q": null,
            "common_shares": null,
            "book_valuer_per_share": null,
            "book_valuer_per_share_4q_avg": 0,
            "equity": null,
            "current_ratio": null,
            "debt_ratio": null,
            "inventory_turnover_ratio": null,
            "account_receivable_turnover_ratio": null,
            "reinvestment_rate": null,
            "research_to_sale_ratio": null,
            "price_fair": 0,
            "eps_avg_yearly": 0,
            "eps_latest_yearly": 0,
            "eps_growth_yearly": 0
        },
        "20013": {
            "year_quarter": 20013,
            "year": 2001,
            "quarter": 3,
            "eps": null,
            "eps_growth_year": null,
            "eps_4q": null,
            "eps_4q_growth_year": null,
            "roe": null,
            "roe_4q": 0,
            "gross_profit": null,
            "gross_margin": null,
            "gross_margin_4q_avg": 0,
            "net_income": null,
            "net_income_4q": null,
            "revenue": null,
            "revenue_4q": null,
            "common_shares": null,
            "book_valuer_per_share": null,
            "book_valuer_per_share_4q_avg": 0,
            "equity": null,
            "current_ratio": null,
            "debt_ratio": null,
            "inventory_turnover_ratio": null,
            "account_receivable_turnover_ratio": null,
            "reinvestment_rate": null,
            "research_to_sale_ratio": null,
            "price_fair": 0,
            "eps_avg_yearly": 0,
            "eps_latest_yearly": 0,
            "eps_growth_yearly": 0
        },
        "20014": {
            "year_quarter": 20014,
            "year": 2001,
            "quarter": 4,
            "eps": null,
            "eps_growth_year": null,
            "eps_4q": null,
            "eps_4q_growth_year": null,
            "roe": null,
            "roe_4q": 0,
            "gross_profit": null,
            "gross_margin": null,
            "gross_margin_4q_avg": 0,
            "net_income": null,
            "net_income_4q": null,
            "revenue": null,
            "revenue_4q": null,
            "common_shares": 50000,
            "book_valuer_per_share": 10.47,
            "book_valuer_per_share_4q_avg": 2.62,
            "equity": 52328,
            "current_ratio": 115.53,
            "debt_ratio": 85.38,
            "inventory_turnover_ratio": null,
            "account_receivable_turnover_ratio": null,
            "reinvestment_rate": null,
            "research_to_sale_ratio": null,
            "price_fair": 0,
            "eps_avg_yearly": 0,
            "eps_latest_yearly": 0,
            "eps_growth_yearly": 0
        },
        "20021": {
            "year_quarter": 20021,
            "year": 2002,
            "quarter": 1,
            "eps": null,
            "eps_growth_year": null,
            "eps_4q": null,
            "eps_4q_growth_year": null,
            "roe": null,
            "roe_4q": 0,
            "gross_profit": null,
            "gross_margin": null,
            "gross_margin_4q_avg": 0,
            "net_income": null,
            "net_income_4q": null,
            "revenue": null,
            "revenue_4q": null,
            "common_shares": null,
            "book_valuer_per_share": null,
            "book_valuer_per_share_4q_avg": 2.62,
            "equity": null,
            "current_ratio": null,
            "debt_ratio": null,
            "inventory_turnover_ratio": null,
            "account_receivable_turnover_ratio": null,
            "reinvestment_rate": null,
            "research_to_sale_ratio": null,
            "price_fair": 0,
            "eps_avg_yearly": 0,
            "eps_latest_yearly": 0,
            "eps_growth_yearly": 0
        },
        "20022": {
            "year_quarter": 20022,
            "year": 2002,
            "quarter": 2,
            "eps": null,
            "eps_growth_year": null,
            "eps_4q": null,
            "eps_4q_growth_year": null,
            "roe": null,
            "roe_4q": 0,
            "gross_profit": null,
            "gross_margin": null,
            "gross_margin_4q_avg": 0,
            "net_income": null,
            "net_income_4q": null,
            "revenue": null,
            "revenue_4q": null,
            "common_shares": null,
            "book_valuer_per_share": null,
            "book_valuer_per_share_4q_avg": 2.62,
            "equity": null,
            "current_ratio": null,
            "debt_ratio": null,
            "inventory_turnover_ratio": null,
            "account_receivable_turnover_ratio": null,
            "reinvestment_rate": null,
            "research_to_sale_ratio": null,
            "price_fair": 0,
            "eps_avg_yearly": 0,
            "eps_latest_yearly": 0,
            "eps_growth_yearly": 0
        },
        "20023": {
            "year_quarter": 20023,
            "year": 2002,
            "quarter": 3,
            "eps": null,
            "eps_growth_year": null,
            "eps_4q": null,
            "eps_4q_growth_year": null,
            "roe": null,
            "roe_4q": 0,
            "gross_profit": null,
            "gross_margin": null,
            "gross_margin_4q_avg": 0,
            "net_income": null,
            "net_income_4q": null,
            "revenue": null,
            "revenue_4q": null,
            "common_shares": null,
            "book_valuer_per_share": null,
            "book_valuer_per_share_4q_avg": 2.62,
            "equity": null,
            "current_ratio": null,
            "debt_ratio": null,
            "inventory_turnover_ratio": null,
            "account_receivable_turnover_ratio": null,
            "reinvestment_rate": null,
            "research_to_sale_ratio": null,
            "price_fair": 0,
            "eps_avg_yearly": 0,
            "eps_latest_yearly": 0,
            "eps_growth_yearly": 0
        },
        "20024": {
            "year_quarter": 20024,
            "year": 2002,
            "quarter": 4,
            "eps": null,
            "eps_growth_year": null,
            "eps_4q": null,
            "eps_4q_growth_year": null,
            "roe": null,
            "roe_4q": 0,
            "gross_profit": null,
            "gross_margin": null,
            "gross_margin_4q_avg": 0,
            "net_income": null,
            "net_income_4q": null,
            "revenue": null,
            "revenue_4q": null,
            "common_shares": 210000,
            "book_valuer_per_share": 11.74,
            "book_valuer_per_share_4q_avg": 2.94,
            "equity": 246475,
            "current_ratio": 144.45,
            "debt_ratio": 67.9,
            "inventory_turnover_ratio": null,
            "account_receivable_turnover_ratio": null,
            "reinvestment_rate": null,
            "research_to_sale_ratio": null,
            "price_fair": 0,
            "eps_avg_yearly": 0,
            "eps_latest_yearly": 0,
            "eps_growth_yearly": 0
        },
        "20031": {
            "year_quarter": 20031,
            "year": 2003,
            "quarter": 1,
            "eps": null,
            "eps_growth_year": null,
            "eps_4q": null,
            "eps_4q_growth_year": null,
            "roe": null,
            "roe_4q": 0,
            "gross_profit": null,
            "gross_margin": null,
            "gross_margin_4q_avg": 0,
            "net_income": null,
            "net_income_4q": null,
            "revenue": null,
            "revenue_4q": null,
            "common_shares": null,
            "book_valuer_per_share": null,
            "book_valuer_per_share_4q_avg": 2.94,
            "equity": null,
            "current_ratio": null,
            "debt_ratio": null,
            "inventory_turnover_ratio": null,
            "account_receivable_turnover_ratio": null,
            "reinvestment_rate": null,
            "research_to_sale_ratio": null,
            "price_fair": 0,
            "eps_avg_yearly": 0,
            "eps_latest_yearly": 0,
            "eps_growth_yearly": 0
        },
        "20032": {
            "year_quarter": 20032,
            "year": 2003,
            "quarter": 2,
            "eps": null,
            "eps_growth_year": null,
            "eps_4q": null,
            "eps_4q_growth_year": null,
            "roe": null,
            "roe_4q": 0,
            "gross_profit": null,
            "gross_margin": null,
            "gross_margin_4q_avg": 0,
            "net_income": null,
            "net_income_4q": null,
            "revenue": null,
            "revenue_4q": null,
            "common_shares": null,
            "book_valuer_per_share": null,
            "book_valuer_per_share_4q_avg": 2.94,
            "equity": null,
            "current_ratio": null,
            "debt_ratio": null,
            "inventory_turnover_ratio": null,
            "account_receivable_turnover_ratio": null,
            "reinvestment_rate": null,
            "research_to_sale_ratio": null,
            "price_fair": 0,
            "eps_avg_yearly": 0,
            "eps_latest_yearly": 0,
            "eps_growth_yearly": 0
        },
        "20033": {
            "year_quarter": 20033,
            "year": 2003,
            "quarter": 3,
            "eps": -0.15,
            "eps_growth_year": null,
            "eps_4q": null,
            "eps_4q_growth_year": null,
            "roe": -1.08,
            "roe_4q": -1.08,
            "gross_profit": 51449,
            "gross_margin": 5.84,
            "gross_margin_4q_avg": 1.46,
            "net_income": -4038,
            "net_income_4q": null,
            "revenue": 880766,
            "revenue_4q": null,
            "common_shares": 340983,
            "book_valuer_per_share": 10.96,
            "book_valuer_per_share_4q_avg": 5.68,
            "equity": 373871,
            "current_ratio": 152.2,
            "debt_ratio": 61.07,
            "inventory_turnover_ratio": 5.56,
            "account_receivable_turnover_ratio": null,
            "reinvestment_rate": null,
            "research_to_sale_ratio": null,
            "price_fair": 0,
            "eps_avg_yearly": 0,
            "eps_latest_yearly": 0,
            "eps_growth_yearly": 0
        },
        "20034": {
            "year_quarter": 20034,
            "year": 2003,
            "quarter": 4,
            "eps": 1.4,
            "eps_growth_year": null,
            "eps_4q": null,
            "eps_4q_growth_year": null,
            "roe": 10.33,
            "roe_4q": 9.25,
            "gross_profit": 81146,
            "gross_margin": 7.97,
            "gross_margin_4q_avg": 3.45,
            "net_income": 40684,
            "net_income_4q": null,
            "revenue": 1017959,
            "revenue_4q": null,
            "common_shares": 340983,
            "book_valuer_per_share": 12.14,
            "book_valuer_per_share_4q_avg": 5.78,
            "equity": 414070,
            "current_ratio": 156.53,
            "debt_ratio": 59.42,
            "inventory_turnover_ratio": 5.92,
            "account_receivable_turnover_ratio": null,
            "reinvestment_rate": null,
            "research_to_sale_ratio": null,
            "price_fair": 0,
            "eps_avg_yearly": 0,
            "eps_latest_yearly": 0,
            "eps_growth_yearly": 0
        },
        "20041": {
            "year_quarter": 20041,
            "year": 2004,
            "quarter": 1,
            "eps": 0.71,
            "eps_growth_year": null,
            "eps_4q": null,
            "eps_4q_growth_year": null,
            "roe": 6.5,
            "roe_4q": 15.749999999999998,
            "gross_profit": 73107,
            "gross_margin": 7.41,
            "gross_margin_4q_avg": 5.31,
            "net_income": 27183,
            "net_income_4q": null,
            "revenue": 986355,
            "revenue_4q": null,
            "common_shares": 342508,
            "book_valuer_per_share": 12.34,
            "book_valuer_per_share_4q_avg": 8.86,
            "equity": 422756,
            "current_ratio": 143.61,
            "debt_ratio": 65.41,
            "inventory_turnover_ratio": 5.18,
            "account_receivable_turnover_ratio": null,
            "reinvestment_rate": null,
            "research_to_sale_ratio": null,
            "price_fair": 8.52,
            "eps_avg_yearly": 2.84,
            "eps_latest_yearly": 2.84,
            "eps_growth_yearly": -197.14
        },
        "20042": {
            "year_quarter": 20042,
            "year": 2004,
            "quarter": 2,
            "eps": 0.6,
            "eps_growth_year": null,
            "eps_4q": 2.47,
            "eps_4q_growth_year": null,
            "roe": 4.66,
            "roe_4q": 20.410000000000004,
            "gross_profit": 87783,
            "gross_margin": 6.99,
            "gross_margin_4q_avg": 7.05,
            "net_income": 20534,
            "net_income_4q": null,
            "revenue": 1256052,
            "revenue_4q": null,
            "common_shares": 342508,
            "book_valuer_per_share": 13.4,
            "book_valuer_per_share_4q_avg": 12.21,
            "equity": 458965,
            "current_ratio": 140.73,
            "debt_ratio": 65.69,
            "inventory_turnover_ratio": 5.24,
            "account_receivable_turnover_ratio": null,
            "reinvestment_rate": null,
            "research_to_sale_ratio": null,
            "price_fair": 7.86,
            "eps_avg_yearly": 2.62,
            "eps_latest_yearly": 2.4,
            "eps_growth_yearly": -129.56
        },
        "20043": {
            "year_quarter": 20043,
            "year": 2004,
            "quarter": 3,
            "eps": 0.69,
            "eps_growth_year": null,
            "eps_4q": 3,
            "eps_4q_growth_year": null,
            "roe": 5.59,
            "roe_4q": 27.08,
            "gross_profit": 93933,
            "gross_margin": 6.3,
            "gross_margin_4q_avg": 7.17,
            "net_income": 26456,
            "net_income_4q": null,
            "revenue": 1491097,
            "revenue_4q": null,
            "common_shares": 386463,
            "book_valuer_per_share": 12.63,
            "book_valuer_per_share_4q_avg": 12.63,
            "equity": 488210,
            "current_ratio": 146.49,
            "debt_ratio": 63.69,
            "inventory_turnover_ratio": 5.52,
            "account_receivable_turnover_ratio": null,
            "reinvestment_rate": null,
            "research_to_sale_ratio": null,
            "price_fair": 8,
            "eps_avg_yearly": 2.67,
            "eps_latest_yearly": 2.76,
            "eps_growth_yearly": -66.37
        },
        "20044": {
            "year_quarter": 20044,
            "year": 2004,
            "quarter": 4,
            "eps": 0.51,
            "eps_growth_year": -63.57,
            "eps_4q": 2.44,
            "eps_4q_growth_year": null,
            "roe": 4.03,
            "roe_4q": 20.78,
            "gross_profit": 105137,
            "gross_margin": 5.99,
            "gross_margin_4q_avg": 6.67,
            "net_income": 19584,
            "net_income_4q": null,
            "revenue": 1756453,
            "revenue_4q": null,
            "common_shares": 386463,
            "book_valuer_per_share": 12.52,
            "book_valuer_per_share_4q_avg": 12.72,
            "equity": 484011,
            "current_ratio": 152.45,
            "debt_ratio": 61.59,
            "inventory_turnover_ratio": 6.75,
            "account_receivable_turnover_ratio": null,
            "reinvestment_rate": null,
            "research_to_sale_ratio": null,
            "price_fair": 7.53,
            "eps_avg_yearly": 2.51,
            "eps_latest_yearly": 2.04,
            "eps_growth_yearly": -75.87
        },
        "20051": {
            "year_quarter": 20051,
            "year": 2005,
            "quarter": 1,
            "eps": 0.45,
            "eps_growth_year": -36.62,
            "eps_4q": 2.16,
            "eps_4q_growth_year": null,
            "roe": 3.54,
            "roe_4q": 17.82,
            "gross_profit": 83452,
            "gross_margin": 5.57,
            "gross_margin_4q_avg": 6.21,
            "net_income": 17526,
            "net_income_4q": null,
            "revenue": 1499427,
            "revenue_4q": null,
            "common_shares": 389216,
            "book_valuer_per_share": 13.01,
            "book_valuer_per_share_4q_avg": 12.89,
            "equity": 506499,
            "current_ratio": 146.23,
            "debt_ratio": 64.98,
            "inventory_turnover_ratio": 5.69,
            "account_receivable_turnover_ratio": null,
            "reinvestment_rate": null,
            "research_to_sale_ratio": null,
            "price_fair": 7.1,
            "eps_avg_yearly": 2.37,
            "eps_latest_yearly": 1.8,
            "eps_growth_yearly": -70.1
        },
        "20052": {
            "year_quarter": 20052,
            "year": 2005,
            "quarter": 2,
            "eps": 0.07,
            "eps_growth_year": -88.33,
            "eps_4q": 1.77,
            "eps_4q_growth_year": -28.24,
            "roe": 0.53,
            "roe_4q": 13.690000000000001,
            "gross_profit": 70901,
            "gross_margin": 4.41,
            "gross_margin_4q_avg": 5.57,
            "net_income": 2619,
            "net_income_4q": null,
            "revenue": 1609327,
            "revenue_4q": null,
            "common_shares": 389216,
            "book_valuer_per_share": 12.35,
            "book_valuer_per_share_4q_avg": 12.63,
            "equity": 480782,
            "current_ratio": 136.81,
            "debt_ratio": 69.87,
            "inventory_turnover_ratio": 5.03,
            "account_receivable_turnover_ratio": null,
            "reinvestment_rate": null,
            "research_to_sale_ratio": null,
            "price_fair": 6.06,
            "eps_avg_yearly": 2.02,
            "eps_latest_yearly": 0.28,
            "eps_growth_yearly": -114.72
        },
        "20053": {
            "year_quarter": 20053,
            "year": 2005,
            "quarter": 3,
            "eps": 1.04,
            "eps_growth_year": 50.72,
            "eps_4q": 1.95,
            "eps_4q_growth_year": -34.89,
            "roe": 8.8,
            "roe_4q": 16.900000000000002,
            "gross_profit": 119413,
            "gross_margin": 4.78,
            "gross_margin_4q_avg": 5.19,
            "net_income": 45379,
            "net_income_4q": null,
            "revenue": 2499442,
            "revenue_4q": null,
            "common_shares": 436965,
            "book_valuer_per_share": 12.6,
            "book_valuer_per_share_4q_avg": 12.62,
            "equity": 550394,
            "current_ratio": 128.2,
            "debt_ratio": 75.19,
            "inventory_turnover_ratio": 6.25,
            "account_receivable_turnover_ratio": null,
            "reinvestment_rate": null,
            "research_to_sale_ratio": null,
            "price_fair": 81.4,
            "eps_avg_yearly": 2.33,
            "eps_latest_yearly": 4.16,
            "eps_growth_yearly": 693.51
        },
        "20054": {
            "year_quarter": 20054,
            "year": 2005,
            "quarter": 4,
            "eps": 0.83,
            "eps_growth_year": 62.75,
            "eps_4q": 2.3,
            "eps_4q_growth_year": -5.74,
            "roe": 6.14,
            "roe_4q": 19.01,
            "gross_profit": 132624,
            "gross_margin": 6.4,
            "gross_margin_4q_avg": 5.29,
            "net_income": 36958,
            "net_income_4q": null,
            "revenue": 2073860,
            "revenue_4q": null,
            "common_shares": 487795,
            "book_valuer_per_share": 13.4,
            "book_valuer_per_share_4q_avg": 12.84,
            "equity": 653854,
            "current_ratio": 141.42,
            "debt_ratio": 68.79,
            "inventory_turnover_ratio": 4.67,
            "account_receivable_turnover_ratio": null,
            "reinvestment_rate": null,
            "research_to_sale_ratio": null,
            "price_fair": 85.75,
            "eps_avg_yearly": 2.45,
            "eps_latest_yearly": 3.32,
            "eps_growth_yearly": 596.72
        },
        "20061": {
            "year_quarter": 20061,
            "year": 2006,
            "quarter": 1,
            "eps": 0.2,
            "eps_growth_year": -55.56,
            "eps_4q": 1.95,
            "eps_4q_growth_year": -9.74,
            "roe": 1.48,
            "roe_4q": 16.950000000000003,
            "gross_profit": 90531,
            "gross_margin": 5.91,
            "gross_margin_4q_avg": 5.38,
            "net_income": 9715,
            "net_income_4q": null,
            "revenue": 1531993,
            "revenue_4q": null,
            "common_shares": 488848,
            "book_valuer_per_share": 13.47,
            "book_valuer_per_share_4q_avg": 12.96,
            "equity": 658408,
            "current_ratio": 138.62,
            "debt_ratio": 67.38,
            "inventory_turnover_ratio": 3.23,
            "account_receivable_turnover_ratio": null,
            "reinvestment_rate": null,
            "research_to_sale_ratio": null,
            "price_fair": 79.33,
            "eps_avg_yearly": 2.27,
            "eps_latest_yearly": 0.8,
            "eps_growth_yearly": 496.69
        },
        "20062": {
            "year_quarter": 20062,
            "year": 2006,
            "quarter": 2,
            "eps": 0.73,
            "eps_growth_year": 942.86,
            "eps_4q": 2.62,
            "eps_4q_growth_year": 48.28,
            "roe": 5.38,
            "roe_4q": 21.8,
            "gross_profit": 113183,
            "gross_margin": 6.43,
            "gross_margin_4q_avg": 5.88,
            "net_income": 35499,
            "net_income_4q": null,
            "revenue": 1759904,
            "revenue_4q": null,
            "common_shares": 488848,
            "book_valuer_per_share": 13.54,
            "book_valuer_per_share_4q_avg": 13.25,
            "equity": 661900,
            "current_ratio": 135.24,
            "debt_ratio": 69.24,
            "inventory_turnover_ratio": 3.07,
            "account_receivable_turnover_ratio": null,
            "reinvestment_rate": null,
            "research_to_sale_ratio": null,
            "price_fair": 81.62,
            "eps_avg_yearly": 2.33,
            "eps_latest_yearly": 2.92,
            "eps_growth_yearly": 553.02
        },
        "20063": {
            "year_quarter": 20063,
            "year": 2006,
            "quarter": 3,
            "eps": 0.23,
            "eps_growth_year": -77.88,
            "eps_4q": 1.76,
            "eps_4q_growth_year": -9.6,
            "roe": 1.84,
            "roe_4q": 14.84,
            "gross_profit": 76890,
            "gross_margin": 4.06,
            "gross_margin_4q_avg": 5.7,
            "net_income": 12327,
            "net_income_4q": null,
            "revenue": 1892883,
            "revenue_4q": null,
            "common_shares": 538632,
            "book_valuer_per_share": 12.63,
            "book_valuer_per_share_4q_avg": 13.26,
            "equity": 680376,
            "current_ratio": 144.48,
            "debt_ratio": 69.2,
            "inventory_turnover_ratio": 3.24,
            "account_receivable_turnover_ratio": null,
            "reinvestment_rate": null,
            "research_to_sale_ratio": null,
            "price_fair": 77.13,
            "eps_avg_yearly": 2.2,
            "eps_latest_yearly": 0.92,
            "eps_growth_yearly": 477.84
        },
        "20064": {
            "year_quarter": 20064,
            "year": 2006,
            "quarter": 4,
            "eps": -0.4,
            "eps_growth_year": -148.19,
            "eps_4q": 0.67,
            "eps_4q_growth_year": -70.89,
            "roe": -3.21,
            "roe_4q": 5.49,
            "gross_profit": 86727,
            "gross_margin": 4.81,
            "gross_margin_4q_avg": 5.3,
            "net_income": -21408,
            "net_income_4q": null,
            "revenue": 1801317,
            "revenue_4q": null,
            "common_shares": 538632,
            "book_valuer_per_share": 12.13,
            "book_valuer_per_share_4q_avg": 12.94,
            "equity": 653623,
            "current_ratio": 174.53,
            "debt_ratio": 69.18,
            "inventory_turnover_ratio": 3.59,
            "account_receivable_turnover_ratio": null,
            "reinvestment_rate": null,
            "research_to_sale_ratio": null,
            "price_fair": 77.13,
            "eps_avg_yearly": 2.2,
            "eps_latest_yearly": 0.92,
            "eps_growth_yearly": 477.84
        },
        "20071": {
            "year_quarter": 20071,
            "year": 2007,
            "quarter": 1,
            "eps": 0.36,
            "eps_growth_year": 80,
            "eps_4q": 0.85,
            "eps_4q_growth_year": -56.28,
            "roe": 2.9,
            "roe_4q": 6.91,
            "gross_profit": 102207,
            "gross_margin": 6,
            "gross_margin_4q_avg": 5.33,
            "net_income": 19330,
            "net_income_4q": null,
            "revenue": 1704661,
            "revenue_4q": null,
            "common_shares": 539600,
            "book_valuer_per_share": 12.63,
            "book_valuer_per_share_4q_avg": 12.73,
            "equity": 681499,
            "current_ratio": 198.56,
            "debt_ratio": 66.47,
            "inventory_turnover_ratio": 3.78,
            "account_receivable_turnover_ratio": null,
            "reinvestment_rate": null,
            "research_to_sale_ratio": null,
            "price_fair": 77.13,
            "eps_avg_yearly": 2.2,
            "eps_latest_yearly": 0.92,
            "eps_growth_yearly": 477.84
        },
        "20072": {
            "year_quarter": 20072,
            "year": 2007,
            "quarter": 2,
            "eps": 0.4,
            "eps_growth_year": -45.21,
            "eps_4q": 0.58,
            "eps_4q_growth_year": -77.92,
            "roe": 3.32,
            "roe_4q": 4.85,
            "gross_profit": 109134,
            "gross_margin": 6.44,
            "gross_margin_4q_avg": 5.33,
            "net_income": 22873,
            "net_income_4q": null,
            "revenue": 1693426,
            "revenue_4q": null,
            "common_shares": 539600,
            "book_valuer_per_share": 12.92,
            "book_valuer_per_share_4q_avg": 12.58,
            "equity": 697029,
            "current_ratio": 189.36,
            "debt_ratio": 66.33,
            "inventory_turnover_ratio": 3.63,
            "account_receivable_turnover_ratio": null,
            "reinvestment_rate": 2.56,
            "research_to_sale_ratio": null,
            "price_fair": 75.37,
            "eps_avg_yearly": 2.15,
            "eps_latest_yearly": 1.6,
            "eps_growth_yearly": 441.72
        },
        "20073": {
            "year_quarter": 20073,
            "year": 2007,
            "quarter": 3,
            "eps": 0.3,
            "eps_growth_year": 30.43,
            "eps_4q": 0.67,
            "eps_4q_growth_year": -62.26,
            "roe": 2.42,
            "roe_4q": 5.430000000000001,
            "gross_profit": 115812,
            "gross_margin": 4.93,
            "gross_margin_4q_avg": 5.55,
            "net_income": 17070,
            "net_income_4q": null,
            "revenue": 2349142,
            "revenue_4q": null,
            "common_shares": 570827,
            "book_valuer_per_share": 12.5,
            "book_valuer_per_share_4q_avg": 12.55,
            "equity": 713678,
            "current_ratio": 183.51,
            "debt_ratio": 71.91,
            "inventory_turnover_ratio": 4.06,
            "account_receivable_turnover_ratio": null,
            "reinvestment_rate": 2.76,
            "research_to_sale_ratio": null,
            "price_fair": 72.8,
            "eps_avg_yearly": 2.08,
            "eps_latest_yearly": 1.2,
            "eps_growth_yearly": 400.05
        },
        "20074": {
            "year_quarter": 20074,
            "year": 2007,
            "quarter": 4,
            "eps": 0.1,
            "eps_growth_year": null,
            "eps_4q": 1.19,
            "eps_4q_growth_year": 77.49,
            "roe": 0.76,
            "roe_4q": 9.4,
            "gross_profit": 102679,
            "gross_margin": 4.7,
            "gross_margin_4q_avg": 5.52,
            "net_income": 5442,
            "net_income_4q": null,
            "revenue": 2183992,
            "revenue_4q": null,
            "common_shares": 570827,
            "book_valuer_per_share": 12.58,
            "book_valuer_per_share_4q_avg": 12.66,
            "equity": 718040,
            "current_ratio": 209.83,
            "debt_ratio": 68.21,
            "inventory_turnover_ratio": 3.54,
            "account_receivable_turnover_ratio": null,
            "reinvestment_rate": 2.25,
            "research_to_sale_ratio": null,
            "price_fair": 68.6,
            "eps_avg_yearly": 1.96,
            "eps_latest_yearly": 0.4,
            "eps_growth_yearly": 352.43
        },
        "20081": {
            "year_quarter": 20081,
            "year": 2008,
            "quarter": 1,
            "eps": -0.54,
            "eps_growth_year": -250,
            "eps_4q": 0.25,
            "eps_4q_growth_year": -70.07,
            "roe": -4.51,
            "roe_4q": 1.9899999999999998,
            "gross_profit": 81302,
            "gross_margin": 3.93,
            "gross_margin_4q_avg": 5,
            "net_income": -30828,
            "net_income_4q": null,
            "revenue": 2068351,
            "revenue_4q": null,
            "common_shares": 571552,
            "book_valuer_per_share": 11.35,
            "book_valuer_per_share_4q_avg": 12.34,
            "equity": 648858,
            "current_ratio": 164.6,
            "debt_ratio": 73.99,
            "inventory_turnover_ratio": 3.32,
            "account_receivable_turnover_ratio": null,
            "reinvestment_rate": 5.17,
            "research_to_sale_ratio": null,
            "price_fair": 66.23,
            "eps_avg_yearly": 1.89,
            "eps_latest_yearly": 0.4,
            "eps_growth_yearly": 394.7
        },
        "20082": {
            "year_quarter": 20082,
            "year": 2008,
            "quarter": 2,
            "eps": -0.47,
            "eps_growth_year": -217.5,
            "eps_4q": -0.61,
            "eps_4q_growth_year": -205.88,
            "roe": -4.2,
            "roe_4q": -5.530000000000001,
            "gross_profit": 83876,
            "gross_margin": 3.87,
            "gross_margin_4q_avg": 4.36,
            "net_income": -26736,
            "net_income_4q": null,
            "revenue": 2169649,
            "revenue_4q": null,
            "common_shares": 571552,
            "book_valuer_per_share": 10.93,
            "book_valuer_per_share_4q_avg": 11.84,
            "equity": 624949,
            "current_ratio": 182.94,
            "debt_ratio": 74.9,
            "inventory_turnover_ratio": 3.03,
            "account_receivable_turnover_ratio": null,
            "reinvestment_rate": 6.48,
            "research_to_sale_ratio": null,
            "price_fair": 64.75,
            "eps_avg_yearly": 1.85,
            "eps_latest_yearly": 0.4,
            "eps_growth_yearly": 432.76
        },
        "20083": {
            "year_quarter": 20083,
            "year": 2008,
            "quarter": 3,
            "eps": 0.79,
            "eps_growth_year": 163.33,
            "eps_4q": -0.05,
            "eps_4q_growth_year": -107.59,
            "roe": 7.09,
            "roe_4q": -0.8600000000000001,
            "gross_profit": 110975,
            "gross_margin": 4.44,
            "gross_margin_4q_avg": 4.24,
            "net_income": 48988,
            "net_income_4q": null,
            "revenue": 2500657,
            "revenue_4q": null,
            "common_shares": 621576,
            "book_valuer_per_share": 12.17,
            "book_valuer_per_share_4q_avg": 11.76,
            "equity": 756438,
            "current_ratio": 139.8,
            "debt_ratio": 69.6,
            "inventory_turnover_ratio": 3.45,
            "account_receivable_turnover_ratio": null,
            "reinvestment_rate": 6.88,
            "research_to_sale_ratio": null,
            "price_fair": 61.85,
            "eps_avg_yearly": 1.77,
            "eps_latest_yearly": 0.4,
            "eps_growth_yearly": 466.64
        },
        "20084": {
            "year_quarter": 20084,
            "year": 2008,
            "quarter": 4,
            "eps": -0.17,
            "eps_growth_year": -270,
            "eps_4q": -0.31,
            "eps_4q_growth_year": -126.07,
            "roe": -1.47,
            "roe_4q": -3.09,
            "gross_profit": 58653,
            "gross_margin": 2.74,
            "gross_margin_4q_avg": 3.75,
            "net_income": -11162,
            "net_income_4q": null,
            "revenue": 2140138,
            "revenue_4q": null,
            "common_shares": 721576,
            "book_valuer_per_share": 10.57,
            "book_valuer_per_share_4q_avg": 11.26,
            "equity": 763051,
            "current_ratio": 181.14,
            "debt_ratio": 53.14,
            "inventory_turnover_ratio": 3.93,
            "account_receivable_turnover_ratio": 4.71,
            "reinvestment_rate": 7.36,
            "research_to_sale_ratio": null,
            "price_fair": 60.9,
            "eps_avg_yearly": 1.74,
            "eps_latest_yearly": 0.4,
            "eps_growth_yearly": 523.74
        },
        "20091": {
            "year_quarter": 20091,
            "year": 2009,
            "quarter": 1,
            "eps": 0.76,
            "eps_growth_year": null,
            "eps_4q": 0.91,
            "eps_4q_growth_year": 258.47,
            "roe": 6.88,
            "roe_4q": 8.3,
            "gross_profit": 124309,
            "gross_margin": 5.85,
            "gross_margin_4q_avg": 4.23,
            "net_income": 54706,
            "net_income_4q": null,
            "revenue": 2125675,
            "revenue_4q": null,
            "common_shares": 721576,
            "book_valuer_per_share": 11.48,
            "book_valuer_per_share_4q_avg": 11.29,
            "equity": 828251,
            "current_ratio": 169.29,
            "debt_ratio": 57.27,
            "inventory_turnover_ratio": 5.19,
            "account_receivable_turnover_ratio": 2.29,
            "reinvestment_rate": 5.59,
            "research_to_sale_ratio": null,
            "price_fair": 60.67,
            "eps_avg_yearly": 1.73,
            "eps_latest_yearly": 0.4,
            "eps_growth_yearly": 587.17
        },
        "20092": {
            "year_quarter": 20092,
            "year": 2009,
            "quarter": 2,
            "eps": 0.64,
            "eps_growth_year": null,
            "eps_4q": 1.91,
            "eps_4q_growth_year": null,
            "roe": 5.51,
            "roe_4q": 18.009999999999998,
            "gross_profit": 177901,
            "gross_margin": 6.6,
            "gross_margin_4q_avg": 4.91,
            "net_income": 46475,
            "net_income_4q": null,
            "revenue": 2693971,
            "revenue_4q": null,
            "common_shares": 721576,
            "book_valuer_per_share": 11.91,
            "book_valuer_per_share_4q_avg": 11.53,
            "equity": 859733,
            "current_ratio": 155.6,
            "debt_ratio": 62.66,
            "inventory_turnover_ratio": 6.36,
            "account_receivable_turnover_ratio": 2.32,
            "reinvestment_rate": 4.68,
            "research_to_sale_ratio": null,
            "price_fair": 69.53,
            "eps_avg_yearly": 1.99,
            "eps_latest_yearly": 2.56,
            "eps_growth_yearly": 617.68
        },
        "20093": {
            "year_quarter": 20093,
            "year": 2009,
            "quarter": 3,
            "eps": 0.66,
            "eps_growth_year": -16.46,
            "eps_4q": 1.92,
            "eps_4q_growth_year": null,
            "roe": 5.38,
            "roe_4q": 16.3,
            "gross_profit": 157620,
            "gross_margin": 5.05,
            "gross_margin_4q_avg": 5.06,
            "net_income": 47309,
            "net_income_4q": null,
            "revenue": 3122501,
            "revenue_4q": null,
            "common_shares": 721576,
            "book_valuer_per_share": 12.45,
            "book_valuer_per_share_4q_avg": 11.6,
            "equity": 898409,
            "current_ratio": 144.9,
            "debt_ratio": 67.69,
            "inventory_turnover_ratio": 5.77,
            "account_receivable_turnover_ratio": 2.06,
            "reinvestment_rate": 3.82,
            "research_to_sale_ratio": null,
            "price_fair": 23.99,
            "eps_avg_yearly": 1.82,
            "eps_latest_yearly": 2.64,
            "eps_growth_yearly": 3.2
        },
        "20094": {
            "year_quarter": 20094,
            "year": 2009,
            "quarter": 4,
            "eps": 0.52,
            "eps_growth_year": null,
            "eps_4q": 2.58,
            "eps_4q_growth_year": null,
            "roe": 4.13,
            "roe_4q": 21.9,
            "gross_profit": 171420,
            "gross_margin": 5.64,
            "gross_margin_4q_avg": 5.79,
            "net_income": 37847,
            "net_income_4q": null,
            "revenue": 3039269,
            "revenue_4q": null,
            "common_shares": 721576,
            "book_valuer_per_share": 12.96,
            "book_valuer_per_share_4q_avg": 12.2,
            "equity": 934971,
            "current_ratio": 155.79,
            "debt_ratio": 62.87,
            "inventory_turnover_ratio": 5.05,
            "account_receivable_turnover_ratio": 4.69,
            "reinvestment_rate": 6.71,
            "research_to_sale_ratio": null,
            "price_fair": 21.41,
            "eps_avg_yearly": 1.68,
            "eps_latest_yearly": 2.08,
            "eps_growth_yearly": 2.74
        },
        "20101": {
            "year_quarter": 20101,
            "year": 2010,
            "quarter": 1,
            "eps": 0.71,
            "eps_growth_year": -6.58,
            "eps_4q": 2.53,
            "eps_4q_growth_year": 177.28,
            "roe": 5.35,
            "roe_4q": 20.369999999999997,
            "gross_profit": 141970,
            "gross_margin": 4.85,
            "gross_margin_4q_avg": 5.54,
            "net_income": 51253,
            "net_income_4q": null,
            "revenue": 2929516,
            "revenue_4q": null,
            "common_shares": 721576,
            "book_valuer_per_share": 13.62,
            "book_valuer_per_share_4q_avg": 12.74,
            "equity": 982551,
            "current_ratio": 165.84,
            "debt_ratio": 59.08,
            "inventory_turnover_ratio": 4.67,
            "account_receivable_turnover_ratio": 2.36,
            "reinvestment_rate": 9.39,
            "research_to_sale_ratio": 0.19,
            "price_fair": 66.73,
            "eps_avg_yearly": 1.91,
            "eps_latest_yearly": 2.84,
            "eps_growth_yearly": 52.72
        },
        "20102": {
            "year_quarter": 20102,
            "year": 2010,
            "quarter": 2,
            "eps": 0.49,
            "eps_growth_year": -23.01,
            "eps_4q": 2.38,
            "eps_4q_growth_year": 24.5,
            "roe": 3.82,
            "roe_4q": 18.68,
            "gross_profit": 132127,
            "gross_margin": 5.08,
            "gross_margin_4q_avg": 5.16,
            "net_income": 35555,
            "net_income_4q": null,
            "revenue": 2602296,
            "revenue_4q": null,
            "common_shares": 721576,
            "book_valuer_per_share": 12.2,
            "book_valuer_per_share_4q_avg": 12.81,
            "equity": 880037,
            "current_ratio": 140.89,
            "debt_ratio": 69.87,
            "inventory_turnover_ratio": 2.79,
            "account_receivable_turnover_ratio": 2.05,
            "reinvestment_rate": 9.34,
            "research_to_sale_ratio": 0.24,
            "price_fair": 5.4,
            "eps_avg_yearly": 1.8,
            "eps_latest_yearly": 1.96,
            "eps_growth_yearly": -78.83
        },
        "20103": {
            "year_quarter": 20103,
            "year": 2010,
            "quarter": 3,
            "eps": 0.24,
            "eps_growth_year": -64.16,
            "eps_4q": 1.67,
            "eps_4q_growth_year": -13,
            "roe": 1.96,
            "roe_4q": 15.259999999999998,
            "gross_profit": 106053,
            "gross_margin": 3.55,
            "gross_margin_4q_avg": 4.78,
            "net_income": 20619,
            "net_income_4q": null,
            "revenue": 2985981,
            "revenue_4q": null,
            "common_shares": 871576,
            "book_valuer_per_share": 14.06,
            "book_valuer_per_share_4q_avg": 13.21,
            "equity": 1225812,
            "current_ratio": 170.21,
            "debt_ratio": 57.88,
            "inventory_turnover_ratio": 2.68,
            "account_receivable_turnover_ratio": 2.24,
            "reinvestment_rate": 8.06,
            "research_to_sale_ratio": 0.13,
            "price_fair": 5.41,
            "eps_avg_yearly": 1.8,
            "eps_latest_yearly": 0.96,
            "eps_growth_yearly": -71.07
        },
        "20104": {
            "year_quarter": 20104,
            "year": 2010,
            "quarter": 4,
            "eps": -0.1,
            "eps_growth_year": -118.47,
            "eps_4q": 1.14,
            "eps_4q_growth_year": -55.99,
            "roe": -0.7,
            "roe_4q": 10.43,
            "gross_profit": 77805,
            "gross_margin": 2.58,
            "gross_margin_4q_avg": 4.02,
            "net_income": -8371,
            "net_income_4q": null,
            "revenue": 3020492,
            "revenue_4q": null,
            "common_shares": 871576,
            "book_valuer_per_share": 13.37,
            "book_valuer_per_share_4q_avg": 13.31,
            "equity": 1165394,
            "current_ratio": 177.89,
            "debt_ratio": 55.35,
            "inventory_turnover_ratio": 3.37,
            "account_receivable_turnover_ratio": 2.2,
            "reinvestment_rate": 24.42,
            "research_to_sale_ratio": 0.13,
            "price_fair": 5.41,
            "eps_avg_yearly": 1.8,
            "eps_latest_yearly": 0.96,
            "eps_growth_yearly": -71.07
        },
        "20111": {
            "year_quarter": 20111,
            "year": 2011,
            "quarter": 1,
            "eps": 0.22,
            "eps_growth_year": -69.01,
            "eps_4q": 0.77,
            "eps_4q_growth_year": -69.64,
            "roe": 1.63,
            "roe_4q": 6.709999999999999,
            "gross_profit": 113626,
            "gross_margin": 3.9,
            "gross_margin_4q_avg": 3.78,
            "net_income": 19264,
            "net_income_4q": null,
            "revenue": 2912488,
            "revenue_4q": null,
            "common_shares": 871576,
            "book_valuer_per_share": 13.7,
            "book_valuer_per_share_4q_avg": 13.33,
            "equity": 1194150,
            "current_ratio": 164.56,
            "debt_ratio": 59.99,
            "inventory_turnover_ratio": 3.59,
            "account_receivable_turnover_ratio": 1.98,
            "reinvestment_rate": 25.35,
            "research_to_sale_ratio": 0.14,
            "price_fair": 5.41,
            "eps_avg_yearly": 1.8,
            "eps_latest_yearly": 0.96,
            "eps_growth_yearly": -71.07
        },
        "20112": {
            "year_quarter": 20112,
            "year": 2011,
            "quarter": 2,
            "eps": 0.3,
            "eps_growth_year": -39.74,
            "eps_4q": 0.66,
            "eps_4q_growth_year": -72.37,
            "roe": 2.19,
            "roe_4q": 5.08,
            "gross_profit": 132037,
            "gross_margin": 4.36,
            "gross_margin_4q_avg": 3.6,
            "net_income": 25881,
            "net_income_4q": null,
            "revenue": 3025029,
            "revenue_4q": null,
            "common_shares": 871576,
            "book_valuer_per_share": 13.39,
            "book_valuer_per_share_4q_avg": 13.63,
            "equity": 1167109,
            "current_ratio": 156.35,
            "debt_ratio": 63.41,
            "inventory_turnover_ratio": 3.23,
            "account_receivable_turnover_ratio": 1.86,
            "reinvestment_rate": 20.94,
            "research_to_sale_ratio": 0.16,
            "price_fair": 5.28,
            "eps_avg_yearly": 1.76,
            "eps_latest_yearly": 1.2,
            "eps_growth_yearly": -59.84
        },
        "20113": {
            "year_quarter": 20113,
            "year": 2011,
            "quarter": 3,
            "eps": 0.34,
            "eps_growth_year": 45.47,
            "eps_4q": 0.77,
            "eps_4q_growth_year": -54.04,
            "roe": 2.5,
            "roe_4q": 5.619999999999999,
            "gross_profit": 104517,
            "gross_margin": 3.31,
            "gross_margin_4q_avg": 3.54,
            "net_income": 29995,
            "net_income_4q": null,
            "revenue": 3158673,
            "revenue_4q": null,
            "common_shares": 871576,
            "book_valuer_per_share": 14.16,
            "book_valuer_per_share_4q_avg": 13.66,
            "equity": 1234206,
            "current_ratio": 157.88,
            "debt_ratio": 62.81,
            "inventory_turnover_ratio": 3.54,
            "account_receivable_turnover_ratio": 1.77,
            "reinvestment_rate": 19.58,
            "research_to_sale_ratio": 0.14,
            "price_fair": 5.33,
            "eps_avg_yearly": 1.78,
            "eps_latest_yearly": 1.36,
            "eps_growth_yearly": -42.81
        },
        "20114": {
            "year_quarter": 20114,
            "year": 2011,
            "quarter": 4,
            "eps": 0.75,
            "eps_growth_year": null,
            "eps_4q": 1.61,
            "eps_4q_growth_year": 41.83,
            "roe": 5.16,
            "roe_4q": 11.48,
            "gross_profit": 157012,
            "gross_margin": 5.29,
            "gross_margin_4q_avg": 4.22,
            "net_income": 65356,
            "net_income_4q": null,
            "revenue": 2967286,
            "revenue_4q": null,
            "common_shares": 871576,
            "book_valuer_per_share": 14.9,
            "book_valuer_per_share_4q_avg": 14.04,
            "equity": 1298348,
            "current_ratio": 176.23,
            "debt_ratio": 56.24,
            "inventory_turnover_ratio": 3.62,
            "account_receivable_turnover_ratio": 1.71,
            "reinvestment_rate": 17.42,
            "research_to_sale_ratio": 0.16,
            "price_fair": 72.33,
            "eps_avg_yearly": 2.07,
            "eps_latest_yearly": 3,
            "eps_growth_yearly": 40.42
        },
        "20121": {
            "year_quarter": 20121,
            "year": 2012,
            "quarter": 1,
            "eps": -0.1,
            "eps_growth_year": -145.45,
            "eps_4q": 1.3,
            "eps_4q_growth_year": 68.35,
            "roe": -0.65,
            "roe_4q": 9.2,
            "gross_profit": 82847,
            "gross_margin": 2.71,
            "gross_margin_4q_avg": 3.92,
            "net_income": -8325,
            "net_income_4q": null,
            "revenue": 3061907,
            "revenue_4q": null,
            "common_shares": 871576,
            "book_valuer_per_share": 14.62,
            "book_valuer_per_share_4q_avg": 14.27,
            "equity": 1274676,
            "current_ratio": 167.35,
            "debt_ratio": 59.25,
            "inventory_turnover_ratio": 4.26,
            "account_receivable_turnover_ratio": 1.74,
            "reinvestment_rate": 14.81,
            "research_to_sale_ratio": 0.16,
            "price_fair": 72.33,
            "eps_avg_yearly": 2.07,
            "eps_latest_yearly": 3,
            "eps_growth_yearly": 40.42
        },
        "20122": {
            "year_quarter": 20122,
            "year": 2012,
            "quarter": 2,
            "eps": 0.16,
            "eps_growth_year": -45.5,
            "eps_4q": 1.16,
            "eps_4q_growth_year": 76.21,
            "roe": 1.13,
            "roe_4q": 8.14,
            "gross_profit": 105536,
            "gross_margin": 3.22,
            "gross_margin_4q_avg": 3.63,
            "net_income": 14106,
            "net_income_4q": null,
            "revenue": 3275689,
            "revenue_4q": null,
            "common_shares": 871576,
            "book_valuer_per_share": 13.92,
            "book_valuer_per_share_4q_avg": 14.4,
            "equity": 1213338,
            "current_ratio": 157.72,
            "debt_ratio": 62.82,
            "inventory_turnover_ratio": 4.99,
            "account_receivable_turnover_ratio": 1.65,
            "reinvestment_rate": 13.72,
            "research_to_sale_ratio": 0.15,
            "price_fair": 72.33,
            "eps_avg_yearly": 2.07,
            "eps_latest_yearly": 3,
            "eps_growth_yearly": 40.42
        },
        "20123": {
            "year_quarter": 20123,
            "year": 2012,
            "quarter": 3,
            "eps": 0.15,
            "eps_growth_year": -57.07,
            "eps_4q": 0.96,
            "eps_4q_growth_year": 25.83,
            "roe": 1.06,
            "roe_4q": 6.7,
            "gross_profit": 125150,
            "gross_margin": 3.92,
            "gross_margin_4q_avg": 3.79,
            "net_income": 12877,
            "net_income_4q": null,
            "revenue": 3190696,
            "revenue_4q": null,
            "common_shares": 871576,
            "book_valuer_per_share": 13.9,
            "book_valuer_per_share_4q_avg": 14.34,
            "equity": 1211919,
            "current_ratio": 164.4,
            "debt_ratio": 60.29,
            "inventory_turnover_ratio": 4.87,
            "account_receivable_turnover_ratio": 1.61,
            "reinvestment_rate": 13.5,
            "research_to_sale_ratio": 0.21,
            "price_fair": 67.2,
            "eps_avg_yearly": 1.92,
            "eps_latest_yearly": 0.6,
            "eps_growth_yearly": 33.88
        },
        "20124": {
            "year_quarter": 20124,
            "year": 2012,
            "quarter": 4,
            "eps": 0.22,
            "eps_growth_year": -70.17,
            "eps_4q": 0.44,
            "eps_4q_growth_year": -72.84,
            "roe": 1.49,
            "roe_4q": 3.03,
            "gross_profit": 93016,
            "gross_margin": 2.86,
            "gross_margin_4q_avg": 3.18,
            "net_income": 19495,
            "net_income_4q": null,
            "revenue": 3249145,
            "revenue_4q": null,
            "common_shares": 871576,
            "book_valuer_per_share": 14.06,
            "book_valuer_per_share_4q_avg": 14.13,
            "equity": 1407839,
            "current_ratio": 189.01,
            "debt_ratio": 52.38,
            "inventory_turnover_ratio": 5.23,
            "account_receivable_turnover_ratio": 1.96,
            "reinvestment_rate": 54.89,
            "research_to_sale_ratio": 0.17,
            "price_fair": 63.89,
            "eps_avg_yearly": 1.83,
            "eps_latest_yearly": 0.88,
            "eps_growth_yearly": 47.77
        },
        "20131": {
            "year_quarter": 20131,
            "year": 2013,
            "quarter": 1,
            "eps": 0.32,
            "eps_growth_year": null,
            "eps_4q": 0.85,
            "eps_4q_growth_year": -34.14,
            "roe": 2.24,
            "roe_4q": 5.920000000000001,
            "gross_profit": 142892,
            "gross_margin": 4.42,
            "gross_margin_4q_avg": 3.61,
            "net_income": 32119,
            "net_income_4q": null,
            "revenue": 3229913,
            "revenue_4q": null,
            "common_shares": 871576,
            "book_valuer_per_share": 14.55,
            "book_valuer_per_share_4q_avg": 14.11,
            "equity": 1460319,
            "current_ratio": 170.28,
            "debt_ratio": 58.11,
            "inventory_turnover_ratio": 5,
            "account_receivable_turnover_ratio": 1.91,
            "reinvestment_rate": 1.97,
            "research_to_sale_ratio": 0.22,
            "price_fair": 62.3,
            "eps_avg_yearly": 1.78,
            "eps_latest_yearly": 1.28,
            "eps_growth_yearly": 58.94
        },
        "20132": {
            "year_quarter": 20132,
            "year": 2013,
            "quarter": 2,
            "eps": 0.16,
            "eps_growth_year": -1.14,
            "eps_4q": 0.82,
            "eps_4q_growth_year": -29.41,
            "roe": 1.41,
            "roe_4q": 6.200000000000001,
            "gross_profit": 150237,
            "gross_margin": 4.14,
            "gross_margin_4q_avg": 3.84,
            "net_income": 20750,
            "net_income_4q": null,
            "revenue": 3624972,
            "revenue_4q": null,
            "common_shares": 871576,
            "book_valuer_per_share": 14.78,
            "book_valuer_per_share_4q_avg": 14.32,
            "equity": 1488632,
            "current_ratio": 169.3,
            "debt_ratio": 58.81,
            "inventory_turnover_ratio": 4.77,
            "account_receivable_turnover_ratio": 1.84,
            "reinvestment_rate": 7.78,
            "research_to_sale_ratio": 0.19,
            "price_fair": 56.7,
            "eps_avg_yearly": 1.62,
            "eps_latest_yearly": 0.64,
            "eps_growth_yearly": 47.53
        },
        "20133": {
            "year_quarter": 20133,
            "year": 2013,
            "quarter": 3,
            "eps": 0.23,
            "eps_growth_year": 55.67,
            "eps_4q": 0.9,
            "eps_4q_growth_year": -6.23,
            "roe": 2.26,
            "roe_4q": 7.4,
            "gross_profit": 155001,
            "gross_margin": 3.75,
            "gross_margin_4q_avg": 3.79,
            "net_income": 33798,
            "net_income_4q": null,
            "revenue": 4134791,
            "revenue_4q": null,
            "common_shares": 906439,
            "book_valuer_per_share": 14.31,
            "book_valuer_per_share_4q_avg": 14.43,
            "equity": 1507810,
            "current_ratio": 151.6,
            "debt_ratio": 65.67,
            "inventory_turnover_ratio": 4.53,
            "account_receivable_turnover_ratio": 1.92,
            "reinvestment_rate": 8.05,
            "research_to_sale_ratio": 0.13,
            "price_fair": 51.68,
            "eps_avg_yearly": 1.48,
            "eps_latest_yearly": 0.92,
            "eps_growth_yearly": 61.08
        },
        "20134": {
            "year_quarter": 20134,
            "year": 2013,
            "quarter": 4,
            "eps": 0.49,
            "eps_growth_year": 117.13,
            "eps_4q": 1.17,
            "eps_4q_growth_year": 168.3,
            "roe": 3.26,
            "roe_4q": 9.17,
            "gross_profit": 184124,
            "gross_margin": 3.87,
            "gross_margin_4q_avg": 4.05,
            "net_income": 50184,
            "net_income_4q": null,
            "revenue": 4760110,
            "revenue_4q": null,
            "common_shares": 906439,
            "book_valuer_per_share": 14.88,
            "book_valuer_per_share_4q_avg": 14.63,
            "equity": 1567446,
            "current_ratio": 144.31,
            "debt_ratio": 69.06,
            "inventory_turnover_ratio": 4.25,
            "account_receivable_turnover_ratio": 1.86,
            "reinvestment_rate": 2.19,
            "research_to_sale_ratio": 0.07,
            "price_fair": 51.33,
            "eps_avg_yearly": 1.47,
            "eps_latest_yearly": 1.96,
            "eps_growth_yearly": 105.83
        },
        "20141": {
            "year_quarter": 20141,
            "year": 2014,
            "quarter": 1,
            "eps": 0.07,
            "eps_growth_year": -78.12,
            "eps_4q": 0.93,
            "eps_4q_growth_year": 9.52,
            "roe": 0.44,
            "roe_4q": 7.369999999999999,
            "gross_profit": 138330,
            "gross_margin": 3.3,
            "gross_margin_4q_avg": 3.77,
            "net_income": 6961,
            "net_income_4q": null,
            "revenue": 4186395,
            "revenue_4q": null,
            "common_shares": 906439,
            "book_valuer_per_share": 15.16,
            "book_valuer_per_share_4q_avg": 14.78,
            "equity": 1597336,
            "current_ratio": 141.36,
            "debt_ratio": 71.13,
            "inventory_turnover_ratio": 3.05,
            "account_receivable_turnover_ratio": 1.48,
            "reinvestment_rate": 2.81,
            "research_to_sale_ratio": 0.08,
            "price_fair": 43.87,
            "eps_avg_yearly": 1.25,
            "eps_latest_yearly": 0.28,
            "eps_growth_yearly": 65.08
        },
        "20142": {
            "year_quarter": 20142,
            "year": 2014,
            "quarter": 2,
            "eps": -0.17,
            "eps_growth_year": -206.25,
            "eps_4q": 0.58,
            "eps_4q_growth_year": -28.93,
            "roe": -2.3,
            "roe_4q": 3.6599999999999997,
            "gross_profit": 129551,
            "gross_margin": 3.22,
            "gross_margin_4q_avg": 3.54,
            "net_income": -37120,
            "net_income_4q": null,
            "revenue": 4020801,
            "revenue_4q": null,
            "common_shares": 906439,
            "book_valuer_per_share": 14.78,
            "book_valuer_per_share_4q_avg": 14.78,
            "equity": 1631694,
            "current_ratio": 137.97,
            "debt_ratio": 72.94,
            "inventory_turnover_ratio": 2.2,
            "account_receivable_turnover_ratio": 1.39,
            "reinvestment_rate": 3.75,
            "research_to_sale_ratio": 0.13,
            "price_fair": 41.62,
            "eps_avg_yearly": 1.19,
            "eps_latest_yearly": 0.28,
            "eps_growth_yearly": 82.26
        },
        "20143": {
            "year_quarter": 20143,
            "year": 2014,
            "quarter": 3,
            "eps": 0.55,
            "eps_growth_year": 139.13,
            "eps_4q": 0.89,
            "eps_4q_growth_year": -1.7,
            "roe": 4.34,
            "roe_4q": 5.74,
            "gross_profit": 213306,
            "gross_margin": 3.95,
            "gross_margin_4q_avg": 3.59,
            "net_income": 72962,
            "net_income_4q": null,
            "revenue": 5400675,
            "revenue_4q": null,
            "common_shares": 906439,
            "book_valuer_per_share": 15.54,
            "book_valuer_per_share_4q_avg": 15.09,
            "equity": 1728874,
            "current_ratio": 135.89,
            "debt_ratio": 73.76,
            "inventory_turnover_ratio": 2.6,
            "account_receivable_turnover_ratio": 1.61,
            "reinvestment_rate": 3.17,
            "research_to_sale_ratio": 0.11,
            "price_fair": 42.42,
            "eps_avg_yearly": 1.21,
            "eps_latest_yearly": 0.28,
            "eps_growth_yearly": 110.89
        },
        "20144": {
            "year_quarter": 20144,
            "year": 2014,
            "quarter": 4,
            "eps": 0.5,
            "eps_growth_year": 3.11,
            "eps_4q": 0.93,
            "eps_4q_growth_year": -21.09,
            "roe": 2.5,
            "roe_4q": 4.98,
            "gross_profit": 200351,
            "gross_margin": 4.25,
            "gross_margin_4q_avg": 3.68,
            "net_income": 44475,
            "net_income_4q": null,
            "revenue": 4711570,
            "revenue_4q": null,
            "common_shares": 951761,
            "book_valuer_per_share": 15.8,
            "book_valuer_per_share_4q_avg": 15.32,
            "equity": 1834091,
            "current_ratio": 138.31,
            "debt_ratio": 71.78,
            "inventory_turnover_ratio": 2.76,
            "account_receivable_turnover_ratio": 1.19,
            "reinvestment_rate": -6.51,
            "research_to_sale_ratio": 0.11,
            "price_fair": 44.93,
            "eps_avg_yearly": 1.28,
            "eps_latest_yearly": 2,
            "eps_growth_yearly": 97.51
        },
        "20151": {
            "year_quarter": 20151,
            "year": 2015,
            "quarter": 1,
            "eps": -0.11,
            "eps_growth_year": -257.14,
            "eps_4q": 0.75,
            "eps_4q_growth_year": -19.44,
            "roe": -1.99,
            "roe_4q": 2.55,
            "gross_profit": 186723,
            "gross_margin": 4.27,
            "gross_margin_4q_avg": 3.92,
            "net_income": -36056,
            "net_income_4q": null,
            "revenue": 4377794,
            "revenue_4q": null,
            "common_shares": 951761,
            "book_valuer_per_share": 15.56,
            "book_valuer_per_share_4q_avg": 15.42,
            "equity": 1783327,
            "current_ratio": 136.68,
            "debt_ratio": 72.55,
            "inventory_turnover_ratio": 2.93,
            "account_receivable_turnover_ratio": 1.08,
            "reinvestment_rate": -7.24,
            "research_to_sale_ratio": 0.12,
            "price_fair": 44.93,
            "eps_avg_yearly": 1.28,
            "eps_latest_yearly": 2,
            "eps_growth_yearly": 97.51
        },
        "20152": {
            "year_quarter": 20152,
            "year": 2015,
            "quarter": 2,
            "eps": -0.48,
            "eps_growth_year": null,
            "eps_4q": 0.38,
            "eps_4q_growth_year": -34.58,
            "roe": -4.4,
            "roe_4q": 0.4499999999999993,
            "gross_profit": 136098,
            "gross_margin": 3.57,
            "gross_margin_4q_avg": 4.01,
            "net_income": -76375,
            "net_income_4q": null,
            "revenue": 3809315,
            "revenue_4q": null,
            "common_shares": 951761,
            "book_valuer_per_share": 14.95,
            "book_valuer_per_share_4q_avg": 15.46,
            "equity": 1689675,
            "current_ratio": 135.13,
            "debt_ratio": 72.8,
            "inventory_turnover_ratio": 2.3,
            "account_receivable_turnover_ratio": 1.03,
            "reinvestment_rate": -4.21,
            "research_to_sale_ratio": 0.14,
            "price_fair": 45.22,
            "eps_avg_yearly": 1.29,
            "eps_latest_yearly": 2,
            "eps_growth_yearly": 92.71
        },
        "20153": {
            "year_quarter": 20153,
            "year": 2015,
            "quarter": 3,
            "eps": -0.37,
            "eps_growth_year": -167.27,
            "eps_4q": -0.45,
            "eps_4q_growth_year": -150.19,
            "roe": -4.93,
            "roe_4q": -8.82,
            "gross_profit": 127602,
            "gross_margin": 3.44,
            "gross_margin_4q_avg": 3.88,
            "net_income": -85705,
            "net_income_4q": null,
            "revenue": 3704657,
            "revenue_4q": null,
            "common_shares": 1085008,
            "book_valuer_per_share": 13.33,
            "book_valuer_per_share_4q_avg": 14.91,
            "equity": 1785905,
            "current_ratio": 149.85,
            "debt_ratio": 65.67,
            "inventory_turnover_ratio": 2.98,
            "account_receivable_turnover_ratio": 1.08,
            "reinvestment_rate": -8.13,
            "research_to_sale_ratio": 0.17,
            "price_fair": 44.96,
            "eps_avg_yearly": 1.28,
            "eps_latest_yearly": 2,
            "eps_growth_yearly": 97.09
        },
        "20154": {
            "year_quarter": 20154,
            "year": 2015,
            "quarter": 4,
            "eps": -1.87,
            "eps_growth_year": -474.09,
            "eps_4q": -2.76,
            "eps_4q_growth_year": -397.65,
            "roe": -17.36,
            "roe_4q": -28.679999999999996,
            "gross_profit": 103886,
            "gross_margin": 3.32,
            "gross_margin_4q_avg": 3.65,
            "net_income": -273154,
            "net_income_4q": null,
            "revenue": 3133191,
            "revenue_4q": null,
            "common_shares": 1085008,
            "book_valuer_per_share": 11.34,
            "book_valuer_per_share_4q_avg": 13.8,
            "equity": 1361736,
            "current_ratio": 143.34,
            "debt_ratio": 68.54,
            "inventory_turnover_ratio": 4.12,
            "account_receivable_turnover_ratio": 1.08,
            "reinvestment_rate": null,
            "research_to_sale_ratio": 0.14,
            "price_fair": 37.45,
            "eps_avg_yearly": 1.07,
            "eps_latest_yearly": 2,
            "eps_growth_yearly": 48.93
        },
        "20161": {
            "year_quarter": 20161,
            "year": 2016,
            "quarter": 1,
            "eps": 0.1,
            "eps_growth_year": null,
            "eps_4q": -2.56,
            "eps_4q_growth_year": -439.8,
            "roe": 0.14,
            "roe_4q": -26.549999999999997,
            "gross_profit": 97124,
            "gross_margin": 4.15,
            "gross_margin_4q_avg": 3.62,
            "net_income": 1879,
            "net_income_4q": null,
            "revenue": 2342203,
            "revenue_4q": null,
            "common_shares": 1085008,
            "book_valuer_per_share": 11.3,
            "book_valuer_per_share_4q_avg": 12.73,
            "equity": 1303887,
            "current_ratio": 159.86,
            "debt_ratio": 61.31,
            "inventory_turnover_ratio": 3.49,
            "account_receivable_turnover_ratio": 1.09,
            "reinvestment_rate": null,
            "research_to_sale_ratio": 0.24,
            "price_fair": 37.45,
            "eps_avg_yearly": 1.07,
            "eps_latest_yearly": 2,
            "eps_growth_yearly": 48.93
        },
        "20162": {
            "year_quarter": 20162,
            "year": 2016,
            "quarter": 2,
            "eps": 0.27,
            "eps_growth_year": null,
            "eps_4q": -1.55,
            "eps_4q_growth_year": -506.98,
            "roe": 2.03,
            "roe_4q": -20.119999999999997,
            "gross_profit": 199287,
            "gross_margin": 9.81,
            "gross_margin_4q_avg": 5.18,
            "net_income": 27964,
            "net_income_4q": null,
            "revenue": 2031105,
            "revenue_4q": null,
            "common_shares": 1285008,
            "book_valuer_per_share": 10.73,
            "book_valuer_per_share_4q_avg": 11.68,
            "equity": 1451205,
            "current_ratio": 172.03,
            "debt_ratio": 57.03,
            "inventory_turnover_ratio": 3.21,
            "account_receivable_turnover_ratio": 1.11,
            "reinvestment_rate": null,
            "research_to_sale_ratio": 0.24,
            "price_fair": 37.49,
            "eps_avg_yearly": 1.07,
            "eps_latest_yearly": 1.08,
            "eps_growth_yearly": 119.05
        },
        "20163": {
            "year_quarter": 20163,
            "year": 2016,
            "quarter": 3,
            "eps": 0.12,
            "eps_growth_year": null,
            "eps_4q": -1.12,
            "eps_4q_growth_year": null,
            "roe": 1.78,
            "roe_4q": -13.41,
            "gross_profit": 112529,
            "gross_margin": 5.79,
            "gross_margin_4q_avg": 5.77,
            "net_income": 25806,
            "net_income_4q": null,
            "revenue": 1941877,
            "revenue_4q": null,
            "common_shares": 1285008,
            "book_valuer_per_share": 10.65,
            "book_valuer_per_share_4q_avg": 11.01,
            "equity": 1449268,
            "current_ratio": 172.13,
            "debt_ratio": 57.02,
            "inventory_turnover_ratio": 2.81,
            "account_receivable_turnover_ratio": 1.11,
            "reinvestment_rate": null,
            "research_to_sale_ratio": 0.24,
            "price_fair": 37.02,
            "eps_avg_yearly": 1.06,
            "eps_latest_yearly": 0.48,
            "eps_growth_yearly": 97.14
        },
        "20164": {
            "year_quarter": 20164,
            "year": 2016,
            "quarter": 4,
            "eps": -0,
            "eps_growth_year": null,
            "eps_4q": 0.46,
            "eps_4q_growth_year": null,
            "roe": -0.01,
            "roe_4q": 3.94,
            "gross_profit": 118131,
            "gross_margin": 5.87,
            "gross_margin_4q_avg": 6.41,
            "net_income": -120,
            "net_income_4q": null,
            "revenue": 2012977,
            "revenue_4q": null,
            "common_shares": 1285008,
            "book_valuer_per_share": 10.81,
            "book_valuer_per_share_4q_avg": 10.87,
            "equity": 1471113,
            "current_ratio": 181.09,
            "debt_ratio": 54.18,
            "inventory_turnover_ratio": 3.23,
            "account_receivable_turnover_ratio": 1.17,
            "reinvestment_rate": null,
            "research_to_sale_ratio": 0.24,
            "price_fair": 37.8,
            "eps_avg_yearly": 1.08,
            "eps_latest_yearly": 0.48,
            "eps_growth_yearly": 85.94
        },
        "20171": {
            "year_quarter": 20171,
            "year": 2017,
            "quarter": 1,
            "eps": 0.07,
            "eps_growth_year": -30,
            "eps_4q": 0.44,
            "eps_4q_growth_year": null,
            "roe": 0.57,
            "roe_4q": 4.369999999999999,
            "gross_profit": 98440,
            "gross_margin": 5.21,
            "gross_margin_4q_avg": 6.67,
            "net_income": 8755,
            "net_income_4q": null,
            "revenue": 1890191,
            "revenue_4q": null,
            "common_shares": 1285008,
            "book_valuer_per_share": 10.46,
            "book_valuer_per_share_4q_avg": 10.66,
            "equity": 1587174,
            "current_ratio": 187.56,
            "debt_ratio": 52.39,
            "inventory_turnover_ratio": 3.51,
            "account_receivable_turnover_ratio": 1.16,
            "reinvestment_rate": null,
            "research_to_sale_ratio": 0.22,
            "price_fair": 36.8,
            "eps_avg_yearly": 1.05,
            "eps_latest_yearly": 0.48,
            "eps_growth_yearly": 72.25
        },
        "20172": {
            "year_quarter": 20172,
            "year": 2017,
            "quarter": 2,
            "eps": -2.37,
            "eps_growth_year": -977.78,
            "eps_4q": -2.18,
            "eps_4q_growth_year": null,
            "roe": -23.08,
            "roe_4q": -20.74,
            "gross_profit": 85346,
            "gross_margin": 4.06,
            "gross_margin_4q_avg": 5.23,
            "net_income": -303985,
            "net_income_4q": null,
            "revenue": 2100313,
            "revenue_4q": null,
            "common_shares": 1285008,
            "book_valuer_per_share": 8.14,
            "book_valuer_per_share_4q_avg": 10.02,
            "equity": 1046500,
            "current_ratio": 160.88,
            "debt_ratio": 64.09,
            "inventory_turnover_ratio": 3.63,
            "account_receivable_turnover_ratio": 1.28,
            "reinvestment_rate": null,
            "research_to_sale_ratio": 0.22,
            "price_fair": 39.2,
            "eps_avg_yearly": 1.12,
            "eps_latest_yearly": 0.48,
            "eps_growth_yearly": 117.62
        },
        "20173": {
            "year_quarter": 20173,
            "year": 2017,
            "quarter": 3,
            "eps": 0.35,
            "eps_growth_year": 191.67,
            "eps_4q": -1.95,
            "eps_4q_growth_year": null,
            "roe": 4.19,
            "roe_4q": -18.33,
            "gross_profit": 118821,
            "gross_margin": 5.1,
            "gross_margin_4q_avg": 5.06,
            "net_income": 44699,
            "net_income_4q": null,
            "revenue": 2329722,
            "revenue_4q": null,
            "common_shares": 1285008,
            "book_valuer_per_share": 8.46,
            "book_valuer_per_share_4q_avg": 9.47,
            "equity": 1086596,
            "current_ratio": 145.19,
            "debt_ratio": 70.09,
            "inventory_turnover_ratio": 3.82,
            "account_receivable_turnover_ratio": 1.24,
            "reinvestment_rate": null,
            "research_to_sale_ratio": 0.29,
            "price_fair": 40.6,
            "eps_avg_yearly": 1.16,
            "eps_latest_yearly": 0.48,
            "eps_growth_yearly": 106.15
        },
        "20174": {
            "year_quarter": 20174,
            "year": 2017,
            "quarter": 4,
            "eps": 0.31,
            "eps_growth_year": null,
            "eps_4q": -2.22,
            "eps_4q_growth_year": -585.83,
            "roe": 2.79,
            "roe_4q": -15.529999999999998,
            "gross_profit": 95754,
            "gross_margin": 4.28,
            "gross_margin_4q_avg": 4.66,
            "net_income": 30575,
            "net_income_4q": null,
            "revenue": 2239512,
            "revenue_4q": null,
            "common_shares": 990024,
            "book_valuer_per_share": 11.16,
            "book_valuer_per_share_4q_avg": 9.56,
            "equity": 1105149,
            "current_ratio": 154.14,
            "debt_ratio": 65.95,
            "inventory_turnover_ratio": 3.75,
            "account_receivable_turnover_ratio": 1.12,
            "reinvestment_rate": null,
            "research_to_sale_ratio": 0.22,
            "price_fair": 16.83,
            "eps_avg_yearly": 1.02,
            "eps_latest_yearly": 1.24,
            "eps_growth_yearly": 6.57
        },
        "20181": {
            "year_quarter": 20181,
            "year": 2018,
            "quarter": 1,
            "eps": 0.36,
            "eps_growth_year": 414.29,
            "eps_4q": -1.76,
            "eps_4q_growth_year": -500.9,
            "roe": 3.22,
            "roe_4q": -12.879999999999999,
            "gross_profit": 93931,
            "gross_margin": 4.56,
            "gross_margin_4q_avg": 4.5,
            "net_income": 37030,
            "net_income_4q": null,
            "revenue": 2060013,
            "revenue_4q": null,
            "common_shares": 1090024,
            "book_valuer_per_share": 10.97,
            "book_valuer_per_share_4q_avg": 9.68,
            "equity": 1195785,
            "current_ratio": 162.6,
            "debt_ratio": 62.35,
            "inventory_turnover_ratio": 3.36,
            "account_receivable_turnover_ratio": 1.1,
            "reinvestment_rate": null,
            "research_to_sale_ratio": 0.25,
            "price_fair": 43.68,
            "eps_avg_yearly": 1.25,
            "eps_latest_yearly": 1.44,
            "eps_growth_yearly": 88.04
        },
        "20182": {
            "year_quarter": 20182,
            "year": 2018,
            "quarter": 2,
            "eps": 0.38,
            "eps_growth_year": null,
            "eps_4q": 1.4,
            "eps_4q_growth_year": null,
            "roe": 3.38,
            "roe_4q": 13.580000000000002,
            "gross_profit": 111148,
            "gross_margin": 5.09,
            "gross_margin_4q_avg": 4.76,
            "net_income": 41645,
            "net_income_4q": null,
            "revenue": 2185756,
            "revenue_4q": null,
            "common_shares": 1090024,
            "book_valuer_per_share": 11.63,
            "book_valuer_per_share_4q_avg": 10.56,
            "equity": 1267914,
            "current_ratio": 163.49,
            "debt_ratio": 61.7,
            "inventory_turnover_ratio": 3.29,
            "account_receivable_turnover_ratio": 1.19,
            "reinvestment_rate": null,
            "research_to_sale_ratio": 0.22,
            "price_fair": 45.27,
            "eps_avg_yearly": 1.29,
            "eps_latest_yearly": 1.52,
            "eps_growth_yearly": 77.07
        },
        "20183": {
            "year_quarter": 20183,
            "year": 2018,
            "quarter": 3,
            "eps": 0.32,
            "eps_growth_year": -8.57,
            "eps_4q": 1.31,
            "eps_4q_growth_year": null,
            "roe": 2.74,
            "roe_4q": 12.129999999999999,
            "gross_profit": 120822,
            "gross_margin": 4.47,
            "gross_margin_4q_avg": 4.6,
            "net_income": 35274,
            "net_income_4q": null,
            "revenue": 2705171,
            "revenue_4q": null,
            "common_shares": 1090024,
            "book_valuer_per_share": 11.98,
            "book_valuer_per_share_4q_avg": 11.44,
            "equity": 1306005,
            "current_ratio": 154.76,
            "debt_ratio": 64.81,
            "inventory_turnover_ratio": 4.04,
            "account_receivable_turnover_ratio": 1.28,
            "reinvestment_rate": null,
            "research_to_sale_ratio": 0.16,
            "price_fair": 45.2,
            "eps_avg_yearly": 1.29,
            "eps_latest_yearly": 1.28,
            "eps_growth_yearly": 57.04
        },
        "20184": {
            "year_quarter": 20184,
            "year": 2018,
            "quarter": 4,
            "eps": 0.22,
            "eps_growth_year": -28.05,
            "eps_4q": 1.26,
            "eps_4q_growth_year": null,
            "roe": 1.86,
            "roe_4q": 11.200000000000001,
            "gross_profit": 118255,
            "gross_margin": 4.13,
            "gross_margin_4q_avg": 4.56,
            "net_income": 24512,
            "net_income_4q": null,
            "revenue": 2861558,
            "revenue_4q": null,
            "common_shares": 1103104,
            "book_valuer_per_share": 12.09,
            "book_valuer_per_share_4q_avg": 11.67,
            "equity": 1333896,
            "current_ratio": 153.52,
            "debt_ratio": 64.98,
            "inventory_turnover_ratio": 4.65,
            "account_receivable_turnover_ratio": 1.19,
            "reinvestment_rate": null,
            "research_to_sale_ratio": 0.15,
            "price_fair": 39.6,
            "eps_avg_yearly": 1.13,
            "eps_latest_yearly": 0.88,
            "eps_growth_yearly": 44.38
        },
        "20191": {
            "year_quarter": 20191,
            "year": 2019,
            "quarter": 1,
            "eps": 0.23,
            "eps_growth_year": -36.11,
            "eps_4q": 1.15,
            "eps_4q_growth_year": null,
            "roe": 1.88,
            "roe_4q": 9.86,
            "gross_profit": 112524,
            "gross_margin": 4.53,
            "gross_margin_4q_avg": 4.56,
            "net_income": 25278,
            "net_income_4q": null,
            "revenue": 2482099,
            "revenue_4q": null,
            "common_shares": 1103104,
            "book_valuer_per_share": 12.33,
            "book_valuer_per_share_4q_avg": 12.01,
            "equity": 1359874,
            "current_ratio": 157.17,
            "debt_ratio": 63.2,
            "inventory_turnover_ratio": 4.03,
            "account_receivable_turnover_ratio": 1.07,
            "reinvestment_rate": null,
            "research_to_sale_ratio": 0.2,
            "price_fair": 38.68,
            "eps_avg_yearly": 1.11,
            "eps_latest_yearly": 0.92,
            "eps_growth_yearly": 41.1
        },
        "20192": {
            "year_quarter": 20192,
            "year": 2019,
            "quarter": 2,
            "eps": 0.45,
            "eps_growth_year": 18.42,
            "eps_4q": 1.14,
            "eps_4q_growth_year": -18.3,
            "roe": 3.65,
            "roe_4q": 10.129999999999999,
            "gross_profit": 154594,
            "gross_margin": 5.26,
            "gross_margin_4q_avg": 4.6,
            "net_income": 49524,
            "net_income_4q": null,
            "revenue": 2938075,
            "revenue_4q": null,
            "common_shares": 1103104,
            "book_valuer_per_share": 12.27,
            "book_valuer_per_share_4q_avg": 12.17,
            "equity": 1354050,
            "current_ratio": 149.6,
            "debt_ratio": 66.11,
            "inventory_turnover_ratio": 4.19,
            "account_receivable_turnover_ratio": 1.26,
            "reinvestment_rate": null,
            "research_to_sale_ratio": 0.18,
            "price_fair": 41.38,
            "eps_avg_yearly": 1.18,
            "eps_latest_yearly": 1.8,
            "eps_growth_yearly": 79.05
        },
        "20193": {
            "year_quarter": 20193,
            "year": 2019,
            "quarter": 3,
            "eps": 0.39,
            "eps_growth_year": 21.88,
            "eps_4q": 1.24,
            "eps_4q_growth_year": -5.7,
            "roe": 3.38,
            "roe_4q": 10.77,
            "gross_profit": 165293,
            "gross_margin": 4.75,
            "gross_margin_4q_avg": 4.67,
            "net_income": 46506,
            "net_income_4q": null,
            "revenue": 3478239,
            "revenue_4q": null,
            "common_shares": 1180321,
            "book_valuer_per_share": 11.84,
            "book_valuer_per_share_4q_avg": 12.13,
            "equity": 1397009,
            "current_ratio": 141.47,
            "debt_ratio": 70.01,
            "inventory_turnover_ratio": 4.88,
            "account_receivable_turnover_ratio": 1.29,
            "reinvestment_rate": null,
            "research_to_sale_ratio": 0.13,
            "price_fair": 42.7,
            "eps_avg_yearly": 1.22,
            "eps_latest_yearly": 1.56,
            "eps_growth_yearly": 65.81
        },
        "20194": {
            "year_quarter": 20194,
            "year": 2019,
            "quarter": 4,
            "eps": 0.28,
            "eps_growth_year": 28.14,
            "eps_4q": 1.31,
            "eps_4q_growth_year": 4.57,
            "roe": 2.4,
            "roe_4q": 11.309999999999999,
            "gross_profit": 165577,
            "gross_margin": 4.35,
            "gross_margin_4q_avg": 4.72,
            "net_income": 33609,
            "net_income_4q": null,
            "revenue": 3806323,
            "revenue_4q": null,
            "common_shares": 1180321,
            "book_valuer_per_share": 11.91,
            "book_valuer_per_share_4q_avg": 12.09,
            "equity": 1405620,
            "current_ratio": 140.71,
            "debt_ratio": 70.35,
            "inventory_turnover_ratio": 5.44,
            "account_receivable_turnover_ratio": 1.24,
            "reinvestment_rate": -21.7,
            "research_to_sale_ratio": 0.14,
            "price_fair": 42.38,
            "eps_avg_yearly": 1.21,
            "eps_latest_yearly": 1.12,
            "eps_growth_yearly": 49.57
        },
        "20201": {
            "year_quarter": 20201,
            "year": 2020,
            "quarter": 1,
            "eps": 0.21,
            "eps_growth_year": -8.7,
            "eps_4q": 1.31,
            "eps_4q_growth_year": 14.08,
            "roe": 1.76,
            "roe_4q": 11.19,
            "gross_profit": 128962,
            "gross_margin": 4.31,
            "gross_margin_4q_avg": 4.67,
            "net_income": 25024,
            "net_income_4q": null,
            "revenue": 2994045,
            "revenue_4q": null,
            "common_shares": 1180321,
            "book_valuer_per_share": 12.21,
            "book_valuer_per_share_4q_avg": 12.06,
            "equity": 1440649,
            "current_ratio": 141.45,
            "debt_ratio": 69.94,
            "inventory_turnover_ratio": 4.08,
            "account_receivable_turnover_ratio": 0.99,
            "reinvestment_rate": -17.93,
            "research_to_sale_ratio": 0.16,
            "price_fair": 41.3,
            "eps_avg_yearly": 1.18,
            "eps_latest_yearly": 0.84,
            "eps_growth_yearly": 37.11
        },
        "20202": {
            "year_quarter": 20202,
            "year": 2020,
            "quarter": 2,
            "eps": 0.23,
            "eps_growth_year": -48.89,
            "eps_4q": 1.06,
            "eps_4q_growth_year": -7.27,
            "roe": 1.93,
            "roe_4q": 9.469999999999999,
            "gross_profit": 146927,
            "gross_margin": 4.64,
            "gross_margin_4q_avg": 4.51,
            "net_income": 27159,
            "net_income_4q": null,
            "revenue": 3164214,
            "revenue_4q": null,
            "common_shares": 1180321,
            "book_valuer_per_share": 11.69,
            "book_valuer_per_share_4q_avg": 11.91,
            "equity": 1379663,
            "current_ratio": 139.8,
            "debt_ratio": 70.79,
            "inventory_turnover_ratio": 4.13,
            "account_receivable_turnover_ratio": 1.15,
            "reinvestment_rate": -17.99,
            "research_to_sale_ratio": 0.15,
            "price_fair": 3.5,
            "eps_avg_yearly": 1.17,
            "eps_latest_yearly": 0.92,
            "eps_growth_yearly": -16.39
        },
        "20203": {
            "year_quarter": 20203,
            "year": 2020,
            "quarter": 3,
            "eps": 0.47,
            "eps_growth_year": 20.51,
            "eps_4q": 1.16,
            "eps_4q_growth_year": -6.33,
            "roe": 4.21,
            "roe_4q": 10.299999999999999,
            "gross_profit": 173939,
            "gross_margin": 4.78,
            "gross_margin_4q_avg": 4.52,
            "net_income": 58994,
            "net_income_4q": null,
            "revenue": 3638008,
            "revenue_4q": null,
            "common_shares": 1251140,
            "book_valuer_per_share": 11.37,
            "book_valuer_per_share_4q_avg": 11.8,
            "equity": 1421984,
            "current_ratio": 136.01,
            "debt_ratio": 71.94,
            "inventory_turnover_ratio": 4.98,
            "account_receivable_turnover_ratio": 1.32,
            "reinvestment_rate": -12.89,
            "research_to_sale_ratio": 0.16,
            "price_fair": 44.92,
            "eps_avg_yearly": 1.28,
            "eps_latest_yearly": 1.88,
            "eps_growth_yearly": 36.92
        },
        "20204": {
            "year_quarter": 20204,
            "year": 2020,
            "quarter": 4,
            "eps": 0.69,
            "eps_growth_year": 142.51,
            "eps_4q": 1.58,
            "eps_4q_growth_year": 20.32,
            "roe": 5.94,
            "roe_4q": 13.84,
            "gross_profit": 225342,
            "gross_margin": 5.8,
            "gross_margin_4q_avg": 4.88,
            "net_income": 86397,
            "net_income_4q": null,
            "revenue": 3882379,
            "revenue_4q": null,
            "common_shares": 1251140,
            "book_valuer_per_share": 11.89,
            "book_valuer_per_share_4q_avg": 11.79,
            "equity": 1487677,
            "current_ratio": 135.96,
            "debt_ratio": 73.04,
            "inventory_turnover_ratio": 5.01,
            "account_receivable_turnover_ratio": 1.36,
            "reinvestment_rate": -9.09,
            "research_to_sale_ratio": 0.23,
            "price_fair": 48.89,
            "eps_avg_yearly": 1.4,
            "eps_latest_yearly": 2.76,
            "eps_growth_yearly": 48.48
        },
        "20211": {
            "year_quarter": 20211,
            "year": 2021,
            "quarter": 1,
            "eps": 0.52,
            "eps_growth_year": 147.62,
            "eps_4q": 1.9,
            "eps_4q_growth_year": 45.08,
            "roe": 4.3,
            "roe_4q": 16.38,
            "gross_profit": 200489,
            "gross_margin": 4.9,
            "gross_margin_4q_avg": 5.03,
            "net_income": 65296,
            "net_income_4q": null,
            "revenue": 4095776,
            "revenue_4q": null,
            "common_shares": 1251140,
            "book_valuer_per_share": 12.4,
            "book_valuer_per_share_4q_avg": 11.84,
            "equity": 1552029,
            "current_ratio": 134.99,
            "debt_ratio": 73.5,
            "inventory_turnover_ratio": 4.72,
            "account_receivable_turnover_ratio": 1.34,
            "reinvestment_rate": -7.2,
            "research_to_sale_ratio": 0.29,
            "price_fair": 50.6,
            "eps_avg_yearly": 1.45,
            "eps_latest_yearly": 2.08,
            "eps_growth_yearly": 37.98
        },
        "20212": {
            "year_quarter": 20212,
            "year": 2021,
            "quarter": 2,
            "eps": 0.94,
            "eps_growth_year": 308.7,
            "eps_4q": 2.62,
            "eps_4q_growth_year": 147.88,
            "roe": 7.33,
            "roe_4q": 21.78,
            "gross_profit": 284397,
            "gross_margin": 5.99,
            "gross_margin_4q_avg": 5.37,
            "net_income": 117255,
            "net_income_4q": null,
            "revenue": 4746302,
            "revenue_4q": null,
            "common_shares": 1251140,
            "book_valuer_per_share": 13.15,
            "book_valuer_per_share_4q_avg": 12.2,
            "equity": 1645512,
            "current_ratio": 134.35,
            "debt_ratio": 73.84,
            "inventory_turnover_ratio": 5.28,
            "account_receivable_turnover_ratio": 1.34,
            "reinvestment_rate": -0.55,
            "research_to_sale_ratio": 0.17,
            "price_fair": 56,
            "eps_avg_yearly": 1.6,
            "eps_latest_yearly": 3.76,
            "eps_growth_yearly": 56.98
        },
        "20213": {
            "year_quarter": 20213,
            "year": 2021,
            "quarter": 3,
            "eps": 1.18,
            "eps_growth_year": 151.06,
            "eps_4q": 3.14,
            "eps_4q_growth_year": 171.05,
            "roe": 9.44,
            "roe_4q": 27.01,
            "gross_profit": 321930,
            "gross_margin": 6.48,
            "gross_margin_4q_avg": 5.79,
            "net_income": 162737,
            "net_income_4q": null,
            "revenue": 4968643,
            "revenue_4q": null,
            "common_shares": 1376254,
            "book_valuer_per_share": 13.1,
            "book_valuer_per_share_4q_avg": 12.64,
            "equity": 1803088,
            "current_ratio": 135.83,
            "debt_ratio": 73.13,
            "inventory_turnover_ratio": 4.8,
            "account_receivable_turnover_ratio": 1.33,
            "reinvestment_rate": -0.41,
            "research_to_sale_ratio": 0.11,
            "price_fair": 62.83,
            "eps_avg_yearly": 1.8,
            "eps_latest_yearly": 4.72,
            "eps_growth_yearly": 59.8
        },
        "20214": {
            "year_quarter": 20214,
            "year": 2021,
            "quarter": 4,
            "eps": 0.73,
            "eps_growth_year": 5.45,
            "eps_4q": 3.24,
            "eps_4q_growth_year": 104.99,
            "roe": 5.42,
            "roe_4q": 26.49,
            "gross_profit": 285151,
            "gross_margin": 5.66,
            "gross_margin_4q_avg": 5.76,
            "net_income": 100218,
            "net_income_4q": null,
            "revenue": 5041968,
            "revenue_4q": null,
            "common_shares": 1376254,
            "book_valuer_per_share": 13.77,
            "book_valuer_per_share_4q_avg": 13.11,
            "equity": 1895194,
            "current_ratio": 130,
            "debt_ratio": 74.07,
            "inventory_turnover_ratio": 4.37,
            "account_receivable_turnover_ratio": 1.33,
            "reinvestment_rate": 22.21,
            "research_to_sale_ratio": 0.16,
            "price_fair": 66.5,
            "eps_avg_yearly": 1.9,
            "eps_latest_yearly": 2.92,
            "eps_growth_yearly": 53.13
        },
        "20221": {
            "year_quarter": 20221,
            "year": 2022,
            "quarter": 1,
            "eps": 1,
            "eps_growth_year": 92.31,
            "eps_4q": 3.76,
            "eps_4q_growth_year": 97.85,
            "roe": 6.92,
            "roe_4q": 29.11,
            "gross_profit": 281075,
            "gross_margin": 5.42,
            "gross_margin_4q_avg": 5.89,
            "net_income": 137438,
            "net_income_4q": null,
            "revenue": 5184110,
            "revenue_4q": null,
            "common_shares": 1376254,
            "book_valuer_per_share": 15.08,
            "book_valuer_per_share_4q_avg": 13.78,
            "equity": 2074904,
            "current_ratio": 129.49,
            "debt_ratio": 74.62,
            "inventory_turnover_ratio": 3.91,
            "account_receivable_turnover_ratio": 1.26,
            "reinvestment_rate": 49.61,
            "research_to_sale_ratio": 0.1,
            "price_fair": 72.1,
            "eps_avg_yearly": 2.06,
            "eps_latest_yearly": 4,
            "eps_growth_yearly": 58.34
        },
        "20222": {
            "year_quarter": 20222,
            "year": 2022,
            "quarter": 2,
            "eps": 0.63,
            "eps_growth_year": -32.98,
            "eps_4q": 3.54,
            "eps_4q_growth_year": 35.07,
            "roe": 4.33,
            "roe_4q": 26.11,
            "gross_profit": 225679,
            "gross_margin": 4.74,
            "gross_margin_4q_avg": 5.58,
            "net_income": 86855,
            "net_income_4q": null,
            "revenue": 4762187,
            "revenue_4q": null,
            "common_shares": 1376254,
            "book_valuer_per_share": 14.07,
            "book_valuer_per_share_4q_avg": 14.01,
            "equity": 1935711,
            "current_ratio": 126.59,
            "debt_ratio": 75.91,
            "inventory_turnover_ratio": 2.73,
            "account_receivable_turnover_ratio": 1.16,
            "reinvestment_rate": 50.02,
            "research_to_sale_ratio": 0.17,
            "price_fair": 74.29,
            "eps_avg_yearly": 2.12,
            "eps_latest_yearly": 2.52,
            "eps_growth_yearly": 47.7
        },
        "20223": {
            "year_quarter": 20223,
            "year": 2022,
            "quarter": 3,
            "eps": 0.65,
            "eps_growth_year": -44.92,
            "eps_4q": 2.6,
            "eps_4q_growth_year": -17.07,
            "roe": 4.37,
            "roe_4q": 21.04,
            "gross_profit": 236531,
            "gross_margin": 4.86,
            "gross_margin_4q_avg": 5.17,
            "net_income": 98494,
            "net_income_4q": null,
            "revenue": 4867576,
            "revenue_4q": null,
            "common_shares": 1626254,
            "book_valuer_per_share": 15.82,
            "book_valuer_per_share_4q_avg": 14.69,
            "equity": 2572794,
            "current_ratio": 138.85,
            "debt_ratio": 69.47,
            "inventory_turnover_ratio": 2.21,
            "account_receivable_turnover_ratio": 1.2,
            "reinvestment_rate": 47.95,
            "research_to_sale_ratio": 0.09,
            "price_fair": 77.18,
            "eps_avg_yearly": 2.21,
            "eps_latest_yearly": 2.6,
            "eps_growth_yearly": 52.44
        },
        "20224": {
            "year_quarter": 20224,
            "year": 2022,
            "quarter": 4,
            "eps": 0.81,
            "eps_growth_year": 10.75,
            "eps_4q": 2.79,
            "eps_4q_growth_year": -13.77,
            "roe": 5.01,
            "roe_4q": 20.63,
            "gross_profit": 307803,
            "gross_margin": 6.79,
            "gross_margin_4q_avg": 5.45,
            "net_income": 131159,
            "net_income_4q": null,
            "revenue": 4532630,
            "revenue_4q": null,
            "common_shares": 1626254,
            "book_valuer_per_share": 16.35,
            "book_valuer_per_share_4q_avg": 15.33,
            "equity": 2659238,
            "current_ratio": 141.43,
            "debt_ratio": 67.91,
            "inventory_turnover_ratio": 1.83,
            "account_receivable_turnover_ratio": 1.17,
            "reinvestment_rate": 43.18,
            "research_to_sale_ratio": 0.11,
            "price_fair": 82.34,
            "eps_avg_yearly": 2.35,
            "eps_latest_yearly": 3.24,
            "eps_growth_yearly": 66.41
        },
        "20231": {
            "year_quarter": 20231,
            "year": 2023,
            "quarter": 1,
            "eps": 0.38,
            "eps_growth_year": -62,
            "eps_4q": 2.33,
            "eps_4q_growth_year": -38.18,
            "roe": 2.27,
            "roe_4q": 15.979999999999999,
            "gross_profit": 201243,
            "gross_margin": 6.06,
            "gross_margin_4q_avg": 5.61,
            "net_income": 61650,
            "net_income_4q": null,
            "revenue": 3320282,
            "revenue_4q": null,
            "common_shares": 1626254,
            "book_valuer_per_share": 16.57,
            "book_valuer_per_share_4q_avg": 15.7,
            "equity": 2763953,
            "current_ratio": 155.5,
            "debt_ratio": 61.58,
            "inventory_turnover_ratio": 1.5,
            "account_receivable_turnover_ratio": 1.1,
            "reinvestment_rate": 42.02,
            "research_to_sale_ratio": 0.19,
            "price_fair": 83.65,
            "eps_avg_yearly": 2.39,
            "eps_latest_yearly": 1.52,
            "eps_growth_yearly": 52
        },
        "20232": {
            "year_quarter": 20232,
            "year": 2023,
            "quarter": 2,
            "eps": 0.18,
            "eps_growth_year": -71.43,
            "eps_4q": 1.97,
            "eps_4q_growth_year": -44.31,
            "roe": 1.01,
            "roe_4q": 12.66,
            "gross_profit": 120397,
            "gross_margin": 3.22,
            "gross_margin_4q_avg": 5.23,
            "net_income": 26700,
            "net_income_4q": null,
            "revenue": 3740938,
            "revenue_4q": null,
            "common_shares": 1626254,
            "book_valuer_per_share": 15.02,
            "book_valuer_per_share_4q_avg": 15.94,
            "equity": 2510295,
            "current_ratio": 143.94,
            "debt_ratio": 66.28,
            "inventory_turnover_ratio": 2.12,
            "account_receivable_turnover_ratio": 1.41,
            "reinvestment_rate": 42.93,
            "research_to_sale_ratio": 0.25,
            "price_fair": 57.9,
            "eps_avg_yearly": 2.32,
            "eps_latest_yearly": 0.72,
            "eps_growth_yearly": 14.93
        },
        "20233": {
            "year_quarter": 20233,
            "year": 2023,
            "quarter": 3,
            "eps": 0.91,
            "eps_growth_year": 40,
            "eps_4q": 2.28,
            "eps_4q_growth_year": -12.37,
            "roe": 5.55,
            "roe_4q": 13.84,
            "gross_profit": 276601,
            "gross_margin": 6.66,
            "gross_margin_4q_avg": 5.68,
            "net_income": 145481,
            "net_income_4q": null,
            "revenue": 4151352,
            "revenue_4q": null,
            "common_shares": 1626254,
            "book_valuer_per_share": 16.41,
            "book_valuer_per_share_4q_avg": 16.09,
            "equity": 2733194,
            "current_ratio": 145.83,
            "debt_ratio": 65.64,
            "inventory_turnover_ratio": 2.58,
            "account_receivable_turnover_ratio": 1.33,
            "reinvestment_rate": 39.29,
            "research_to_sale_ratio": 0.23,
            "price_fair": 85.84,
            "eps_avg_yearly": 2.45,
            "eps_latest_yearly": 3.64,
            "eps_growth_yearly": 119.65
        }
    },
    "months": {
        "2005-04": {
            "month": "2005-04",
            "price": "27.16",
            "revenue": 546859
        },
        "2005-05": {
            "month": "2005-05",
            "price": "18.16",
            "revenue": 509885
        },
        "2005-06": {
            "month": "2005-06",
            "price": "17.88",
            "revenue": 573376
        },
        "2005-07": {
            "month": "2005-07",
            "price": "21.48",
            "revenue": 541402
        },
        "2005-08": {
            "month": "2005-08",
            "price": "22.93",
            "revenue": 717648
        },
        "2005-09": {
            "month": "2005-09",
            "price": "18.22",
            "revenue": 1237571
        },
        "2005-10": {
            "month": "2005-10",
            "price": "17.07",
            "revenue": 604023
        },
        "2005-11": {
            "month": "2005-11",
            "price": "15.11",
            "revenue": 679281
        },
        "2005-12": {
            "month": "2005-12",
            "price": "15.55",
            "revenue": 750010
        },
        "2006-01": {
            "month": "2006-01",
            "price": "18.87",
            "revenue": 457773
        },
        "2006-02": {
            "month": "2006-02",
            "price": "18.53",
            "revenue": 475120
        },
        "2006-03": {
            "month": "2006-03",
            "price": "17.20",
            "revenue": 608942
        },
        "2006-04": {
            "month": "2006-04",
            "price": "17.61",
            "revenue": 622512
        },
        "2006-05": {
            "month": "2006-05",
            "price": "16.53",
            "revenue": 605795
        },
        "2006-06": {
            "month": "2006-06",
            "price": "14.83",
            "revenue": 636482
        },
        "2006-07": {
            "month": "2006-07",
            "price": "14.31",
            "revenue": 457551
        },
        "2006-08": {
            "month": "2006-08",
            "price": "13.22",
            "revenue": 602982
        },
        "2006-09": {
            "month": "2006-09",
            "price": "13.58",
            "revenue": 874544
        },
        "2006-10": {
            "month": "2006-10",
            "price": "13.90",
            "revenue": 588895
        },
        "2006-11": {
            "month": "2006-11",
            "price": "13.70",
            "revenue": 660493
        },
        "2006-12": {
            "month": "2006-12",
            "price": "14.70",
            "revenue": 552864
        },
        "2007-01": {
            "month": "2007-01",
            "price": "14.03",
            "revenue": 604690
        },
        "2007-02": {
            "month": "2007-02",
            "price": "13.22",
            "revenue": 430308
        },
        "2007-03": {
            "month": "2007-03",
            "price": "13.68",
            "revenue": 698286
        },
        "2007-04": {
            "month": "2007-04",
            "price": "14.41",
            "revenue": 551710
        },
        "2007-05": {
            "month": "2007-05",
            "price": "15.93",
            "revenue": 587199
        },
        "2007-06": {
            "month": "2007-06",
            "price": "17.65",
            "revenue": 591945
        },
        "2007-07": {
            "month": "2007-07",
            "price": "17.31",
            "revenue": 729947
        },
        "2007-08": {
            "month": "2007-08",
            "price": "16.85",
            "revenue": 825424
        },
        "2007-09": {
            "month": "2007-09",
            "price": "17.70",
            "revenue": 839042
        },
        "2007-10": {
            "month": "2007-10",
            "price": "18.03",
            "revenue": 808839
        },
        "2007-11": {
            "month": "2007-11",
            "price": "15.32",
            "revenue": 784820
        },
        "2007-12": {
            "month": "2007-12",
            "price": "13.99",
            "revenue": 630573
        },
        "2008-01": {
            "month": "2008-01",
            "price": "13.07",
            "revenue": 694828
        },
        "2008-02": {
            "month": "2008-02",
            "price": "11.92",
            "revenue": 580556
        },
        "2008-03": {
            "month": "2008-03",
            "price": "12.42",
            "revenue": 846055
        },
        "2008-04": {
            "month": "2008-04",
            "price": "14.40",
            "revenue": 818984
        },
        "2008-05": {
            "month": "2008-05",
            "price": "12.56",
            "revenue": 655480
        },
        "2008-06": {
            "month": "2008-06",
            "price": "11.00",
            "revenue": 753914
        },
        "2008-07": {
            "month": "2008-07",
            "price": "8.46",
            "revenue": 955966
        },
        "2008-08": {
            "month": "2008-08",
            "price": "8.06",
            "revenue": 765530
        },
        "2008-09": {
            "month": "2008-09",
            "price": "5.21",
            "revenue": 803530
        },
        "2008-10": {
            "month": "2008-10",
            "price": "4.87",
            "revenue": 867839
        },
        "2008-11": {
            "month": "2008-11",
            "price": "5.18",
            "revenue": 687670
        },
        "2008-12": {
            "month": "2008-12",
            "price": "4.56",
            "revenue": 541188
        },
        "2009-01": {
            "month": "2009-01",
            "price": "4.41",
            "revenue": 529211
        },
        "2009-02": {
            "month": "2009-02",
            "price": "4.31",
            "revenue": 745954
        },
        "2009-03": {
            "month": "2009-03",
            "price": "4.95",
            "revenue": 868965
        },
        "2009-04": {
            "month": "2009-04",
            "price": "7.39",
            "revenue": 1039602
        },
        "2009-05": {
            "month": "2009-05",
            "price": "13.74",
            "revenue": 810001
        },
        "2009-06": {
            "month": "2009-06",
            "price": "13.23",
            "revenue": 908671
        },
        "2009-07": {
            "month": "2009-07",
            "price": "19.35",
            "revenue": 939927
        },
        "2009-08": {
            "month": "2009-08",
            "price": "21.55",
            "revenue": 1049469
        },
        "2009-09": {
            "month": "2009-09",
            "price": "25.11",
            "revenue": 1211334
        },
        "2009-10": {
            "month": "2009-10",
            "price": "26.23",
            "revenue": 1004901
        },
        "2009-11": {
            "month": "2009-11",
            "price": "23.33",
            "revenue": 1036185
        },
        "2009-12": {
            "month": "2009-12",
            "price": "24.47",
            "revenue": 1084862
        },
        "2010-01": {
            "month": "2010-01",
            "price": "25.73",
            "revenue": 1075229
        },
        "2010-02": {
            "month": "2010-02",
            "price": "23.41",
            "revenue": 766559
        },
        "2010-03": {
            "month": "2010-03",
            "price": "24.82",
            "revenue": 1126663
        },
        "2010-04": {
            "month": "2010-04",
            "price": "26.96",
            "revenue": 871493
        },
        "2010-05": {
            "month": "2010-05",
            "price": "24.94",
            "revenue": 900698
        },
        "2010-06": {
            "month": "2010-06",
            "price": "24.11",
            "revenue": 842332
        },
        "2010-07": {
            "month": "2010-07",
            "price": "23.94",
            "revenue": 1176561
        },
        "2010-08": {
            "month": "2010-08",
            "price": "23.88",
            "revenue": 880953
        },
        "2010-09": {
            "month": "2010-09",
            "price": "20.18",
            "revenue": 906965
        },
        "2010-10": {
            "month": "2010-10",
            "price": "17.15",
            "revenue": 784197
        },
        "2010-11": {
            "month": "2010-11",
            "price": "15.64",
            "revenue": 1208280
        },
        "2010-12": {
            "month": "2010-12",
            "price": "17.93",
            "revenue": 1113781
        },
        "2011-01": {
            "month": "2011-01",
            "price": "16.83",
            "revenue": 962241
        },
        "2011-02": {
            "month": "2011-02",
            "price": "15.71",
            "revenue": 767201
        },
        "2011-03": {
            "month": "2011-03",
            "price": "15.26",
            "revenue": 1186005
        },
        "2011-04": {
            "month": "2011-04",
            "price": "14.94",
            "revenue": 981937
        },
        "2011-05": {
            "month": "2011-05",
            "price": "14.30",
            "revenue": 978284
        },
        "2011-06": {
            "month": "2011-06",
            "price": "14.46",
            "revenue": 1073314
        },
        "2011-07": {
            "month": "2011-07",
            "price": "12.96",
            "revenue": 999286
        },
        "2011-08": {
            "month": "2011-08",
            "price": "10.11",
            "revenue": 951221
        },
        "2011-09": {
            "month": "2011-09",
            "price": "9.37",
            "revenue": 1207668
        },
        "2011-10": {
            "month": "2011-10",
            "price": "9.94",
            "revenue": 919647
        },
        "2011-11": {
            "month": "2011-11",
            "price": "10.22",
            "revenue": 1007003
        },
        "2011-12": {
            "month": "2011-12",
            "price": "9.62",
            "revenue": 1095448
        },
        "2012-01": {
            "month": "2012-01",
            "price": "9.85",
            "revenue": 731284
        },
        "2012-02": {
            "month": "2012-02",
            "price": "12.12",
            "revenue": 1043464
        },
        "2012-03": {
            "month": "2012-03",
            "price": "12.76",
            "revenue": 1286093
        },
        "2012-04": {
            "month": "2012-04",
            "price": "13.90",
            "revenue": 965851
        },
        "2012-05": {
            "month": "2012-05",
            "price": "11.47",
            "revenue": 1244459
        },
        "2012-06": {
            "month": "2012-06",
            "price": "10.97",
            "revenue": 1066411
        },
        "2012-07": {
            "month": "2012-07",
            "price": "10.39",
            "revenue": 981704
        },
        "2012-08": {
            "month": "2012-08",
            "price": "10.22",
            "revenue": 1051211
        },
        "2012-09": {
            "month": "2012-09",
            "price": "10.63",
            "revenue": 1147675
        },
        "2012-10": {
            "month": "2012-10",
            "price": "10.32",
            "revenue": 1337234
        },
        "2012-11": {
            "month": "2012-11",
            "price": "9.89",
            "revenue": 995818
        },
        "2012-12": {
            "month": "2012-12",
            "price": "10.02",
            "revenue": 918886
        },
        "2013-01": {
            "month": "2013-01",
            "price": "9.91",
            "revenue": 1207342
        },
        "2013-02": {
            "month": "2013-02",
            "price": "10.03",
            "revenue": 746048
        },
        "2013-03": {
            "month": "2013-03",
            "price": "9.95",
            "revenue": 1280439
        },
        "2013-04": {
            "month": "2013-04",
            "price": "10.63",
            "revenue": 1149304
        },
        "2013-05": {
            "month": "2013-05",
            "price": "11.83",
            "revenue": 1277974
        },
        "2013-06": {
            "month": "2013-06",
            "price": "12.53",
            "revenue": 1193616
        },
        "2013-07": {
            "month": "2013-07",
            "price": "12.05",
            "revenue": 1286479
        },
        "2013-08": {
            "month": "2013-08",
            "price": "11.71",
            "revenue": 1138056
        },
        "2013-09": {
            "month": "2013-09",
            "price": "11.34",
            "revenue": 1687780
        },
        "2013-10": {
            "month": "2013-10",
            "price": "12.34",
            "revenue": 1408785
        },
        "2013-11": {
            "month": "2013-11",
            "price": "12.31",
            "revenue": 1588724
        },
        "2013-12": {
            "month": "2013-12",
            "price": "12.82",
            "revenue": 1785232
        },
        "2014-01": {
            "month": "2014-01",
            "price": "14.18",
            "revenue": 1259282
        },
        "2014-02": {
            "month": "2014-02",
            "price": "14.36",
            "revenue": 1227291
        },
        "2014-03": {
            "month": "2014-03",
            "price": "14.18",
            "revenue": 1699813
        },
        "2014-04": {
            "month": "2014-04",
            "price": "14.21",
            "revenue": 1334220
        },
        "2014-05": {
            "month": "2014-05",
            "price": "12.73",
            "revenue": 1470954
        },
        "2014-06": {
            "month": "2014-06",
            "price": "12.03",
            "revenue": 1214451
        },
        "2014-07": {
            "month": "2014-07",
            "price": "11.95",
            "revenue": 1583577
        },
        "2014-08": {
            "month": "2014-08",
            "price": "11.12",
            "revenue": 1633685
        },
        "2014-09": {
            "month": "2014-09",
            "price": "11.00",
            "revenue": 2184677
        },
        "2014-10": {
            "month": "2014-10",
            "price": "10.31",
            "revenue": 1453306
        },
        "2014-11": {
            "month": "2014-11",
            "price": "10.84",
            "revenue": 1495299
        },
        "2014-12": {
            "month": "2014-12",
            "price": "11.61",
            "revenue": 1883965
        },
        "2015-01": {
            "month": "2015-01",
            "price": "12.08",
            "revenue": 1619616
        },
        "2015-02": {
            "month": "2015-02",
            "price": "12.14",
            "revenue": 922837
        },
        "2015-03": {
            "month": "2015-03",
            "price": "12.32",
            "revenue": 1828840
        },
        "2015-04": {
            "month": "2015-04",
            "price": "13.45",
            "revenue": 1404868
        },
        "2015-05": {
            "month": "2015-05",
            "price": "12.26",
            "revenue": 1080761
        },
        "2015-06": {
            "month": "2015-06",
            "price": "10.98",
            "revenue": 1326551
        },
        "2015-07": {
            "month": "2015-07",
            "price": "10.31",
            "revenue": 1443119
        },
        "2015-08": {
            "month": "2015-08",
            "price": "8.82",
            "revenue": 1522934
        },
        "2015-09": {
            "month": "2015-09",
            "price": "7.10",
            "revenue": 828641
        },
        "2015-10": {
            "month": "2015-10",
            "price": "7.06",
            "revenue": 1072124
        },
        "2015-11": {
            "month": "2015-11",
            "price": "6.86",
            "revenue": 997950
        },
        "2015-12": {
            "month": "2015-12",
            "price": "6.40",
            "revenue": 1006817
        },
        "2016-01": {
            "month": "2016-01",
            "price": "6.11",
            "revenue": 852307
        },
        "2016-02": {
            "month": "2016-02",
            "price": "6.33",
            "revenue": 649565
        },
        "2016-03": {
            "month": "2016-03",
            "price": "6.37",
            "revenue": 821077
        },
        "2016-04": {
            "month": "2016-04",
            "price": "5.83",
            "revenue": 671167
        },
        "2016-05": {
            "month": "2016-05",
            "price": "5.70",
            "revenue": 698346
        },
        "2016-06": {
            "month": "2016-06",
            "price": "6.24",
            "revenue": 681244
        },
        "2016-07": {
            "month": "2016-07",
            "price": "6.45",
            "revenue": 616711
        },
        "2016-08": {
            "month": "2016-08",
            "price": "7.32",
            "revenue": 705830
        },
        "2016-09": {
            "month": "2016-09",
            "price": "7.69",
            "revenue": 617861
        },
        "2016-10": {
            "month": "2016-10",
            "price": "7.26",
            "revenue": 606601
        },
        "2016-11": {
            "month": "2016-11",
            "price": "7.08",
            "revenue": 656341
        },
        "2016-12": {
            "month": "2016-12",
            "price": "7.31",
            "revenue": 751280
        },
        "2017-01": {
            "month": "2017-01",
            "price": "7.49",
            "revenue": 545380
        },
        "2017-02": {
            "month": "2017-02",
            "price": "7.42",
            "revenue": 609151
        },
        "2017-03": {
            "month": "2017-03",
            "price": "7.42",
            "revenue": 735808
        },
        "2017-04": {
            "month": "2017-04",
            "price": "7.27",
            "revenue": 680588
        },
        "2017-05": {
            "month": "2017-05",
            "price": "7.19",
            "revenue": 669962
        },
        "2017-06": {
            "month": "2017-06",
            "price": "7.16",
            "revenue": 749333
        },
        "2017-07": {
            "month": "2017-07",
            "price": "7.09",
            "revenue": 683789
        },
        "2017-08": {
            "month": "2017-08",
            "price": "6.38",
            "revenue": 820404
        },
        "2017-09": {
            "month": "2017-09",
            "price": "6.02",
            "revenue": 825606
        },
        "2017-10": {
            "month": "2017-10",
            "price": "6.48",
            "revenue": 763305
        },
        "2017-11": {
            "month": "2017-11",
            "price": "6.73",
            "revenue": 771860
        },
        "2017-12": {
            "month": "2017-12",
            "price": "6.75",
            "revenue": 706896
        },
        "2018-01": {
            "month": "2018-01",
            "price": "7.03",
            "revenue": 793451
        },
        "2018-02": {
            "month": "2018-02",
            "price": "6.75",
            "revenue": 451343
        },
        "2018-04": {
            "month": "2018-04",
            "price": "8.37",
            "revenue": 703842
        },
        "2018-05": {
            "month": "2018-05",
            "price": "9.28",
            "revenue": 745352
        },
        "2018-06": {
            "month": "2018-06",
            "price": "10.59",
            "revenue": 736532
        },
        "2018-07": {
            "month": "2018-07",
            "price": "10.42",
            "revenue": 873046
        },
        "2018-08": {
            "month": "2018-08",
            "price": "11.77",
            "revenue": 1034859
        },
        "2018-09": {
            "month": "2018-09",
            "price": "12.75",
            "revenue": 797313
        },
        "2018-10": {
            "month": "2018-10",
            "price": "10.24",
            "revenue": 955530
        },
        "2018-11": {
            "month": "2018-11",
            "price": "10.30",
            "revenue": 1031591
        },
        "2018-12": {
            "month": "2018-12",
            "price": "10.72",
            "revenue": 874377
        },
        "2019-01": {
            "month": "2019-01",
            "price": "10.46",
            "revenue": 940322
        },
        "2019-02": {
            "month": "2019-02",
            "price": "11.03",
            "revenue": 644765
        },
        "2019-03": {
            "month": "2019-03",
            "price": "11.77",
            "revenue": 897020
        },
        "2019-04": {
            "month": "2019-04",
            "price": "11.78",
            "revenue": 978694
        },
        "2019-05": {
            "month": "2019-05",
            "price": "12.16",
            "revenue": 1008981
        },
        "2019-06": {
            "month": "2019-06",
            "price": "12.93",
            "revenue": 950383
        },
        "2019-07": {
            "month": "2019-07",
            "price": "15.10",
            "revenue": 1112405
        },
        "2019-08": {
            "month": "2019-08",
            "price": "15.47",
            "revenue": 1179559
        },
        "2019-09": {
            "month": "2019-09",
            "price": "15.93",
            "revenue": 1186229
        },
        "2019-10": {
            "month": "2019-10",
            "price": "16.45",
            "revenue": 1223096
        },
        "2019-11": {
            "month": "2019-11",
            "price": "16.61",
            "revenue": 1340240
        },
        "2019-12": {
            "month": "2019-12",
            "price": "16.20",
            "revenue": 1243044
        },
        "2020-01": {
            "month": "2020-01",
            "price": "15.81",
            "revenue": 909037
        },
        "2020-02": {
            "month": "2020-02",
            "price": "14.15",
            "revenue": 970921
        },
        "2020-03": {
            "month": "2020-03",
            "price": "12.46",
            "revenue": 1114075
        },
        "2020-04": {
            "month": "2020-04",
            "price": "14.48",
            "revenue": 1135611
        },
        "2020-05": {
            "month": "2020-05",
            "price": "15.10",
            "revenue": 1015619
        },
        "2020-06": {
            "month": "2020-06",
            "price": "15.27",
            "revenue": 1012904
        },
        "2020-07": {
            "month": "2020-07",
            "price": "15.41",
            "revenue": 1146443
        },
        "2020-08": {
            "month": "2020-08",
            "price": "15.28",
            "revenue": 1173125
        },
        "2020-09": {
            "month": "2020-09",
            "price": "13.52",
            "revenue": 1318532
        },
        "2020-10": {
            "month": "2020-10",
            "price": "13.13",
            "revenue": 1303331
        },
        "2020-11": {
            "month": "2020-11",
            "price": "13.80",
            "revenue": 1286693
        },
        "2020-12": {
            "month": "2020-12",
            "price": "14.48",
            "revenue": 1292356
        },
        "2021-01": {
            "month": "2021-01",
            "price": "14.52",
            "revenue": 1405080
        },
        "2021-02": {
            "month": "2021-02",
            "price": "15.48",
            "revenue": 1121060
        },
        "2021-03": {
            "month": "2021-03",
            "price": "18.35",
            "revenue": 1569635
        },
        "2021-04": {
            "month": "2021-04",
            "price": "21.98",
            "revenue": 1520228
        },
        "2021-05": {
            "month": "2021-05",
            "price": "19.97",
            "revenue": 1406392
        },
        "2021-06": {
            "month": "2021-06",
            "price": "20.68",
            "revenue": 1819683
        },
        "2021-07": {
            "month": "2021-07",
            "price": "22.90",
            "revenue": 1688172
        },
        "2021-08": {
            "month": "2021-08",
            "price": "23.73",
            "revenue": 1575695
        },
        "2021-09": {
            "month": "2021-09",
            "price": "21.28",
            "revenue": 1704776
        },
        "2021-10": {
            "month": "2021-10",
            "price": "20.35",
            "revenue": 1736858
        },
        "2021-11": {
            "month": "2021-11",
            "price": "23.77",
            "revenue": 1496894
        },
        "2021-12": {
            "month": "2021-12",
            "price": "24.38",
            "revenue": 1808216
        },
        "2022-01": {
            "month": "2022-01",
            "price": "24.12",
            "revenue": 1654629
        },
        "2022-02": {
            "month": "2022-02",
            "price": "24.69",
            "revenue": 1488991
        },
        "2022-03": {
            "month": "2022-03",
            "price": "25.68",
            "revenue": 2040490
        },
        "2022-04": {
            "month": "2022-04",
            "price": "23.74",
            "revenue": 1642356
        },
        "2022-05": {
            "month": "2022-05",
            "price": "24.50",
            "revenue": 1555501
        },
        "2022-06": {
            "month": "2022-06",
            "price": "23.72",
            "revenue": 1564330
        },
        "2022-07": {
            "month": "2022-07",
            "price": "19.47",
            "revenue": 1589595
        },
        "2022-08": {
            "month": "2022-08",
            "price": "18.84",
            "revenue": 1580078
        },
        "2022-09": {
            "month": "2022-09",
            "price": "18.14",
            "revenue": 1697903
        },
        "2022-10": {
            "month": "2022-10",
            "price": "16.93",
            "revenue": 1695626
        },
        "2022-11": {
            "month": "2022-11",
            "price": "18.14",
            "revenue": 1364140
        },
        "2022-12": {
            "month": "2022-12",
            "price": "17.85",
            "revenue": 1472864
        },
        "2023-01": {
            "month": "2023-01",
            "price": "17.53",
            "revenue": 981519
        },
        "2023-02": {
            "month": "2023-02",
            "price": "18.24",
            "revenue": 1187867
        },
        "2023-03": {
            "month": "2023-03",
            "price": "19.43",
            "revenue": 1150896
        },
        "2023-04": {
            "month": "2023-04",
            "price": "21.47",
            "revenue": 1165347
        },
        "2023-05": {
            "month": "2023-05",
            "price": "21.42",
            "revenue": 1300891
        },
        "2023-06": {
            "month": "2023-06",
            "price": "23.10",
            "revenue": 1274700
        },
        "2023-07": {
            "month": "2023-07",
            "price": "22.83",
            "revenue": 1283610
        },
        "2023-08": {
            "month": "2023-08",
            "price": "20.78",
            "revenue": 1359163
        },
        "2023-09": {
            "month": "2023-09",
            "price": "18.65",
            "revenue": 1508579
        },
        "2023-10": {
            "month": "2023-10",
            "price": "18.72",
            "revenue": 1475245
        },
        "2023-11": {
            "month": "2023-11",
            "price": "20.68",
            "revenue": 1287950
        },
        "2023-12": {
            "month": "2023-12",
            "price": "22.28",
            "revenue": 1300989
        }
    }
}
