{
    "summary": {
        "stock_name": "斐成",
        "stock_id": "3313",
        "category": "其他",
        "main_business": "大宗原物料買賣",
        "website_url": "http://www.fce.com.tw",
        "ceo": "張碩文",
        "pe_ratio": -9,
        "report_year_from": 2003,
        "report_year_to": 2023,
        "age": 20,
        "eps_negative_percentage": 60,
        "eps_growth_avg": {
            "last_all": -33.96,
            "last_2y": -100,
            "last_4y": -100,
            "last_8y": -100,
            "last_12y": -47.19,
            "last_16y": -56.29,
            "last_20y": null,
            "at_2006_last_3y": null,
            "at_2007_last_3y": null,
            "at_2008_last_3y": -24.04,
            "at_2009_last_3y": -65.38,
            "at_2010_last_3y": -93.94,
            "at_2011_last_3y": -20.79,
            "at_2012_last_3y": -20.79,
            "at_2013_last_3y": -20.79,
            "at_2014_last_3y": -20.79,
            "at_2015_last_3y": -100,
            "at_2016_last_3y": null,
            "at_2017_last_3y": null,
            "at_2018_last_3y": null,
            "at_2019_last_3y": null,
            "at_2020_last_3y": null,
            "at_2021_last_3y": null,
            "at_2022_last_3y": -100,
            "at_2023_last_3y": -100,
            "at_2006_last_all": 45.87,
            "at_2007_last_all": 1.28,
            "at_2008_last_all": -24.04,
            "at_2009_last_all": -24.04,
            "at_2010_last_all": -24.04,
            "at_2011_last_all": -7.55,
            "at_2012_last_all": -22.96,
            "at_2013_last_all": -22.96,
            "at_2014_last_all": -22.96,
            "at_2015_last_all": -22.96,
            "at_2016_last_all": -22.96,
            "at_2017_last_all": -22.96,
            "at_2018_last_all": -22.96,
            "at_2019_last_all": -22.96,
            "at_2020_last_all": -22.96,
            "at_2021_last_all": -22.96,
            "at_2022_last_all": -33.96,
            "at_2023_last_all": -33.96
        },
        "latest_eps": -1.21,
        "latest_price": 10.3,
        "latest_roe": -13.23,
        "latest_gross_margin": 0.28,
        "latest_equity": 1022226,
        "latest_revenue": 1079,
        "latest_gross_profit": 3,
        "latest_net_income": 11679,
        "latest_debt_ratio": 21.49,
        "latest_current_ratio": 384.9,
        "latest_account_receivable_turnover_ratio": 0.57,
        "latest_inventory_turnover_ratio": 0,
        "latest_reinvestment_rate": null,
        "latest_research_to_sale_ratio": null
    },
    "eps_dividends": {
        "2001": {
            "cash": 0,
            "stock": 0,
            "eps": 0
        },
        "2002": {
            "cash": 0,
            "stock": 0,
            "eps": 0
        },
        "2003": {
            "cash": 0,
            "stock": 0,
            "eps": 0
        },
        "2004": {
            "cash": 3,
            "stock": 3,
            "eps": 2.96
        },
        "2005": {
            "cash": 4,
            "stock": 1,
            "eps": 7.02
        },
        "2006": {
            "cash": 6,
            "stock": 1,
            "eps": 6.44
        },
        "2007": {
            "cash": 5,
            "stock": 1,
            "eps": 0.78
        },
        "2008": {
            "cash": 0,
            "stock": 0,
            "eps": -4.19
        },
        "2009": {
            "cash": 0,
            "stock": 0,
            "eps": -4.41
        },
        "2010": {
            "cash": 0,
            "stock": 0,
            "eps": 1.01
        },
        "2011": {
            "cash": 0,
            "stock": 0,
            "eps": 1.6
        },
        "2012": {
            "cash": 0,
            "stock": 0,
            "eps": -0.27
        },
        "2013": {
            "cash": 0,
            "stock": 0,
            "eps": -0.49
        },
        "2014": {
            "cash": 0,
            "stock": 0,
            "eps": -2.21
        },
        "2015": {
            "cash": 0,
            "stock": 0,
            "eps": -1.93
        },
        "2016": {
            "cash": 0,
            "stock": 0,
            "eps": -1.86
        },
        "2017": {
            "cash": 0,
            "stock": 0,
            "eps": -0.69
        },
        "2018": {
            "cash": 0,
            "stock": 0,
            "eps": -0.33
        },
        "2019": {
            "cash": 0,
            "stock": 0,
            "eps": -0.15
        },
        "2020": {
            "cash": 0,
            "stock": 0,
            "eps": -0.29
        },
        "2021": {
            "cash": 0,
            "stock": 0,
            "eps": 0.26
        },
        "2022": {
            "cash": 0,
            "stock": 0,
            "eps": -1.47
        },
        "2023": {
            "cash": 0,
            "stock": 0,
            "eps": 0.1
        }
    },
    "dividends": {
        "2004-04-28": {
            "cash": 3,
            "stock": 3
        },
        "2005-03-18": {
            "cash": 3.5,
            "stock": 0.5
        },
        "2006-03-31": {
            "cash": 6,
            "stock": 1
        },
        "2007-04-28": {
            "cash": 4.5,
            "stock": 0.5
        }
    },
    "prices": {
        "200101": "無",
        "200102": "無",
        "200103": "無",
        "200104": "無",
        "200105": "無",
        "200106": "無",
        "200107": "無",
        "200108": "無",
        "200109": "無",
        "200110": "無",
        "200111": "無",
        "200112": "無",
        "200201": "無",
        "200202": "無",
        "200203": "無",
        "200204": "無",
        "200205": "無",
        "200206": "無",
        "200207": "無",
        "200208": "無",
        "200209": "無",
        "200210": "無",
        "200211": "無",
        "200212": "無",
        "200301": "無",
        "200302": "無",
        "200303": "無",
        "200304": "無",
        "200305": "無",
        "200306": "無",
        "200307": "無",
        "200308": "無",
        "200309": "無",
        "200310": "無",
        "200311": "無",
        "200312": "無",
        "200401": "無",
        "200402": "無",
        "200403": "無",
        "200404": "無",
        "200405": "87.52",
        "200406": "82.60",
        "200407": "75.12",
        "200408": "70.18",
        "200409": "66.10",
        "200410": "35.15",
        "200411": "32.79",
        "200412": "34.38",
        "200501": "36.17",
        "200502": "38.68",
        "200503": "40.24",
        "200504": "43.26",
        "200505": "42.87",
        "200506": "43.69",
        "200507": "47.94",
        "200508": "64.42",
        "200509": "66.23",
        "200510": "76.95",
        "200511": "78.26",
        "200512": "84.50",
        "200601": "128.73",
        "200602": "154.77",
        "200603": "157.08",
        "200604": "157.12",
        "200605": "141.25",
        "200606": "117.35",
        "200607": "95.91",
        "200608": "95.57",
        "200609": "93.47",
        "200610": "86.61",
        "200611": "76.77",
        "200612": "92.59",
        "200701": "109.18",
        "200702": "110.21",
        "200703": "123.33",
        "200704": "115.18",
        "200705": "105.91",
        "200706": "118.70",
        "200707": "121.48",
        "200708": "101.95",
        "200709": "83.98",
        "200710": "82.96",
        "200711": "50.58",
        "200712": "43.17",
        "200801": "34.24",
        "200802": "29.17",
        "200803": "32.62",
        "200804": "32.60",
        "200805": "27.18",
        "200806": "20.79",
        "200807": "13.93",
        "200808": "10.64",
        "200809": "9.34",
        "200810": "8.41",
        "200811": "7.48",
        "200812": "7.07",
        "200901": "6.87",
        "200902": "7.51",
        "200903": "9.39",
        "200904": "13.21",
        "200905": "11.45",
        "200906": "10.03",
        "200907": "10.95",
        "200908": "11.87",
        "200909": "13.22",
        "200910": "15.19",
        "200911": "13.81",
        "200912": "16.07",
        "201001": "15.76",
        "201002": "13.41",
        "201003": "15.35",
        "201004": "18.56",
        "201005": "18.53",
        "201006": "18.06",
        "201007": "19.56",
        "201008": "19.19",
        "201009": "19.90",
        "201010": "20.56",
        "201011": "24.59",
        "201012": "24.19",
        "201101": "23.09",
        "201102": "22.03",
        "201103": "21.06",
        "201104": "18.96",
        "201105": "17.69",
        "201106": "17.61",
        "201107": "15.14",
        "201108": "12.52",
        "201109": "12.06",
        "201110": "11.70",
        "201111": "12.02",
        "201112": "10.53",
        "201201": "11.15",
        "201202": "14.06",
        "201203": "14.10",
        "201204": "12.41",
        "201205": "13.21",
        "201206": "12.88",
        "201207": "12.49",
        "201208": "12.72",
        "201209": "11.66",
        "201210": "11.04",
        "201211": "9.28",
        "201212": "9.08",
        "201301": "9.68",
        "201302": "9.47",
        "201303": "11.10",
        "201304": "10.25",
        "201305": "10.39",
        "201306": "10.96",
        "201307": "10.50",
        "201308": "11.11",
        "201309": "11.72",
        "201310": "12.92",
        "201311": "11.58",
        "201312": "13.09",
        "201401": "12.51",
        "201402": "12.76",
        "201403": "12.88",
        "201404": "12.02",
        "201405": "10.63",
        "201406": "11.16",
        "201407": "11.48",
        "201408": "10.25",
        "201409": "9.56",
        "201410": "8.83",
        "201411": "8.61",
        "201412": "9.21",
        "201501": "9.43",
        "201502": "10.44",
        "201503": "10.38",
        "201504": "10.13",
        "201505": "9.51",
        "201506": "7.67",
        "201507": "7.03",
        "201508": "6.12",
        "201509": "6.84",
        "201510": "8.07",
        "201511": "7.86",
        "201512": "7.33",
        "201601": "6.43",
        "201602": "6.27",
        "201603": "6.58",
        "201604": "5.98",
        "201605": "6.22",
        "201606": "6.26",
        "201607": "7.02",
        "201608": "13.03",
        "201609": "16.06",
        "201610": "15.88",
        "201611": "17.82",
        "201612": "23.03",
        "201701": "25.35",
        "201702": "32.32",
        "201703": "37.11",
        "201704": "33.06",
        "201705": "32.57",
        "201706": "31.40",
        "201707": "32.33",
        "201708": "33.04",
        "201709": "35.14",
        "201710": "35.96",
        "201711": "41.24",
        "201712": "38.37",
        "201801": "39.78",
        "201802": "37.16",
        "201803": "37.89",
        "201804": "39.65",
        "201805": "45.07",
        "201806": "46.00",
        "201807": "37.48",
        "201808": "27.78",
        "201809": "26.60",
        "201810": "23.21",
        "201811": "18.58",
        "201812": "16.43",
        "201901": "25.14",
        "201902": "22.08",
        "201903": "22.30",
        "201904": "23.42",
        "201905": "19.57",
        "201906": "19.22",
        "201907": "18.99",
        "201908": "19.76",
        "201909": "18.08",
        "201910": "16.48",
        "201911": "15.00",
        "201912": "17.47",
        "202001": "16.54",
        "202002": "15.48",
        "202003": "12.09",
        "202004": "13.16",
        "202005": "14.10",
        "202006": "14.96",
        "202007": "14.27",
        "202008": "13.16",
        "202009": "12.10",
        "202010": "12.45",
        "202011": "12.17",
        "202012": "12.22",
        "202101": "11.32",
        "202102": "10.97",
        "202103": "11.80",
        "202104": "12.42",
        "202105": "11.94",
        "202106": "11.80",
        "202107": "11.93",
        "202108": "11.30",
        "202109": "11.35",
        "202110": "11.26",
        "202111": "11.49",
        "202112": "11.70",
        "202201": "11.51",
        "202202": "11.37",
        "202203": "11.49",
        "202204": "12.42",
        "202205": "13.20",
        "202206": "12.05",
        "202207": "10.63",
        "202208": "11.16",
        "202209": "10.90",
        "202210": "9.93",
        "202211": "9.79",
        "202212": "9.93",
        "202301": "9.95",
        "202302": "10.42",
        "202303": "10.40",
        "202304": "10.24",
        "202305": "10.30"
    },
    "quarters": {
        "20011": {
            "year_quarter": 20011,
            "year": 2001,
            "quarter": 1,
            "eps": null,
            "eps_growth_year": null,
            "eps_4q": null,
            "eps_4q_growth_year": null,
            "roe": null,
            "roe_4q": 0,
            "gross_profit": null,
            "gross_margin": null,
            "gross_margin_4q_avg": 0,
            "net_income": null,
            "revenue": null,
            "common_shares": null,
            "book_valuer_per_share": null,
            "book_valuer_per_share_4q_avg": 0,
            "equity": null,
            "current_ratio": null,
            "debt_ratio": null,
            "inventory_turnover_ratio": null,
            "account_receivable_turnover_ratio": null,
            "reinvestment_rate": null,
            "research_to_sale_ratio": null,
            "price_fair": 0,
            "eps_avg_yearly": 0,
            "eps_latest_yearly": 0,
            "eps_growth_yearly": 0
        },
        "20012": {
            "year_quarter": 20012,
            "year": 2001,
            "quarter": 2,
            "eps": null,
            "eps_growth_year": null,
            "eps_4q": null,
            "eps_4q_growth_year": null,
            "roe": null,
            "roe_4q": 0,
            "gross_profit": null,
            "gross_margin": null,
            "gross_margin_4q_avg": 0,
            "net_income": null,
            "revenue": null,
            "common_shares": null,
            "book_valuer_per_share": null,
            "book_valuer_per_share_4q_avg": 0,
            "equity": null,
            "current_ratio": null,
            "debt_ratio": null,
            "inventory_turnover_ratio": null,
            "account_receivable_turnover_ratio": null,
            "reinvestment_rate": null,
            "research_to_sale_ratio": null,
            "price_fair": 0,
            "eps_avg_yearly": 0,
            "eps_latest_yearly": 0,
            "eps_growth_yearly": 0
        },
        "20013": {
            "year_quarter": 20013,
            "year": 2001,
            "quarter": 3,
            "eps": null,
            "eps_growth_year": null,
            "eps_4q": null,
            "eps_4q_growth_year": null,
            "roe": null,
            "roe_4q": 0,
            "gross_profit": null,
            "gross_margin": null,
            "gross_margin_4q_avg": 0,
            "net_income": null,
            "revenue": null,
            "common_shares": null,
            "book_valuer_per_share": null,
            "book_valuer_per_share_4q_avg": 0,
            "equity": null,
            "current_ratio": null,
            "debt_ratio": null,
            "inventory_turnover_ratio": null,
            "account_receivable_turnover_ratio": null,
            "reinvestment_rate": null,
            "research_to_sale_ratio": null,
            "price_fair": 0,
            "eps_avg_yearly": 0,
            "eps_latest_yearly": 0,
            "eps_growth_yearly": 0
        },
        "20014": {
            "year_quarter": 20014,
            "year": 2001,
            "quarter": 4,
            "eps": null,
            "eps_growth_year": null,
            "eps_4q": null,
            "eps_4q_growth_year": null,
            "roe": null,
            "roe_4q": 0,
            "gross_profit": null,
            "gross_margin": null,
            "gross_margin_4q_avg": 0,
            "net_income": null,
            "revenue": null,
            "common_shares": 120280,
            "book_valuer_per_share": 13.17,
            "book_valuer_per_share_4q_avg": 3.29,
            "equity": 158372,
            "current_ratio": 148.62,
            "debt_ratio": 64.49,
            "inventory_turnover_ratio": null,
            "account_receivable_turnover_ratio": null,
            "reinvestment_rate": null,
            "research_to_sale_ratio": null,
            "price_fair": 0,
            "eps_avg_yearly": 0,
            "eps_latest_yearly": 0,
            "eps_growth_yearly": 0
        },
        "20021": {
            "year_quarter": 20021,
            "year": 2002,
            "quarter": 1,
            "eps": null,
            "eps_growth_year": null,
            "eps_4q": null,
            "eps_4q_growth_year": null,
            "roe": null,
            "roe_4q": 0,
            "gross_profit": null,
            "gross_margin": null,
            "gross_margin_4q_avg": 0,
            "net_income": null,
            "revenue": null,
            "common_shares": null,
            "book_valuer_per_share": null,
            "book_valuer_per_share_4q_avg": 3.29,
            "equity": null,
            "current_ratio": null,
            "debt_ratio": null,
            "inventory_turnover_ratio": null,
            "account_receivable_turnover_ratio": null,
            "reinvestment_rate": null,
            "research_to_sale_ratio": null,
            "price_fair": 0,
            "eps_avg_yearly": 0,
            "eps_latest_yearly": 0,
            "eps_growth_yearly": 0
        },
        "20022": {
            "year_quarter": 20022,
            "year": 2002,
            "quarter": 2,
            "eps": null,
            "eps_growth_year": null,
            "eps_4q": null,
            "eps_4q_growth_year": null,
            "roe": null,
            "roe_4q": 0,
            "gross_profit": null,
            "gross_margin": null,
            "gross_margin_4q_avg": 0,
            "net_income": null,
            "revenue": null,
            "common_shares": null,
            "book_valuer_per_share": null,
            "book_valuer_per_share_4q_avg": 3.29,
            "equity": null,
            "current_ratio": null,
            "debt_ratio": null,
            "inventory_turnover_ratio": null,
            "account_receivable_turnover_ratio": null,
            "reinvestment_rate": null,
            "research_to_sale_ratio": null,
            "price_fair": 0,
            "eps_avg_yearly": 0,
            "eps_latest_yearly": 0,
            "eps_growth_yearly": 0
        },
        "20023": {
            "year_quarter": 20023,
            "year": 2002,
            "quarter": 3,
            "eps": null,
            "eps_growth_year": null,
            "eps_4q": null,
            "eps_4q_growth_year": null,
            "roe": null,
            "roe_4q": 0,
            "gross_profit": null,
            "gross_margin": null,
            "gross_margin_4q_avg": 0,
            "net_income": null,
            "revenue": null,
            "common_shares": null,
            "book_valuer_per_share": null,
            "book_valuer_per_share_4q_avg": 3.29,
            "equity": null,
            "current_ratio": null,
            "debt_ratio": null,
            "inventory_turnover_ratio": null,
            "account_receivable_turnover_ratio": null,
            "reinvestment_rate": null,
            "research_to_sale_ratio": null,
            "price_fair": 0,
            "eps_avg_yearly": 0,
            "eps_latest_yearly": 0,
            "eps_growth_yearly": 0
        },
        "20024": {
            "year_quarter": 20024,
            "year": 2002,
            "quarter": 4,
            "eps": null,
            "eps_growth_year": null,
            "eps_4q": null,
            "eps_4q_growth_year": null,
            "roe": null,
            "roe_4q": 0,
            "gross_profit": null,
            "gross_margin": null,
            "gross_margin_4q_avg": 0,
            "net_income": null,
            "revenue": null,
            "common_shares": 220280,
            "book_valuer_per_share": 16.57,
            "book_valuer_per_share_4q_avg": 4.14,
            "equity": 365109,
            "current_ratio": 237.47,
            "debt_ratio": 40.23,
            "inventory_turnover_ratio": null,
            "account_receivable_turnover_ratio": null,
            "reinvestment_rate": null,
            "research_to_sale_ratio": null,
            "price_fair": 0,
            "eps_avg_yearly": 0,
            "eps_latest_yearly": 0,
            "eps_growth_yearly": 0
        },
        "20031": {
            "year_quarter": 20031,
            "year": 2003,
            "quarter": 1,
            "eps": null,
            "eps_growth_year": null,
            "eps_4q": null,
            "eps_4q_growth_year": null,
            "roe": null,
            "roe_4q": 0,
            "gross_profit": null,
            "gross_margin": null,
            "gross_margin_4q_avg": 0,
            "net_income": null,
            "revenue": null,
            "common_shares": null,
            "book_valuer_per_share": null,
            "book_valuer_per_share_4q_avg": 4.14,
            "equity": null,
            "current_ratio": null,
            "debt_ratio": null,
            "inventory_turnover_ratio": null,
            "account_receivable_turnover_ratio": null,
            "reinvestment_rate": null,
            "research_to_sale_ratio": null,
            "price_fair": 0,
            "eps_avg_yearly": 0,
            "eps_latest_yearly": 0,
            "eps_growth_yearly": 0
        },
        "20032": {
            "year_quarter": 20032,
            "year": 2003,
            "quarter": 2,
            "eps": null,
            "eps_growth_year": null,
            "eps_4q": null,
            "eps_4q_growth_year": null,
            "roe": null,
            "roe_4q": 0,
            "gross_profit": null,
            "gross_margin": null,
            "gross_margin_4q_avg": 0,
            "net_income": null,
            "revenue": null,
            "common_shares": null,
            "book_valuer_per_share": null,
            "book_valuer_per_share_4q_avg": 4.14,
            "equity": null,
            "current_ratio": null,
            "debt_ratio": null,
            "inventory_turnover_ratio": null,
            "account_receivable_turnover_ratio": null,
            "reinvestment_rate": null,
            "research_to_sale_ratio": null,
            "price_fair": 0,
            "eps_avg_yearly": 0,
            "eps_latest_yearly": 0,
            "eps_growth_yearly": 0
        },
        "20033": {
            "year_quarter": 20033,
            "year": 2003,
            "quarter": 3,
            "eps": null,
            "eps_growth_year": null,
            "eps_4q": null,
            "eps_4q_growth_year": null,
            "roe": null,
            "roe_4q": 0,
            "gross_profit": null,
            "gross_margin": null,
            "gross_margin_4q_avg": 0,
            "net_income": null,
            "revenue": null,
            "common_shares": null,
            "book_valuer_per_share": null,
            "book_valuer_per_share_4q_avg": 4.14,
            "equity": null,
            "current_ratio": null,
            "debt_ratio": null,
            "inventory_turnover_ratio": null,
            "account_receivable_turnover_ratio": null,
            "reinvestment_rate": null,
            "research_to_sale_ratio": null,
            "price_fair": 0,
            "eps_avg_yearly": 0,
            "eps_latest_yearly": 0,
            "eps_growth_yearly": 0
        },
        "20034": {
            "year_quarter": 20034,
            "year": 2003,
            "quarter": 4,
            "eps": null,
            "eps_growth_year": null,
            "eps_4q": null,
            "eps_4q_growth_year": null,
            "roe": null,
            "roe_4q": 0,
            "gross_profit": null,
            "gross_margin": null,
            "gross_margin_4q_avg": 0,
            "net_income": null,
            "revenue": null,
            "common_shares": 321000,
            "book_valuer_per_share": 20.32,
            "book_valuer_per_share_4q_avg": 5.08,
            "equity": 652210,
            "current_ratio": 220.32,
            "debt_ratio": 43.84,
            "inventory_turnover_ratio": null,
            "account_receivable_turnover_ratio": null,
            "reinvestment_rate": null,
            "research_to_sale_ratio": null,
            "price_fair": 0,
            "eps_avg_yearly": 0,
            "eps_latest_yearly": 0,
            "eps_growth_yearly": 0
        },
        "20041": {
            "year_quarter": 20041,
            "year": 2004,
            "quarter": 1,
            "eps": null,
            "eps_growth_year": null,
            "eps_4q": null,
            "eps_4q_growth_year": null,
            "roe": null,
            "roe_4q": 0,
            "gross_profit": null,
            "gross_margin": null,
            "gross_margin_4q_avg": 0,
            "net_income": null,
            "revenue": null,
            "common_shares": null,
            "book_valuer_per_share": null,
            "book_valuer_per_share_4q_avg": 5.08,
            "equity": null,
            "current_ratio": null,
            "debt_ratio": null,
            "inventory_turnover_ratio": null,
            "account_receivable_turnover_ratio": null,
            "reinvestment_rate": null,
            "research_to_sale_ratio": null,
            "price_fair": 0,
            "eps_avg_yearly": 0,
            "eps_latest_yearly": 0,
            "eps_growth_yearly": 0
        },
        "20042": {
            "year_quarter": 20042,
            "year": 2004,
            "quarter": 2,
            "eps": null,
            "eps_growth_year": null,
            "eps_4q": null,
            "eps_4q_growth_year": null,
            "roe": null,
            "roe_4q": 0,
            "gross_profit": null,
            "gross_margin": null,
            "gross_margin_4q_avg": 0,
            "net_income": null,
            "revenue": null,
            "common_shares": null,
            "book_valuer_per_share": null,
            "book_valuer_per_share_4q_avg": 5.08,
            "equity": null,
            "current_ratio": null,
            "debt_ratio": null,
            "inventory_turnover_ratio": null,
            "account_receivable_turnover_ratio": null,
            "reinvestment_rate": null,
            "research_to_sale_ratio": null,
            "price_fair": 0,
            "eps_avg_yearly": 0,
            "eps_latest_yearly": 0,
            "eps_growth_yearly": 0
        },
        "20043": {
            "year_quarter": 20043,
            "year": 2004,
            "quarter": 3,
            "eps": 2.1,
            "eps_growth_year": null,
            "eps_4q": null,
            "eps_4q_growth_year": null,
            "roe": 11.63,
            "roe_4q": 11.63,
            "gross_profit": 161887,
            "gross_margin": 28.42,
            "gross_margin_4q_avg": 7.11,
            "net_income": 88000,
            "revenue": 569650,
            "common_shares": 419265,
            "book_valuer_per_share": 18.05,
            "book_valuer_per_share_4q_avg": 9.59,
            "equity": 756717,
            "current_ratio": 208.55,
            "debt_ratio": 46.1,
            "inventory_turnover_ratio": 2.77,
            "account_receivable_turnover_ratio": null,
            "reinvestment_rate": null,
            "research_to_sale_ratio": null,
            "price_fair": 0,
            "eps_avg_yearly": 0,
            "eps_latest_yearly": 0,
            "eps_growth_yearly": 0
        },
        "20044": {
            "year_quarter": 20044,
            "year": 2004,
            "quarter": 4,
            "eps": 0.86,
            "eps_growth_year": null,
            "eps_4q": null,
            "eps_4q_growth_year": null,
            "roe": 4.66,
            "roe_4q": 16.29,
            "gross_profit": 145485,
            "gross_margin": 25.38,
            "gross_margin_4q_avg": 13.45,
            "net_income": 36089,
            "revenue": 573238,
            "common_shares": 419265,
            "book_valuer_per_share": 18.9,
            "book_valuer_per_share_4q_avg": 9.24,
            "equity": 792367,
            "current_ratio": 247.2,
            "debt_ratio": 38.69,
            "inventory_turnover_ratio": 2.7,
            "account_receivable_turnover_ratio": null,
            "reinvestment_rate": null,
            "research_to_sale_ratio": null,
            "price_fair": 10.32,
            "eps_avg_yearly": 3.44,
            "eps_latest_yearly": 3.44,
            "eps_growth_yearly": -236.19
        },
        "20051": {
            "year_quarter": 20051,
            "year": 2005,
            "quarter": 1,
            "eps": null,
            "eps_growth_year": null,
            "eps_4q": null,
            "eps_4q_growth_year": null,
            "roe": null,
            "roe_4q": 16.29,
            "gross_profit": null,
            "gross_margin": null,
            "gross_margin_4q_avg": 13.45,
            "net_income": null,
            "revenue": null,
            "common_shares": null,
            "book_valuer_per_share": null,
            "book_valuer_per_share_4q_avg": 9.24,
            "equity": null,
            "current_ratio": null,
            "debt_ratio": null,
            "inventory_turnover_ratio": null,
            "account_receivable_turnover_ratio": null,
            "reinvestment_rate": null,
            "research_to_sale_ratio": null,
            "price_fair": 10.32,
            "eps_avg_yearly": 3.44,
            "eps_latest_yearly": 3.44,
            "eps_growth_yearly": -236.19
        },
        "20052": {
            "year_quarter": 20052,
            "year": 2005,
            "quarter": 2,
            "eps": null,
            "eps_growth_year": null,
            "eps_4q": null,
            "eps_4q_growth_year": null,
            "roe": null,
            "roe_4q": 16.29,
            "gross_profit": null,
            "gross_margin": null,
            "gross_margin_4q_avg": 13.45,
            "net_income": null,
            "revenue": null,
            "common_shares": null,
            "book_valuer_per_share": null,
            "book_valuer_per_share_4q_avg": 9.24,
            "equity": null,
            "current_ratio": null,
            "debt_ratio": null,
            "inventory_turnover_ratio": null,
            "account_receivable_turnover_ratio": null,
            "reinvestment_rate": null,
            "research_to_sale_ratio": null,
            "price_fair": 10.32,
            "eps_avg_yearly": 3.44,
            "eps_latest_yearly": 3.44,
            "eps_growth_yearly": -236.19
        },
        "20053": {
            "year_quarter": 20053,
            "year": 2005,
            "quarter": 3,
            "eps": 3.75,
            "eps_growth_year": 78.57,
            "eps_4q": null,
            "eps_4q_growth_year": null,
            "roe": 16.53,
            "roe_4q": 21.19,
            "gross_profit": 256328,
            "gross_margin": 32.67,
            "gross_margin_4q_avg": 14.51,
            "net_income": 166968,
            "revenue": 784497,
            "common_shares": 445460,
            "book_valuer_per_share": 22.67,
            "book_valuer_per_share_4q_avg": 10.39,
            "equity": 1009895,
            "current_ratio": 235.48,
            "debt_ratio": 39.91,
            "inventory_turnover_ratio": 3.56,
            "account_receivable_turnover_ratio": null,
            "reinvestment_rate": null,
            "research_to_sale_ratio": null,
            "price_fair": 10.32,
            "eps_avg_yearly": 3.44,
            "eps_latest_yearly": 3.44,
            "eps_growth_yearly": -236.19
        },
        "20054": {
            "year_quarter": 20054,
            "year": 2005,
            "quarter": 4,
            "eps": 3.27,
            "eps_growth_year": 280.23,
            "eps_4q": null,
            "eps_4q_growth_year": null,
            "roe": 13.48,
            "roe_4q": 30.01,
            "gross_profit": 259833,
            "gross_margin": 33.18,
            "gross_margin_4q_avg": 16.46,
            "net_income": 145809,
            "revenue": 783124,
            "common_shares": 445460,
            "book_valuer_per_share": 25.9,
            "book_valuer_per_share_4q_avg": 12.14,
            "equity": 1153780,
            "current_ratio": 248.22,
            "debt_ratio": 38.44,
            "inventory_turnover_ratio": 3.26,
            "account_receivable_turnover_ratio": null,
            "reinvestment_rate": null,
            "research_to_sale_ratio": null,
            "price_fair": 24.78,
            "eps_avg_yearly": 8.26,
            "eps_latest_yearly": 13.08,
            "eps_growth_yearly": -143.7
        },
        "20061": {
            "year_quarter": 20061,
            "year": 2006,
            "quarter": 1,
            "eps": 2.11,
            "eps_growth_year": null,
            "eps_4q": null,
            "eps_4q_growth_year": null,
            "roe": 7.84,
            "roe_4q": 37.85,
            "gross_profit": 191679,
            "gross_margin": 27.33,
            "gross_margin_4q_avg": 23.3,
            "net_income": 94163,
            "revenue": 701274,
            "common_shares": 445460,
            "book_valuer_per_share": 28,
            "book_valuer_per_share_4q_avg": 19.14,
            "equity": 1247437,
            "current_ratio": 272.66,
            "debt_ratio": 34.28,
            "inventory_turnover_ratio": 2.61,
            "account_receivable_turnover_ratio": null,
            "reinvestment_rate": null,
            "research_to_sale_ratio": null,
            "price_fair": 24.96,
            "eps_avg_yearly": 8.32,
            "eps_latest_yearly": 8.44,
            "eps_growth_yearly": -143.1
        },
        "20062": {
            "year_quarter": 20062,
            "year": 2006,
            "quarter": 2,
            "eps": 1.48,
            "eps_growth_year": null,
            "eps_4q": 9.3,
            "eps_4q_growth_year": null,
            "roe": 5.53,
            "roe_4q": 43.38,
            "gross_profit": 181449,
            "gross_margin": 27.21,
            "gross_margin_4q_avg": 30.1,
            "net_income": 77011,
            "revenue": 666748,
            "common_shares": 497140,
            "book_valuer_per_share": 30.96,
            "book_valuer_per_share_4q_avg": 26.88,
            "equity": 1539284,
            "current_ratio": 275.97,
            "debt_ratio": 34.12,
            "inventory_turnover_ratio": 2.26,
            "account_receivable_turnover_ratio": null,
            "reinvestment_rate": null,
            "research_to_sale_ratio": null,
            "price_fair": 23.16,
            "eps_avg_yearly": 7.72,
            "eps_latest_yearly": 5.92,
            "eps_growth_yearly": -137.18
        },
        "20063": {
            "year_quarter": 20063,
            "year": 2006,
            "quarter": 3,
            "eps": 2.11,
            "eps_growth_year": -43.73,
            "eps_4q": 8.05,
            "eps_4q_growth_year": null,
            "roe": 7.05,
            "roe_4q": 33.900000000000006,
            "gross_profit": 201577,
            "gross_margin": 23.09,
            "gross_margin_4q_avg": 27.7,
            "net_income": 112554,
            "revenue": 872907,
            "common_shares": 561500,
            "book_valuer_per_share": 29.44,
            "book_valuer_per_share_4q_avg": 28.58,
            "equity": 1652806,
            "current_ratio": 290.26,
            "debt_ratio": 28.37,
            "inventory_turnover_ratio": 3.17,
            "account_receivable_turnover_ratio": null,
            "reinvestment_rate": null,
            "research_to_sale_ratio": null,
            "price_fair": 23.59,
            "eps_avg_yearly": 7.86,
            "eps_latest_yearly": 8.44,
            "eps_growth_yearly": -75.69
        },
        "20064": {
            "year_quarter": 20064,
            "year": 2006,
            "quarter": 4,
            "eps": 0.74,
            "eps_growth_year": -77.37,
            "eps_4q": 5.97,
            "eps_4q_growth_year": null,
            "roe": 2.21,
            "roe_4q": 22.63,
            "gross_profit": 152070,
            "gross_margin": 19.76,
            "gross_margin_4q_avg": 24.35,
            "net_income": 40125,
            "revenue": 769685,
            "common_shares": 561500,
            "book_valuer_per_share": 30.12,
            "book_valuer_per_share_4q_avg": 29.63,
            "equity": 1970440,
            "current_ratio": 346.25,
            "debt_ratio": 26.13,
            "inventory_turnover_ratio": 2.79,
            "account_receivable_turnover_ratio": null,
            "reinvestment_rate": null,
            "research_to_sale_ratio": null,
            "price_fair": 21.14,
            "eps_avg_yearly": 7.05,
            "eps_latest_yearly": 2.96,
            "eps_growth_yearly": -106.36
        },
        "20071": {
            "year_quarter": 20071,
            "year": 2007,
            "quarter": 1,
            "eps": 1.24,
            "eps_growth_year": -41.23,
            "eps_4q": 5.33,
            "eps_4q_growth_year": null,
            "roe": 3.73,
            "roe_4q": 18.52,
            "gross_profit": 177478,
            "gross_margin": 22.47,
            "gross_margin_4q_avg": 23.13,
            "net_income": 69679,
            "revenue": 789729,
            "common_shares": 561500,
            "book_valuer_per_share": 31.4,
            "book_valuer_per_share_4q_avg": 30.48,
            "equity": 1763022,
            "current_ratio": 337.05,
            "debt_ratio": 24.83,
            "inventory_turnover_ratio": 2.36,
            "account_receivable_turnover_ratio": null,
            "reinvestment_rate": null,
            "research_to_sale_ratio": null,
            "price_fair": 20.25,
            "eps_avg_yearly": 6.75,
            "eps_latest_yearly": 4.96,
            "eps_growth_yearly": -52.56
        },
        "20072": {
            "year_quarter": 20072,
            "year": 2007,
            "quarter": 2,
            "eps": -0.06,
            "eps_growth_year": -104.05,
            "eps_4q": 3.9,
            "eps_4q_growth_year": -58.08,
            "roe": -0.21,
            "roe_4q": 12.780000000000001,
            "gross_profit": 140376,
            "gross_margin": 19.72,
            "gross_margin_4q_avg": 21.26,
            "net_income": -3465,
            "revenue": 711967,
            "common_shares": 561500,
            "book_valuer_per_share": 26.78,
            "book_valuer_per_share_4q_avg": 29.44,
            "equity": 1503480,
            "current_ratio": 217.54,
            "debt_ratio": 35.76,
            "inventory_turnover_ratio": 1.8,
            "account_receivable_turnover_ratio": null,
            "reinvestment_rate": null,
            "research_to_sale_ratio": null,
            "price_fair": 20.25,
            "eps_avg_yearly": 6.75,
            "eps_latest_yearly": 4.96,
            "eps_growth_yearly": -52.56
        },
        "20073": {
            "year_quarter": 20073,
            "year": 2007,
            "quarter": 3,
            "eps": 0.71,
            "eps_growth_year": -66.35,
            "eps_4q": 2.48,
            "eps_4q_growth_year": -69.22,
            "roe": 2.87,
            "roe_4q": 8.600000000000001,
            "gross_profit": 165761,
            "gross_margin": 16.97,
            "gross_margin_4q_avg": 19.73,
            "net_income": 42692,
            "revenue": 976506,
            "common_shares": 604840,
            "book_valuer_per_share": 24.41,
            "book_valuer_per_share_4q_avg": 28.18,
            "equity": 1476266,
            "current_ratio": 188.58,
            "debt_ratio": 58.44,
            "inventory_turnover_ratio": 2.03,
            "account_receivable_turnover_ratio": null,
            "reinvestment_rate": null,
            "research_to_sale_ratio": null,
            "price_fair": 20.25,
            "eps_avg_yearly": 6.75,
            "eps_latest_yearly": 4.96,
            "eps_growth_yearly": -52.56
        },
        "20074": {
            "year_quarter": 20074,
            "year": 2007,
            "quarter": 4,
            "eps": -1.11,
            "eps_growth_year": -250,
            "eps_4q": 1.82,
            "eps_4q_growth_year": -69.56,
            "roe": -4.25,
            "roe_4q": 2.14,
            "gross_profit": 74495,
            "gross_margin": 10.85,
            "gross_margin_4q_avg": 17.5,
            "net_income": -66889,
            "revenue": 686654,
            "common_shares": 604840,
            "book_valuer_per_share": 22.99,
            "book_valuer_per_share_4q_avg": 26.4,
            "equity": 1673056,
            "current_ratio": 213.54,
            "debt_ratio": 58.75,
            "inventory_turnover_ratio": 1.06,
            "account_receivable_turnover_ratio": null,
            "reinvestment_rate": null,
            "research_to_sale_ratio": null,
            "price_fair": 20.25,
            "eps_avg_yearly": 6.75,
            "eps_latest_yearly": 4.96,
            "eps_growth_yearly": -52.56
        },
        "20081": {
            "year_quarter": 20081,
            "year": 2008,
            "quarter": 1,
            "eps": -1.59,
            "eps_growth_year": -228.23,
            "eps_4q": -1.8,
            "eps_4q_growth_year": -133.79,
            "roe": -6.62,
            "roe_4q": -8.21,
            "gross_profit": 54069,
            "gross_margin": 7.52,
            "gross_margin_4q_avg": 13.77,
            "net_income": -107864,
            "revenue": 719440,
            "common_shares": 604840,
            "book_valuer_per_share": 21.37,
            "book_valuer_per_share_4q_avg": 23.89,
            "equity": 1583418,
            "current_ratio": 192.78,
            "debt_ratio": 58.32,
            "inventory_turnover_ratio": 0.97,
            "account_receivable_turnover_ratio": null,
            "reinvestment_rate": null,
            "research_to_sale_ratio": null,
            "price_fair": 20.25,
            "eps_avg_yearly": 6.75,
            "eps_latest_yearly": 4.96,
            "eps_growth_yearly": -52.56
        },
        "20082": {
            "year_quarter": 20082,
            "year": 2008,
            "quarter": 2,
            "eps": -3.3,
            "eps_growth_year": null,
            "eps_4q": -5.2,
            "eps_4q_growth_year": -233.49,
            "roe": -18.48,
            "roe_4q": -26.48,
            "gross_profit": -8132,
            "gross_margin": -1.19,
            "gross_margin_4q_avg": 8.54,
            "net_income": -266733,
            "revenue": 686045,
            "common_shares": 604840,
            "book_valuer_per_share": 17.28,
            "book_valuer_per_share_4q_avg": 21.51,
            "equity": 1303660,
            "current_ratio": 192.5,
            "debt_ratio": 61.18,
            "inventory_turnover_ratio": 1.13,
            "account_receivable_turnover_ratio": null,
            "reinvestment_rate": null,
            "research_to_sale_ratio": null,
            "price_fair": 20.25,
            "eps_avg_yearly": 6.75,
            "eps_latest_yearly": 4.96,
            "eps_growth_yearly": -52.56
        },
        "20083": {
            "year_quarter": 20083,
            "year": 2008,
            "quarter": 3,
            "eps": 1.24,
            "eps_growth_year": 74.65,
            "eps_4q": -6,
            "eps_4q_growth_year": -341.91,
            "roe": 4.44,
            "roe_4q": -24.91,
            "gross_profit": 67645,
            "gross_margin": 8.74,
            "gross_margin_4q_avg": 6.48,
            "net_income": 58770,
            "revenue": 773963,
            "common_shares": 604840,
            "book_valuer_per_share": 18.67,
            "book_valuer_per_share_4q_avg": 20.08,
            "equity": 1345355,
            "current_ratio": 178.88,
            "debt_ratio": 60.36,
            "inventory_turnover_ratio": 1.16,
            "account_receivable_turnover_ratio": null,
            "reinvestment_rate": null,
            "research_to_sale_ratio": null,
            "price_fair": 20.25,
            "eps_avg_yearly": 6.75,
            "eps_latest_yearly": 4.96,
            "eps_growth_yearly": -52.56
        },
        "20084": {
            "year_quarter": 20084,
            "year": 2008,
            "quarter": 4,
            "eps": -0.54,
            "eps_growth_year": null,
            "eps_4q": -2.82,
            "eps_4q_growth_year": -254.88,
            "roe": -4.08,
            "roe_4q": -24.740000000000002,
            "gross_profit": -32495,
            "gross_margin": -6.04,
            "gross_margin_4q_avg": 2.26,
            "net_income": -55579,
            "revenue": 538197,
            "common_shares": 604840,
            "book_valuer_per_share": 19.15,
            "book_valuer_per_share_4q_avg": 19.12,
            "equity": 1378327,
            "current_ratio": 180.25,
            "debt_ratio": 55.46,
            "inventory_turnover_ratio": 1,
            "account_receivable_turnover_ratio": 1.69,
            "reinvestment_rate": null,
            "research_to_sale_ratio": null,
            "price_fair": 21.9,
            "eps_avg_yearly": 7.3,
            "eps_latest_yearly": 4.96,
            "eps_growth_yearly": -21.95
        },
        "20091": {
            "year_quarter": 20091,
            "year": 2009,
            "quarter": 1,
            "eps": -1.84,
            "eps_growth_year": null,
            "eps_4q": -4.35,
            "eps_4q_growth_year": null,
            "roe": -8.24,
            "roe_4q": -26.36,
            "gross_profit": -37619,
            "gross_margin": -8.14,
            "gross_margin_4q_avg": -1.66,
            "net_income": -108876,
            "revenue": 462424,
            "common_shares": 604840,
            "book_valuer_per_share": 17.18,
            "book_valuer_per_share_4q_avg": 18.07,
            "equity": 1262703,
            "current_ratio": 169.04,
            "debt_ratio": 57.16,
            "inventory_turnover_ratio": 1.27,
            "account_receivable_turnover_ratio": 0.73,
            "reinvestment_rate": null,
            "research_to_sale_ratio": null,
            "price_fair": 21.9,
            "eps_avg_yearly": 7.3,
            "eps_latest_yearly": 4.96,
            "eps_growth_yearly": -21.95
        },
        "20092": {
            "year_quarter": 20092,
            "year": 2009,
            "quarter": 2,
            "eps": -0.48,
            "eps_growth_year": null,
            "eps_4q": -1.58,
            "eps_4q_growth_year": null,
            "roe": -6.16,
            "roe_4q": -14.04,
            "gross_profit": 20245,
            "gross_margin": 4.25,
            "gross_margin_4q_avg": -0.3,
            "net_income": -75829,
            "revenue": 476020,
            "common_shares": 604840,
            "book_valuer_per_share": 15.89,
            "book_valuer_per_share_4q_avg": 17.72,
            "equity": 1199183,
            "current_ratio": 159.85,
            "debt_ratio": 58.84,
            "inventory_turnover_ratio": 1.39,
            "account_receivable_turnover_ratio": 0.75,
            "reinvestment_rate": 723.42,
            "research_to_sale_ratio": null,
            "price_fair": 21.9,
            "eps_avg_yearly": 7.3,
            "eps_latest_yearly": 4.96,
            "eps_growth_yearly": -21.95
        },
        "20093": {
            "year_quarter": 20093,
            "year": 2009,
            "quarter": 3,
            "eps": -0.77,
            "eps_growth_year": -162.1,
            "eps_4q": -3.55,
            "eps_4q_growth_year": null,
            "roe": -6.02,
            "roe_4q": -24.5,
            "gross_profit": 42692,
            "gross_margin": 6.04,
            "gross_margin_4q_avg": -0.97,
            "net_income": -70225,
            "revenue": 706294,
            "common_shares": 604840,
            "book_valuer_per_share": 15.25,
            "book_valuer_per_share_4q_avg": 16.87,
            "equity": 1133898,
            "current_ratio": 103.86,
            "debt_ratio": 60.5,
            "inventory_turnover_ratio": 1.92,
            "account_receivable_turnover_ratio": 0.98,
            "reinvestment_rate": null,
            "research_to_sale_ratio": null,
            "price_fair": 21.9,
            "eps_avg_yearly": 7.3,
            "eps_latest_yearly": 4.96,
            "eps_growth_yearly": -21.95
        },
        "20094": {
            "year_quarter": 20094,
            "year": 2009,
            "quarter": 4,
            "eps": -1.32,
            "eps_growth_year": null,
            "eps_4q": -4.4,
            "eps_4q_growth_year": null,
            "roe": -7.16,
            "roe_4q": -27.58,
            "gross_profit": 49403,
            "gross_margin": 8.02,
            "gross_margin_4q_avg": 2.54,
            "net_income": -78140,
            "revenue": 615906,
            "common_shares": 604840,
            "book_valuer_per_share": 14.17,
            "book_valuer_per_share_4q_avg": 15.62,
            "equity": 1050007,
            "current_ratio": 98.46,
            "debt_ratio": 62.12,
            "inventory_turnover_ratio": 1.51,
            "account_receivable_turnover_ratio": 1.53,
            "reinvestment_rate": null,
            "research_to_sale_ratio": null,
            "price_fair": 18.43,
            "eps_avg_yearly": 6.14,
            "eps_latest_yearly": 4.96,
            "eps_growth_yearly": -16.1
        },
        "20101": {
            "year_quarter": 20101,
            "year": 2010,
            "quarter": 1,
            "eps": -0.34,
            "eps_growth_year": null,
            "eps_4q": -2.86,
            "eps_4q_growth_year": null,
            "roe": -2.37,
            "roe_4q": -21.71,
            "gross_profit": 85346,
            "gross_margin": 11.25,
            "gross_margin_4q_avg": 7.39,
            "net_income": -25664,
            "revenue": 758357,
            "common_shares": 604840,
            "book_valuer_per_share": 15.09,
            "book_valuer_per_share_4q_avg": 15.1,
            "equity": 1114092,
            "current_ratio": 104.21,
            "debt_ratio": 59.52,
            "inventory_turnover_ratio": 1.8,
            "account_receivable_turnover_ratio": 0.85,
            "reinvestment_rate": null,
            "research_to_sale_ratio": 2.99,
            "price_fair": 141.19,
            "eps_avg_yearly": 5.57,
            "eps_latest_yearly": 4.96,
            "eps_growth_yearly": 15.35
        },
        "20102": {
            "year_quarter": 20102,
            "year": 2010,
            "quarter": 2,
            "eps": 1.09,
            "eps_growth_year": null,
            "eps_4q": -0.62,
            "eps_4q_growth_year": null,
            "roe": 6.16,
            "roe_4q": -9.39,
            "gross_profit": 115288,
            "gross_margin": 14.33,
            "gross_margin_4q_avg": 9.91,
            "net_income": 77775,
            "revenue": 804757,
            "common_shares": 848992,
            "book_valuer_per_share": 15.88,
            "book_valuer_per_share_4q_avg": 15.1,
            "equity": 1413111,
            "current_ratio": 125.08,
            "debt_ratio": 52.32,
            "inventory_turnover_ratio": 2.2,
            "account_receivable_turnover_ratio": 0.78,
            "reinvestment_rate": null,
            "research_to_sale_ratio": 2.17,
            "price_fair": 190.87,
            "eps_avg_yearly": 5.45,
            "eps_latest_yearly": 4.96,
            "eps_growth_yearly": 60.27
        },
        "20103": {
            "year_quarter": 20103,
            "year": 2010,
            "quarter": 3,
            "eps": 1.26,
            "eps_growth_year": null,
            "eps_4q": 1.18,
            "eps_4q_growth_year": null,
            "roe": 8.2,
            "roe_4q": 4.829999999999998,
            "gross_profit": 124096,
            "gross_margin": 18.56,
            "gross_margin_4q_avg": 13.04,
            "net_income": 123246,
            "revenue": 668648,
            "common_shares": 848992,
            "book_valuer_per_share": 17.78,
            "book_valuer_per_share_4q_avg": 15.73,
            "equity": 1593975,
            "current_ratio": 177.43,
            "debt_ratio": 36.64,
            "inventory_turnover_ratio": 1.92,
            "account_receivable_turnover_ratio": 0.63,
            "reinvestment_rate": null,
            "research_to_sale_ratio": 2.08,
            "price_fair": 148.23,
            "eps_avg_yearly": 4.32,
            "eps_latest_yearly": 5.04,
            "eps_growth_yearly": 24.31
        },
        "20104": {
            "year_quarter": 20104,
            "year": 2010,
            "quarter": 4,
            "eps": -1,
            "eps_growth_year": null,
            "eps_4q": 1.11,
            "eps_4q_growth_year": null,
            "roe": -6.67,
            "roe_4q": 5.319999999999999,
            "gross_profit": 81999,
            "gross_margin": 14.61,
            "gross_margin_4q_avg": 14.69,
            "net_income": -102630,
            "revenue": 561182,
            "common_shares": 838992,
            "book_valuer_per_share": 16.69,
            "book_valuer_per_share_4q_avg": 16.36,
            "equity": 1483320,
            "current_ratio": 182.2,
            "debt_ratio": 35.33,
            "inventory_turnover_ratio": 1.91,
            "account_receivable_turnover_ratio": 0.65,
            "reinvestment_rate": null,
            "research_to_sale_ratio": 2.28,
            "price_fair": 175,
            "eps_avg_yearly": 5,
            "eps_latest_yearly": 5.04,
            "eps_growth_yearly": 166.33
        },
        "20111": {
            "year_quarter": 20111,
            "year": 2011,
            "quarter": 1,
            "eps": 0.36,
            "eps_growth_year": null,
            "eps_4q": 1.71,
            "eps_4q_growth_year": null,
            "roe": 1.91,
            "roe_4q": 9.6,
            "gross_profit": 110228,
            "gross_margin": 15.2,
            "gross_margin_4q_avg": 15.68,
            "net_income": 28555,
            "revenue": 725009,
            "common_shares": 836842,
            "book_valuer_per_share": 17.04,
            "book_valuer_per_share_4q_avg": 16.85,
            "equity": 1510897,
            "current_ratio": 181.99,
            "debt_ratio": 35.62,
            "inventory_turnover_ratio": 2.66,
            "account_receivable_turnover_ratio": 0.86,
            "reinvestment_rate": null,
            "research_to_sale_ratio": 1.37,
            "price_fair": 176.4,
            "eps_avg_yearly": 5.04,
            "eps_latest_yearly": 5.04,
            "eps_growth_yearly": 62.39
        },
        "20112": {
            "year_quarter": 20112,
            "year": 2011,
            "quarter": 2,
            "eps": 0.09,
            "eps_growth_year": -92.11,
            "eps_4q": 0.7,
            "eps_4q_growth_year": null,
            "roe": 0.51,
            "roe_4q": 3.9499999999999993,
            "gross_profit": 115342,
            "gross_margin": 15.95,
            "gross_margin_4q_avg": 16.08,
            "net_income": 7742,
            "revenue": 723027,
            "common_shares": 836842,
            "book_valuer_per_share": 17.12,
            "book_valuer_per_share_4q_avg": 17.16,
            "equity": 1518323,
            "current_ratio": 169,
            "debt_ratio": 39.91,
            "inventory_turnover_ratio": 2.23,
            "account_receivable_turnover_ratio": 0.7,
            "reinvestment_rate": null,
            "research_to_sale_ratio": 1.36,
            "price_fair": 8.1,
            "eps_avg_yearly": 2.7,
            "eps_latest_yearly": 0.36,
            "eps_growth_yearly": -118.81
        },
        "20113": {
            "year_quarter": 20113,
            "year": 2011,
            "quarter": 3,
            "eps": 0.83,
            "eps_growth_year": -34.03,
            "eps_4q": 0.28,
            "eps_4q_growth_year": -76.51,
            "roe": 4.63,
            "roe_4q": 0.3799999999999999,
            "gross_profit": 129847,
            "gross_margin": 18.59,
            "gross_margin_4q_avg": 16.09,
            "net_income": 72240,
            "revenue": 698600,
            "common_shares": 836842,
            "book_valuer_per_share": 18.1,
            "book_valuer_per_share_4q_avg": 17.24,
            "equity": 1603285,
            "current_ratio": 175.4,
            "debt_ratio": 38.07,
            "inventory_turnover_ratio": 1.92,
            "account_receivable_turnover_ratio": 0.67,
            "reinvestment_rate": null,
            "research_to_sale_ratio": 1.69,
            "price_fair": 101.73,
            "eps_avg_yearly": 2.91,
            "eps_latest_yearly": 3.32,
            "eps_growth_yearly": 1017.09
        },
        "20114": {
            "year_quarter": 20114,
            "year": 2011,
            "quarter": 4,
            "eps": 0.32,
            "eps_growth_year": null,
            "eps_4q": 1.6,
            "eps_4q_growth_year": 44.92,
            "roe": 2.14,
            "roe_4q": 9.19,
            "gross_profit": 134153,
            "gross_margin": 22.35,
            "gross_margin_4q_avg": 18.02,
            "net_income": 34686,
            "revenue": 600130,
            "common_shares": 836842,
            "book_valuer_per_share": 18.4,
            "book_valuer_per_share_4q_avg": 17.67,
            "equity": 1636039,
            "current_ratio": 196.94,
            "debt_ratio": 33.42,
            "inventory_turnover_ratio": 1.77,
            "account_receivable_turnover_ratio": 0.63,
            "reinvestment_rate": null,
            "research_to_sale_ratio": 2.91,
            "price_fair": 87.5,
            "eps_avg_yearly": 2.5,
            "eps_latest_yearly": 1.28,
            "eps_growth_yearly": 701.37
        },
        "20121": {
            "year_quarter": 20121,
            "year": 2012,
            "quarter": 1,
            "eps": 0.51,
            "eps_growth_year": 41.67,
            "eps_4q": 1.75,
            "eps_4q_growth_year": 2.48,
            "roe": 3.48,
            "roe_4q": 10.76,
            "gross_profit": 114511,
            "gross_margin": 19.41,
            "gross_margin_4q_avg": 19.08,
            "net_income": 57832,
            "revenue": 590006,
            "common_shares": 836842,
            "book_valuer_per_share": 18.83,
            "book_valuer_per_share_4q_avg": 18.11,
            "equity": 1686368,
            "current_ratio": 182.81,
            "debt_ratio": 36.75,
            "inventory_turnover_ratio": 2.2,
            "account_receivable_turnover_ratio": 0.71,
            "reinvestment_rate": null,
            "research_to_sale_ratio": 2.01,
            "price_fair": 84.28,
            "eps_avg_yearly": 2.41,
            "eps_latest_yearly": 2.04,
            "eps_growth_yearly": 608.6
        },
        "20122": {
            "year_quarter": 20122,
            "year": 2012,
            "quarter": 2,
            "eps": -0.07,
            "eps_growth_year": -181.63,
            "eps_4q": 1.6,
            "eps_4q_growth_year": 126.64,
            "roe": -0.39,
            "roe_4q": 9.86,
            "gross_profit": 122163,
            "gross_margin": 20.57,
            "gross_margin_4q_avg": 20.23,
            "net_income": -6501,
            "revenue": 593869,
            "common_shares": 836842,
            "book_valuer_per_share": 18.79,
            "book_valuer_per_share_4q_avg": 18.53,
            "equity": 1682848,
            "current_ratio": 186.21,
            "debt_ratio": 37.54,
            "inventory_turnover_ratio": 1.93,
            "account_receivable_turnover_ratio": 0.72,
            "reinvestment_rate": -4790.07,
            "research_to_sale_ratio": 1.83,
            "price_fair": 84.28,
            "eps_avg_yearly": 2.41,
            "eps_latest_yearly": 2.04,
            "eps_growth_yearly": 608.6
        },
        "20123": {
            "year_quarter": 20123,
            "year": 2012,
            "quarter": 3,
            "eps": -0.24,
            "eps_growth_year": -128.61,
            "eps_4q": 0.53,
            "eps_4q_growth_year": 91.45,
            "roe": -1.09,
            "roe_4q": 4.140000000000001,
            "gross_profit": 103103,
            "gross_margin": 15.35,
            "gross_margin_4q_avg": 19.42,
            "net_income": -18241,
            "revenue": 671599,
            "common_shares": 836842,
            "book_valuer_per_share": 18.55,
            "book_valuer_per_share_4q_avg": 18.64,
            "equity": 1664453,
            "current_ratio": 161.47,
            "debt_ratio": 43.5,
            "inventory_turnover_ratio": 1.94,
            "account_receivable_turnover_ratio": 0.77,
            "reinvestment_rate": null,
            "research_to_sale_ratio": 1.7,
            "price_fair": 84.28,
            "eps_avg_yearly": 2.41,
            "eps_latest_yearly": 2.04,
            "eps_growth_yearly": 608.6
        },
        "20124": {
            "year_quarter": 20124,
            "year": 2012,
            "quarter": 4,
            "eps": -0.47,
            "eps_growth_year": -244.35,
            "eps_4q": -0.26,
            "eps_4q_growth_year": -116.28,
            "roe": -2.5,
            "roe_4q": -0.5,
            "gross_profit": 66399,
            "gross_margin": 12.28,
            "gross_margin_4q_avg": 16.9,
            "net_income": -41060,
            "revenue": 540511,
            "common_shares": 836842,
            "book_valuer_per_share": 18.01,
            "book_valuer_per_share_4q_avg": 18.55,
            "equity": 1617071,
            "current_ratio": 164.64,
            "debt_ratio": 40.32,
            "inventory_turnover_ratio": 1.65,
            "account_receivable_turnover_ratio": 0.62,
            "reinvestment_rate": null,
            "research_to_sale_ratio": 2.83,
            "price_fair": 84.28,
            "eps_avg_yearly": 2.41,
            "eps_latest_yearly": 2.04,
            "eps_growth_yearly": 608.6
        },
        "20131": {
            "year_quarter": 20131,
            "year": 2013,
            "quarter": 1,
            "eps": -0.13,
            "eps_growth_year": -125.49,
            "eps_4q": -0.91,
            "eps_4q_growth_year": -151.67,
            "roe": -0.68,
            "roe_4q": -4.66,
            "gross_profit": 75919,
            "gross_margin": 14.4,
            "gross_margin_4q_avg": 15.65,
            "net_income": -10759,
            "revenue": 527173,
            "common_shares": 836842,
            "book_valuer_per_share": 17.27,
            "book_valuer_per_share_4q_avg": 18.16,
            "equity": 1555622,
            "current_ratio": 163.66,
            "debt_ratio": 41.42,
            "inventory_turnover_ratio": 1.63,
            "account_receivable_turnover_ratio": 0.65,
            "reinvestment_rate": -642.64,
            "research_to_sale_ratio": 2.56,
            "price_fair": 84.28,
            "eps_avg_yearly": 2.41,
            "eps_latest_yearly": 2.04,
            "eps_growth_yearly": 608.6
        },
        "20132": {
            "year_quarter": 20132,
            "year": 2013,
            "quarter": 2,
            "eps": -0.17,
            "eps_growth_year": null,
            "eps_4q": -1.01,
            "eps_4q_growth_year": -163.28,
            "roe": -0.95,
            "roe_4q": -5.22,
            "gross_profit": 78935,
            "gross_margin": 15.41,
            "gross_margin_4q_avg": 14.36,
            "net_income": -14681,
            "revenue": 512303,
            "common_shares": 836842,
            "book_valuer_per_share": 17.08,
            "book_valuer_per_share_4q_avg": 17.73,
            "equity": 1539800,
            "current_ratio": 167.18,
            "debt_ratio": 39.94,
            "inventory_turnover_ratio": 1.65,
            "account_receivable_turnover_ratio": 0.71,
            "reinvestment_rate": -442.47,
            "research_to_sale_ratio": 2.77,
            "price_fair": 84.28,
            "eps_avg_yearly": 2.41,
            "eps_latest_yearly": 2.04,
            "eps_growth_yearly": 608.6
        },
        "20133": {
            "year_quarter": 20133,
            "year": 2013,
            "quarter": 3,
            "eps": -0.18,
            "eps_growth_year": null,
            "eps_4q": -0.96,
            "eps_4q_growth_year": -280.78,
            "roe": -0.94,
            "roe_4q": -5.07,
            "gross_profit": 90014,
            "gross_margin": 14.71,
            "gross_margin_4q_avg": 14.2,
            "net_income": -14600,
            "revenue": 612086,
            "common_shares": 836842,
            "book_valuer_per_share": 16.97,
            "book_valuer_per_share_4q_avg": 17.33,
            "equity": 1557066,
            "current_ratio": 182.49,
            "debt_ratio": 42.3,
            "inventory_turnover_ratio": 2.2,
            "account_receivable_turnover_ratio": 0.85,
            "reinvestment_rate": -331.15,
            "research_to_sale_ratio": 1.41,
            "price_fair": 84.28,
            "eps_avg_yearly": 2.41,
            "eps_latest_yearly": 2.04,
            "eps_growth_yearly": 608.6
        },
        "20134": {
            "year_quarter": 20134,
            "year": 2013,
            "quarter": 4,
            "eps": -0.01,
            "eps_growth_year": null,
            "eps_4q": -0.5,
            "eps_4q_growth_year": null,
            "roe": -0.06,
            "roe_4q": -2.63,
            "gross_profit": 80141,
            "gross_margin": 16.19,
            "gross_margin_4q_avg": 15.18,
            "net_income": -866,
            "revenue": 494942,
            "common_shares": 837708,
            "book_valuer_per_share": 16.96,
            "book_valuer_per_share_4q_avg": 17.07,
            "equity": 1558036,
            "current_ratio": 187.01,
            "debt_ratio": 40.65,
            "inventory_turnover_ratio": 1.89,
            "account_receivable_turnover_ratio": 0.69,
            "reinvestment_rate": -181.99,
            "research_to_sale_ratio": 2.2,
            "price_fair": 84.28,
            "eps_avg_yearly": 2.41,
            "eps_latest_yearly": 2.04,
            "eps_growth_yearly": 608.6
        },
        "20141": {
            "year_quarter": 20141,
            "year": 2014,
            "quarter": 1,
            "eps": -0.05,
            "eps_growth_year": null,
            "eps_4q": -0.42,
            "eps_4q_growth_year": null,
            "roe": -0.32,
            "roe_4q": -2.2699999999999996,
            "gross_profit": 65485,
            "gross_margin": 15.63,
            "gross_margin_4q_avg": 15.49,
            "net_income": -4988,
            "revenue": 418937,
            "common_shares": 837708,
            "book_valuer_per_share": 16.9,
            "book_valuer_per_share_4q_avg": 16.98,
            "equity": 1560262,
            "current_ratio": 194.4,
            "debt_ratio": 39.76,
            "inventory_turnover_ratio": 1.59,
            "account_receivable_turnover_ratio": 0.63,
            "reinvestment_rate": -169.65,
            "research_to_sale_ratio": 2.59,
            "price_fair": 84.28,
            "eps_avg_yearly": 2.41,
            "eps_latest_yearly": 2.04,
            "eps_growth_yearly": 608.6
        },
        "20142": {
            "year_quarter": 20142,
            "year": 2014,
            "quarter": 2,
            "eps": -2.18,
            "eps_growth_year": null,
            "eps_4q": -2.43,
            "eps_4q_growth_year": null,
            "roe": -14.47,
            "roe_4q": -15.790000000000001,
            "gross_profit": 66498,
            "gross_margin": 13.34,
            "gross_margin_4q_avg": 14.97,
            "net_income": -210519,
            "revenue": 498495,
            "common_shares": 837708,
            "book_valuer_per_share": 14.72,
            "book_valuer_per_share_4q_avg": 16.39,
            "equity": 1349435,
            "current_ratio": 190.21,
            "debt_ratio": 43.29,
            "inventory_turnover_ratio": 1.69,
            "account_receivable_turnover_ratio": 0.78,
            "reinvestment_rate": null,
            "research_to_sale_ratio": 2.31,
            "price_fair": 84.28,
            "eps_avg_yearly": 2.41,
            "eps_latest_yearly": 2.04,
            "eps_growth_yearly": 608.6
        },
        "20143": {
            "year_quarter": 20143,
            "year": 2014,
            "quarter": 3,
            "eps": -0.13,
            "eps_growth_year": null,
            "eps_4q": -2.38,
            "eps_4q_growth_year": null,
            "roe": -1.03,
            "roe_4q": -15.88,
            "gross_profit": 60174,
            "gross_margin": 11.52,
            "gross_margin_4q_avg": 14.17,
            "net_income": -13824,
            "revenue": 522172,
            "common_shares": 837708,
            "book_valuer_per_share": 14.6,
            "book_valuer_per_share_4q_avg": 15.8,
            "equity": 1336638,
            "current_ratio": 159.68,
            "debt_ratio": 45.27,
            "inventory_turnover_ratio": 1.6,
            "account_receivable_turnover_ratio": 0.77,
            "reinvestment_rate": null,
            "research_to_sale_ratio": 2.35,
            "price_fair": 61.25,
            "eps_avg_yearly": 1.75,
            "eps_latest_yearly": 2.04,
            "eps_growth_yearly": 745.15
        },
        "20144": {
            "year_quarter": 20144,
            "year": 2014,
            "quarter": 4,
            "eps": 0.15,
            "eps_growth_year": null,
            "eps_4q": -2.22,
            "eps_4q_growth_year": null,
            "roe": 0.28,
            "roe_4q": -15.540000000000001,
            "gross_profit": 39209,
            "gross_margin": 7.06,
            "gross_margin_4q_avg": 11.89,
            "net_income": 3804,
            "revenue": 554980,
            "common_shares": 837708,
            "book_valuer_per_share": 14.77,
            "book_valuer_per_share_4q_avg": 15.25,
            "equity": 1342171,
            "current_ratio": 171.48,
            "debt_ratio": 42.62,
            "inventory_turnover_ratio": 1.94,
            "account_receivable_turnover_ratio": 0.75,
            "reinvestment_rate": null,
            "research_to_sale_ratio": 2.72,
            "price_fair": 61.25,
            "eps_avg_yearly": 1.75,
            "eps_latest_yearly": 2.04,
            "eps_growth_yearly": 745.15
        },
        "20151": {
            "year_quarter": 20151,
            "year": 2015,
            "quarter": 1,
            "eps": 0.02,
            "eps_growth_year": null,
            "eps_4q": -2.14,
            "eps_4q_growth_year": null,
            "roe": -0.18,
            "roe_4q": -15.4,
            "gross_profit": 60597,
            "gross_margin": 13.76,
            "gross_margin_4q_avg": 11.42,
            "net_income": -2395,
            "revenue": 440267,
            "common_shares": 837708,
            "book_valuer_per_share": 14.78,
            "book_valuer_per_share_4q_avg": 14.72,
            "equity": 1338935,
            "current_ratio": 179.25,
            "debt_ratio": 40.96,
            "inventory_turnover_ratio": 1.53,
            "account_receivable_turnover_ratio": 0.62,
            "reinvestment_rate": null,
            "research_to_sale_ratio": 2.79,
            "price_fair": 49.56,
            "eps_avg_yearly": 1.42,
            "eps_latest_yearly": 0.08,
            "eps_growth_yearly": 526.79
        },
        "20152": {
            "year_quarter": 20152,
            "year": 2015,
            "quarter": 2,
            "eps": -0.67,
            "eps_growth_year": null,
            "eps_4q": -0.63,
            "eps_4q_growth_year": null,
            "roe": -4.88,
            "roe_4q": -5.81,
            "gross_profit": 27157,
            "gross_margin": 6.93,
            "gross_margin_4q_avg": 9.82,
            "net_income": -63961,
            "revenue": 391769,
            "common_shares": 837708,
            "book_valuer_per_share": 14.13,
            "book_valuer_per_share_4q_avg": 14.57,
            "equity": 1280786,
            "current_ratio": 186.13,
            "debt_ratio": 39.04,
            "inventory_turnover_ratio": 1.38,
            "account_receivable_turnover_ratio": 0.63,
            "reinvestment_rate": null,
            "research_to_sale_ratio": 3.06,
            "price_fair": 58.8,
            "eps_avg_yearly": 1.68,
            "eps_latest_yearly": 0.08,
            "eps_growth_yearly": 733.48
        },
        "20153": {
            "year_quarter": 20153,
            "year": 2015,
            "quarter": 3,
            "eps": 0.04,
            "eps_growth_year": null,
            "eps_4q": -0.46,
            "eps_4q_growth_year": null,
            "roe": -0.46,
            "roe_4q": -5.239999999999999,
            "gross_profit": 28380,
            "gross_margin": 6.2,
            "gross_margin_4q_avg": 8.49,
            "net_income": -5844,
            "revenue": 457613,
            "common_shares": 837708,
            "book_valuer_per_share": 14.17,
            "book_valuer_per_share_4q_avg": 14.46,
            "equity": 1275594,
            "current_ratio": 208.68,
            "debt_ratio": 34.76,
            "inventory_turnover_ratio": 1.95,
            "account_receivable_turnover_ratio": 0.77,
            "reinvestment_rate": null,
            "research_to_sale_ratio": 2.34,
            "price_fair": 3.4,
            "eps_avg_yearly": 1.13,
            "eps_latest_yearly": 0.08,
            "eps_growth_yearly": -118.32
        },
        "20154": {
            "year_quarter": 20154,
            "year": 2015,
            "quarter": 4,
            "eps": -1.32,
            "eps_growth_year": -979.82,
            "eps_4q": -1.93,
            "eps_4q_growth_year": null,
            "roe": -11.3,
            "roe_4q": -16.82,
            "gross_profit": 86039,
            "gross_margin": 21.55,
            "gross_margin_4q_avg": 12.11,
            "net_income": -136394,
            "revenue": 399317,
            "common_shares": 837708,
            "book_valuer_per_share": 12.84,
            "book_valuer_per_share_4q_avg": 13.98,
            "equity": 1138615,
            "current_ratio": 228.92,
            "debt_ratio": 33.83,
            "inventory_turnover_ratio": 1.85,
            "account_receivable_turnover_ratio": 0.68,
            "reinvestment_rate": null,
            "research_to_sale_ratio": 2.43,
            "price_fair": 3.18,
            "eps_avg_yearly": 1.06,
            "eps_latest_yearly": 0.08,
            "eps_growth_yearly": -54.58
        },
        "20161": {
            "year_quarter": 20161,
            "year": 2016,
            "quarter": 1,
            "eps": -0.39,
            "eps_growth_year": -2050,
            "eps_4q": -2.34,
            "eps_4q_growth_year": null,
            "roe": -3.36,
            "roe_4q": -20,
            "gross_profit": 51786,
            "gross_margin": 13.74,
            "gross_margin_4q_avg": 12.11,
            "net_income": -37667,
            "revenue": 376950,
            "common_shares": 837708,
            "book_valuer_per_share": 12.46,
            "book_valuer_per_share_4q_avg": 13.4,
            "equity": 1100806,
            "current_ratio": 223.37,
            "debt_ratio": 34.6,
            "inventory_turnover_ratio": 2,
            "account_receivable_turnover_ratio": 0.71,
            "reinvestment_rate": null,
            "research_to_sale_ratio": 1.79,
            "price_fair": 0.24,
            "eps_avg_yearly": 0.08,
            "eps_latest_yearly": 0.08,
            "eps_growth_yearly": -346.67
        },
        "20162": {
            "year_quarter": 20162,
            "year": 2016,
            "quarter": 2,
            "eps": -0.49,
            "eps_growth_year": null,
            "eps_4q": -2.16,
            "eps_4q_growth_year": null,
            "roe": -4.94,
            "roe_4q": -20.060000000000002,
            "gross_profit": 58355,
            "gross_margin": 15.47,
            "gross_margin_4q_avg": 14.24,
            "net_income": -53085,
            "revenue": 377183,
            "common_shares": 837708,
            "book_valuer_per_share": 11.96,
            "book_valuer_per_share_4q_avg": 12.86,
            "equity": 1047595,
            "current_ratio": 221.06,
            "debt_ratio": 35.95,
            "inventory_turnover_ratio": 1.93,
            "account_receivable_turnover_ratio": 0.74,
            "reinvestment_rate": null,
            "research_to_sale_ratio": 1.91,
            "price_fair": 0.24,
            "eps_avg_yearly": 0.08,
            "eps_latest_yearly": 0.08,
            "eps_growth_yearly": -346.67
        },
        "20163": {
            "year_quarter": 20163,
            "year": 2016,
            "quarter": 3,
            "eps": -0.25,
            "eps_growth_year": -725,
            "eps_4q": -2.45,
            "eps_4q_growth_year": null,
            "roe": -2.41,
            "roe_4q": -22.01,
            "gross_profit": 69635,
            "gross_margin": 16.18,
            "gross_margin_4q_avg": 16.74,
            "net_income": -24962,
            "revenue": 430463,
            "common_shares": 837708,
            "book_valuer_per_share": 11.7,
            "book_valuer_per_share_4q_avg": 12.24,
            "equity": 1021889,
            "current_ratio": 221.27,
            "debt_ratio": 36.07,
            "inventory_turnover_ratio": 2.6,
            "account_receivable_turnover_ratio": 0.78,
            "reinvestment_rate": null,
            "research_to_sale_ratio": 1.2,
            "price_fair": 0.24,
            "eps_avg_yearly": 0.08,
            "eps_latest_yearly": 0.08,
            "eps_growth_yearly": -346.67
        },
        "20164": {
            "year_quarter": 20164,
            "year": 2016,
            "quarter": 4,
            "eps": -0.73,
            "eps_growth_year": null,
            "eps_4q": -1.86,
            "eps_4q_growth_year": null,
            "roe": -8.31,
            "roe_4q": -19.02,
            "gross_profit": 48442,
            "gross_margin": 14.03,
            "gross_margin_4q_avg": 14.86,
            "net_income": -81485,
            "revenue": 345238,
            "common_shares": 837708,
            "book_valuer_per_share": 10.96,
            "book_valuer_per_share_4q_avg": 11.77,
            "equity": 939037,
            "current_ratio": 413.99,
            "debt_ratio": 21.96,
            "inventory_turnover_ratio": 2.72,
            "account_receivable_turnover_ratio": 0.65,
            "reinvestment_rate": null,
            "research_to_sale_ratio": 1.37,
            "price_fair": 0.24,
            "eps_avg_yearly": 0.08,
            "eps_latest_yearly": 0.08,
            "eps_growth_yearly": -346.67
        },
        "20171": {
            "year_quarter": 20171,
            "year": 2017,
            "quarter": 1,
            "eps": -0.74,
            "eps_growth_year": null,
            "eps_4q": -2.21,
            "eps_4q_growth_year": null,
            "roe": -7.39,
            "roe_4q": -23.05,
            "gross_profit": 50009,
            "gross_margin": 16.83,
            "gross_margin_4q_avg": 15.63,
            "net_income": -67330,
            "revenue": 297099,
            "common_shares": 837708,
            "book_valuer_per_share": 10.35,
            "book_valuer_per_share_4q_avg": 11.24,
            "equity": 882575,
            "current_ratio": 499.15,
            "debt_ratio": 17.66,
            "inventory_turnover_ratio": 2.56,
            "account_receivable_turnover_ratio": 0.69,
            "reinvestment_rate": null,
            "research_to_sale_ratio": 0.24,
            "price_fair": 0.24,
            "eps_avg_yearly": 0.08,
            "eps_latest_yearly": 0.08,
            "eps_growth_yearly": -346.67
        },
        "20172": {
            "year_quarter": 20172,
            "year": 2017,
            "quarter": 2,
            "eps": -0.05,
            "eps_growth_year": null,
            "eps_4q": -1.78,
            "eps_4q_growth_year": null,
            "roe": -0.43,
            "roe_4q": -18.54,
            "gross_profit": 37745,
            "gross_margin": 14.53,
            "gross_margin_4q_avg": 15.39,
            "net_income": -3752,
            "revenue": 259771,
            "common_shares": 837708,
            "book_valuer_per_share": 10.29,
            "book_valuer_per_share_4q_avg": 10.83,
            "equity": 878981,
            "current_ratio": 683.59,
            "debt_ratio": 12.46,
            "inventory_turnover_ratio": 2.92,
            "account_receivable_turnover_ratio": 0.74,
            "reinvestment_rate": null,
            "research_to_sale_ratio": 0,
            "price_fair": 0.24,
            "eps_avg_yearly": 0.08,
            "eps_latest_yearly": 0.08,
            "eps_growth_yearly": -346.67
        },
        "20173": {
            "year_quarter": 20173,
            "year": 2017,
            "quarter": 3,
            "eps": 0.15,
            "eps_growth_year": null,
            "eps_4q": -1.38,
            "eps_4q_growth_year": null,
            "roe": 1.41,
            "roe_4q": -14.72,
            "gross_profit": 46171,
            "gross_margin": 18.25,
            "gross_margin_4q_avg": 15.91,
            "net_income": 12506,
            "revenue": 252988,
            "common_shares": 837708,
            "book_valuer_per_share": 10.44,
            "book_valuer_per_share_4q_avg": 10.51,
            "equity": 891614,
            "current_ratio": 600.22,
            "debt_ratio": 14.1,
            "inventory_turnover_ratio": 3.68,
            "account_receivable_turnover_ratio": 0.83,
            "reinvestment_rate": null,
            "research_to_sale_ratio": 0,
            "price_fair": 0.24,
            "eps_avg_yearly": 0.08,
            "eps_latest_yearly": 0.08,
            "eps_growth_yearly": -346.67
        },
        "20174": {
            "year_quarter": 20174,
            "year": 2017,
            "quarter": 4,
            "eps": -0.05,
            "eps_growth_year": null,
            "eps_4q": -0.7,
            "eps_4q_growth_year": null,
            "roe": -0.42,
            "roe_4q": -6.83,
            "gross_profit": 35657,
            "gross_margin": 19.71,
            "gross_margin_4q_avg": 17.33,
            "net_income": -3701,
            "revenue": 180943,
            "common_shares": 837708,
            "book_valuer_per_share": 10.39,
            "book_valuer_per_share_4q_avg": 10.37,
            "equity": 887818,
            "current_ratio": 679.04,
            "debt_ratio": 11.78,
            "inventory_turnover_ratio": 2.85,
            "account_receivable_turnover_ratio": 0.66,
            "reinvestment_rate": null,
            "research_to_sale_ratio": 0,
            "price_fair": 0.24,
            "eps_avg_yearly": 0.08,
            "eps_latest_yearly": 0.08,
            "eps_growth_yearly": -346.67
        },
        "20181": {
            "year_quarter": 20181,
            "year": 2018,
            "quarter": 1,
            "eps": 0.67,
            "eps_growth_year": null,
            "eps_4q": 0.71,
            "eps_4q_growth_year": null,
            "roe": 6.2,
            "roe_4q": 6.760000000000001,
            "gross_profit": 14500,
            "gross_margin": 13.64,
            "gross_margin_4q_avg": 16.53,
            "net_income": 56217,
            "revenue": 106340,
            "common_shares": 837708,
            "book_valuer_per_share": 11.04,
            "book_valuer_per_share_4q_avg": 10.54,
            "equity": 925114,
            "current_ratio": 1620.62,
            "debt_ratio": 5.43,
            "inventory_turnover_ratio": 2.4,
            "account_receivable_turnover_ratio": 0.51,
            "reinvestment_rate": null,
            "research_to_sale_ratio": 0,
            "price_fair": 0.24,
            "eps_avg_yearly": 0.08,
            "eps_latest_yearly": 0.08,
            "eps_growth_yearly": -346.67
        },
        "20182": {
            "year_quarter": 20182,
            "year": 2018,
            "quarter": 2,
            "eps": -0.52,
            "eps_growth_year": null,
            "eps_4q": 0.25,
            "eps_4q_growth_year": null,
            "roe": -4.8,
            "roe_4q": 2.3900000000000006,
            "gross_profit": 5489,
            "gross_margin": 9.07,
            "gross_margin_4q_avg": 15.17,
            "net_income": -43335,
            "revenue": 60535,
            "common_shares": 837708,
            "book_valuer_per_share": 10.53,
            "book_valuer_per_share_4q_avg": 10.6,
            "equity": 881789,
            "current_ratio": 2530.82,
            "debt_ratio": 3.59,
            "inventory_turnover_ratio": 3.95,
            "account_receivable_turnover_ratio": 0.53,
            "reinvestment_rate": null,
            "research_to_sale_ratio": 0,
            "price_fair": 0.24,
            "eps_avg_yearly": 0.08,
            "eps_latest_yearly": 0.08,
            "eps_growth_yearly": -346.67
        },
        "20183": {
            "year_quarter": 20183,
            "year": 2018,
            "quarter": 3,
            "eps": -0.53,
            "eps_growth_year": -453.33,
            "eps_4q": -0.43,
            "eps_4q_growth_year": null,
            "roe": -5.17,
            "roe_4q": -4.189999999999999,
            "gross_profit": 2460,
            "gross_margin": 11.67,
            "gross_margin_4q_avg": 13.52,
            "net_income": -44397,
            "revenue": 21078,
            "common_shares": 837708,
            "book_valuer_per_share": 9.99,
            "book_valuer_per_share_4q_avg": 10.49,
            "equity": 837252,
            "current_ratio": 3265.69,
            "debt_ratio": 2.61,
            "inventory_turnover_ratio": null,
            "account_receivable_turnover_ratio": 0.48,
            "reinvestment_rate": null,
            "research_to_sale_ratio": 0,
            "price_fair": 0.24,
            "eps_avg_yearly": 0.08,
            "eps_latest_yearly": 0.08,
            "eps_growth_yearly": -346.67
        },
        "20184": {
            "year_quarter": 20184,
            "year": 2018,
            "quarter": 4,
            "eps": 0.05,
            "eps_growth_year": null,
            "eps_4q": -0.33,
            "eps_4q_growth_year": null,
            "roe": 0.46,
            "roe_4q": -3.3099999999999996,
            "gross_profit": 3873,
            "gross_margin": 7.6,
            "gross_margin_4q_avg": 10.5,
            "net_income": 3827,
            "revenue": 50977,
            "common_shares": 837708,
            "book_valuer_per_share": 10.04,
            "book_valuer_per_share_4q_avg": 10.4,
            "equity": 841234,
            "current_ratio": 2206.12,
            "debt_ratio": 3.88,
            "inventory_turnover_ratio": 100.22,
            "account_receivable_turnover_ratio": 2.41,
            "reinvestment_rate": null,
            "research_to_sale_ratio": 0,
            "price_fair": 0.24,
            "eps_avg_yearly": 0.08,
            "eps_latest_yearly": 0.08,
            "eps_growth_yearly": -346.67
        },
        "20191": {
            "year_quarter": 20191,
            "year": 2019,
            "quarter": 1,
            "eps": -0.07,
            "eps_growth_year": -110.45,
            "eps_4q": -1.07,
            "eps_4q_growth_year": -249.92,
            "roe": -0.7,
            "roe_4q": -10.21,
            "gross_profit": 2782,
            "gross_margin": 4.23,
            "gross_margin_4q_avg": 8.14,
            "net_income": -5884,
            "revenue": 65775,
            "common_shares": 837708,
            "book_valuer_per_share": 9.97,
            "book_valuer_per_share_4q_avg": 10.13,
            "equity": 835439,
            "current_ratio": 2519.8,
            "debt_ratio": 4.75,
            "inventory_turnover_ratio": 123.52,
            "account_receivable_turnover_ratio": 2.34,
            "reinvestment_rate": null,
            "research_to_sale_ratio": null,
            "price_fair": 0,
            "eps_avg_yearly": 0,
            "eps_latest_yearly": 0,
            "eps_growth_yearly": 0
        },
        "20192": {
            "year_quarter": 20192,
            "year": 2019,
            "quarter": 2,
            "eps": -0.09,
            "eps_growth_year": null,
            "eps_4q": -0.65,
            "eps_4q_growth_year": -357.96,
            "roe": -0.92,
            "roe_4q": -6.33,
            "gross_profit": 2130,
            "gross_margin": 3.34,
            "gross_margin_4q_avg": 6.71,
            "net_income": -7667,
            "revenue": 63711,
            "common_shares": 837708,
            "book_valuer_per_share": 9.88,
            "book_valuer_per_share_4q_avg": 9.97,
            "equity": 827733,
            "current_ratio": 4750.54,
            "debt_ratio": 3.65,
            "inventory_turnover_ratio": 655.12,
            "account_receivable_turnover_ratio": 2.18,
            "reinvestment_rate": null,
            "research_to_sale_ratio": null,
            "price_fair": 0,
            "eps_avg_yearly": 0,
            "eps_latest_yearly": 0,
            "eps_growth_yearly": 0
        },
        "20193": {
            "year_quarter": 20193,
            "year": 2019,
            "quarter": 3,
            "eps": -0.09,
            "eps_growth_year": null,
            "eps_4q": -0.2,
            "eps_4q_growth_year": null,
            "roe": -0.87,
            "roe_4q": -2.0300000000000002,
            "gross_profit": 34,
            "gross_margin": 0.1,
            "gross_margin_4q_avg": 3.82,
            "net_income": -7142,
            "revenue": 32931,
            "common_shares": 837708,
            "book_valuer_per_share": 9.79,
            "book_valuer_per_share_4q_avg": 9.92,
            "equity": 820504,
            "current_ratio": 776.3,
            "debt_ratio": 13.03,
            "inventory_turnover_ratio": 4.2,
            "account_receivable_turnover_ratio": 1.98,
            "reinvestment_rate": null,
            "research_to_sale_ratio": null,
            "price_fair": 0,
            "eps_avg_yearly": 0,
            "eps_latest_yearly": 0,
            "eps_growth_yearly": 0
        },
        "20194": {
            "year_quarter": 20194,
            "year": 2019,
            "quarter": 4,
            "eps": 0.1,
            "eps_growth_year": 124.88,
            "eps_4q": -0.14,
            "eps_4q_growth_year": null,
            "roe": 1.04,
            "roe_4q": -1.45,
            "gross_profit": 2349,
            "gross_margin": 2.54,
            "gross_margin_4q_avg": 2.55,
            "net_income": 8606,
            "revenue": 92302,
            "common_shares": 837708,
            "book_valuer_per_share": 9.89,
            "book_valuer_per_share_4q_avg": 9.88,
            "equity": 828324,
            "current_ratio": 15154.84,
            "debt_ratio": 2.02,
            "inventory_turnover_ratio": 7.76,
            "account_receivable_turnover_ratio": 16.37,
            "reinvestment_rate": null,
            "research_to_sale_ratio": null,
            "price_fair": 0,
            "eps_avg_yearly": 0,
            "eps_latest_yearly": 0,
            "eps_growth_yearly": 0
        },
        "20201": {
            "year_quarter": 20201,
            "year": 2020,
            "quarter": 1,
            "eps": 0,
            "eps_growth_year": null,
            "eps_4q": -0.07,
            "eps_4q_growth_year": null,
            "roe": 0.01,
            "roe_4q": -0.74,
            "gross_profit": 1424,
            "gross_margin": 7.43,
            "gross_margin_4q_avg": 3.35,
            "net_income": 45,
            "revenue": 19164,
            "common_shares": 837708,
            "book_valuer_per_share": 9.89,
            "book_valuer_per_share_4q_avg": 9.86,
            "equity": 828396,
            "current_ratio": 10236.98,
            "debt_ratio": 0.91,
            "inventory_turnover_ratio": 4.63,
            "account_receivable_turnover_ratio": 7.56,
            "reinvestment_rate": null,
            "research_to_sale_ratio": null,
            "price_fair": 0,
            "eps_avg_yearly": 0,
            "eps_latest_yearly": 0,
            "eps_growth_yearly": 0
        },
        "20202": {
            "year_quarter": 20202,
            "year": 2020,
            "quarter": 2,
            "eps": -0.1,
            "eps_growth_year": null,
            "eps_4q": -0.08,
            "eps_4q_growth_year": null,
            "roe": -1.03,
            "roe_4q": -0.85,
            "gross_profit": -573,
            "gross_margin": -2.1,
            "gross_margin_4q_avg": 1.99,
            "net_income": -9283,
            "revenue": 27344,
            "common_shares": 987708,
            "book_valuer_per_share": 9.81,
            "book_valuer_per_share_4q_avg": 9.85,
            "equity": 969049,
            "current_ratio": 19543.13,
            "debt_ratio": 0.48,
            "inventory_turnover_ratio": 979.54,
            "account_receivable_turnover_ratio": 11.19,
            "reinvestment_rate": null,
            "research_to_sale_ratio": null,
            "price_fair": 0,
            "eps_avg_yearly": 0,
            "eps_latest_yearly": 0,
            "eps_growth_yearly": 0
        },
        "20203": {
            "year_quarter": 20203,
            "year": 2020,
            "quarter": 3,
            "eps": -0.06,
            "eps_growth_year": null,
            "eps_4q": -0.07,
            "eps_4q_growth_year": null,
            "roe": -0.66,
            "roe_4q": -0.6399999999999999,
            "gross_profit": -97,
            "gross_margin": -0.55,
            "gross_margin_4q_avg": 1.83,
            "net_income": -6368,
            "revenue": 17756,
            "common_shares": 987708,
            "book_valuer_per_share": 9.77,
            "book_valuer_per_share_4q_avg": 9.84,
            "equity": 964824,
            "current_ratio": 13736.99,
            "debt_ratio": 0.59,
            "inventory_turnover_ratio": 1082,
            "account_receivable_turnover_ratio": 17.01,
            "reinvestment_rate": null,
            "research_to_sale_ratio": null,
            "price_fair": 0,
            "eps_avg_yearly": 0,
            "eps_latest_yearly": 0,
            "eps_growth_yearly": 0
        },
        "20204": {
            "year_quarter": 20204,
            "year": 2020,
            "quarter": 4,
            "eps": -0.13,
            "eps_growth_year": -226.23,
            "eps_4q": -0.29,
            "eps_4q_growth_year": null,
            "roe": -1.34,
            "roe_4q": -3.0200000000000005,
            "gross_profit": -316,
            "gross_margin": -3.89,
            "gross_margin_4q_avg": 0.22,
            "net_income": -12809,
            "revenue": 8132,
            "common_shares": 987708,
            "book_valuer_per_share": 9.64,
            "book_valuer_per_share_4q_avg": 9.78,
            "equity": 952015,
            "current_ratio": 19858.49,
            "debt_ratio": 0.38,
            "inventory_turnover_ratio": 1689.6,
            "account_receivable_turnover_ratio": 20.77,
            "reinvestment_rate": null,
            "research_to_sale_ratio": null,
            "price_fair": 0,
            "eps_avg_yearly": 0,
            "eps_latest_yearly": 0,
            "eps_growth_yearly": 0
        },
        "20211": {
            "year_quarter": 20211,
            "year": 2021,
            "quarter": 1,
            "eps": -0.3,
            "eps_growth_year": null,
            "eps_4q": -0.59,
            "eps_4q_growth_year": null,
            "roe": -3.2,
            "roe_4q": -6.23,
            "gross_profit": -265,
            "gross_margin": -18.33,
            "gross_margin_4q_avg": -6.22,
            "net_income": -30001,
            "revenue": 1446,
            "common_shares": 987708,
            "book_valuer_per_share": 9.33,
            "book_valuer_per_share_4q_avg": 9.64,
            "equity": 922014,
            "current_ratio": 11582.72,
            "debt_ratio": 0.65,
            "inventory_turnover_ratio": 3422,
            "account_receivable_turnover_ratio": null,
            "reinvestment_rate": null,
            "research_to_sale_ratio": null,
            "price_fair": 0,
            "eps_avg_yearly": 0,
            "eps_latest_yearly": 0,
            "eps_growth_yearly": 0
        },
        "20212": {
            "year_quarter": 20212,
            "year": 2021,
            "quarter": 2,
            "eps": -0.08,
            "eps_growth_year": null,
            "eps_4q": -0.58,
            "eps_4q_growth_year": null,
            "roe": -0.86,
            "roe_4q": -6.0600000000000005,
            "gross_profit": 2212,
            "gross_margin": 4.85,
            "gross_margin_4q_avg": -4.48,
            "net_income": -7913,
            "revenue": 45643,
            "common_shares": 987708,
            "book_valuer_per_share": 9.25,
            "book_valuer_per_share_4q_avg": 9.5,
            "equity": 914101,
            "current_ratio": 8418.89,
            "debt_ratio": 0.92,
            "inventory_turnover_ratio": null,
            "account_receivable_turnover_ratio": 10.62,
            "reinvestment_rate": null,
            "research_to_sale_ratio": null,
            "price_fair": 0,
            "eps_avg_yearly": 0,
            "eps_latest_yearly": 0,
            "eps_growth_yearly": 0
        },
        "20213": {
            "year_quarter": 20213,
            "year": 2021,
            "quarter": 3,
            "eps": -0.19,
            "eps_growth_year": null,
            "eps_4q": -0.7,
            "eps_4q_growth_year": null,
            "roe": -2.04,
            "roe_4q": -7.4399999999999995,
            "gross_profit": 1643,
            "gross_margin": 7.24,
            "gross_margin_4q_avg": -2.53,
            "net_income": -18466,
            "revenue": 22699,
            "common_shares": 987708,
            "book_valuer_per_share": 9.07,
            "book_valuer_per_share_4q_avg": 9.32,
            "equity": 895635,
            "current_ratio": 7175.28,
            "debt_ratio": 1.13,
            "inventory_turnover_ratio": null,
            "account_receivable_turnover_ratio": 5.28,
            "reinvestment_rate": null,
            "research_to_sale_ratio": null,
            "price_fair": 0,
            "eps_avg_yearly": 0,
            "eps_latest_yearly": 0,
            "eps_growth_yearly": 0
        },
        "20214": {
            "year_quarter": 20214,
            "year": 2021,
            "quarter": 4,
            "eps": 0.83,
            "eps_growth_year": null,
            "eps_4q": 0.36,
            "eps_4q_growth_year": null,
            "roe": 9.52,
            "roe_4q": 3.419999999999999,
            "gross_profit": 4,
            "gross_margin": 0.19,
            "gross_margin_4q_avg": -1.51,
            "net_income": 98681,
            "revenue": 2087,
            "common_shares": 1187708,
            "book_valuer_per_share": 9.92,
            "book_valuer_per_share_4q_avg": 9.39,
            "equity": 1177716,
            "current_ratio": 6446.88,
            "debt_ratio": 1.28,
            "inventory_turnover_ratio": 0.03,
            "account_receivable_turnover_ratio": 2,
            "reinvestment_rate": null,
            "research_to_sale_ratio": null,
            "price_fair": 0,
            "eps_avg_yearly": 0,
            "eps_latest_yearly": 0,
            "eps_growth_yearly": 0
        },
        "20221": {
            "year_quarter": 20221,
            "year": 2022,
            "quarter": 1,
            "eps": -0.15,
            "eps_growth_year": null,
            "eps_4q": 0.46,
            "eps_4q_growth_year": null,
            "roe": -1.48,
            "roe_4q": 5.139999999999999,
            "gross_profit": 4,
            "gross_margin": 0.23,
            "gross_margin_4q_avg": 3.13,
            "net_income": -17284,
            "revenue": 1777,
            "common_shares": 1187708,
            "book_valuer_per_share": 9.77,
            "book_valuer_per_share_4q_avg": 9.5,
            "equity": 1160432,
            "current_ratio": 14498.52,
            "debt_ratio": 0.61,
            "inventory_turnover_ratio": 0.01,
            "account_receivable_turnover_ratio": 0.92,
            "reinvestment_rate": null,
            "research_to_sale_ratio": null,
            "price_fair": 0,
            "eps_avg_yearly": 0,
            "eps_latest_yearly": 0,
            "eps_growth_yearly": 0
        },
        "20222": {
            "year_quarter": 20222,
            "year": 2022,
            "quarter": 2,
            "eps": -0.52,
            "eps_growth_year": null,
            "eps_4q": 0.01,
            "eps_4q_growth_year": null,
            "roe": -5.42,
            "roe_4q": 0.5799999999999992,
            "gross_profit": 4,
            "gross_margin": 0.21,
            "gross_margin_4q_avg": 1.97,
            "net_income": -61211,
            "revenue": 1940,
            "common_shares": 1187708,
            "book_valuer_per_share": 9.25,
            "book_valuer_per_share_4q_avg": 9.5,
            "equity": 1099221,
            "current_ratio": 375.55,
            "debt_ratio": 22.1,
            "inventory_turnover_ratio": 0.01,
            "account_receivable_turnover_ratio": 1.04,
            "reinvestment_rate": null,
            "research_to_sale_ratio": null,
            "price_fair": 0,
            "eps_avg_yearly": 0,
            "eps_latest_yearly": 0,
            "eps_growth_yearly": 0
        },
        "20223": {
            "year_quarter": 20223,
            "year": 2022,
            "quarter": 3,
            "eps": -0.42,
            "eps_growth_year": null,
            "eps_4q": -0.25,
            "eps_4q_growth_year": null,
            "roe": -4.66,
            "roe_4q": -2.040000000000001,
            "gross_profit": 6,
            "gross_margin": 0.24,
            "gross_margin_4q_avg": 0.22,
            "net_income": -50030,
            "revenue": 2478,
            "common_shares": 1187708,
            "book_valuer_per_share": 8.83,
            "book_valuer_per_share_4q_avg": 9.44,
            "equity": 1049191,
            "current_ratio": 251.16,
            "debt_ratio": 34.67,
            "inventory_turnover_ratio": 0.01,
            "account_receivable_turnover_ratio": 1.12,
            "reinvestment_rate": null,
            "research_to_sale_ratio": null,
            "price_fair": 0,
            "eps_avg_yearly": 0,
            "eps_latest_yearly": 0,
            "eps_growth_yearly": 0
        },
        "20224": {
            "year_quarter": 20224,
            "year": 2022,
            "quarter": 4,
            "eps": -0.38,
            "eps_growth_year": -145.47,
            "eps_4q": -1.46,
            "eps_4q_growth_year": -509.91,
            "roe": -4.36,
            "roe_4q": -15.92,
            "gross_profit": 7,
            "gross_margin": 0.26,
            "gross_margin_4q_avg": 0.24,
            "net_income": -44871,
            "revenue": 2727,
            "common_shares": 1187708,
            "book_valuer_per_share": 8.46,
            "book_valuer_per_share_4q_avg": 9.08,
            "equity": 1009530,
            "current_ratio": 201.52,
            "debt_ratio": 44,
            "inventory_turnover_ratio": 0,
            "account_receivable_turnover_ratio": 1.05,
            "reinvestment_rate": null,
            "research_to_sale_ratio": null,
            "price_fair": 0,
            "eps_avg_yearly": 0,
            "eps_latest_yearly": 0,
            "eps_growth_yearly": 0
        },
        "20231": {
            "year_quarter": 20231,
            "year": 2023,
            "quarter": 1,
            "eps": 0.1,
            "eps_growth_year": null,
            "eps_4q": -1.21,
            "eps_4q_growth_year": -361.29,
            "roe": 1.15,
            "roe_4q": -13.290000000000001,
            "gross_profit": 3,
            "gross_margin": 0.28,
            "gross_margin_4q_avg": 0.25,
            "net_income": 11679,
            "revenue": 1079,
            "common_shares": 1187708,
            "book_valuer_per_share": 8.56,
            "book_valuer_per_share_4q_avg": 8.78,
            "equity": 1022226,
            "current_ratio": 384.9,
            "debt_ratio": 21.49,
            "inventory_turnover_ratio": 0,
            "account_receivable_turnover_ratio": 0.57,
            "reinvestment_rate": null,
            "research_to_sale_ratio": null,
            "price_fair": 0,
            "eps_avg_yearly": 0,
            "eps_latest_yearly": 0,
            "eps_growth_yearly": 0
        }
    },
    "months": {
        "2004-05": {
            "month": "2004-05",
            "price": "87.52",
            "revenue": 139288
        },
        "2004-06": {
            "month": "2004-06",
            "price": "82.60",
            "revenue": 132110
        },
        "2004-07": {
            "month": "2004-07",
            "price": "75.12",
            "revenue": 167319
        },
        "2004-08": {
            "month": "2004-08",
            "price": "70.18",
            "revenue": 176210
        },
        "2004-09": {
            "month": "2004-09",
            "price": "66.10",
            "revenue": 216272
        },
        "2004-10": {
            "month": "2004-10",
            "price": "35.15",
            "revenue": 220978
        },
        "2004-11": {
            "month": "2004-11",
            "price": "32.79",
            "revenue": 198051
        },
        "2004-12": {
            "month": "2004-12",
            "price": "34.38",
            "revenue": 156423
        },
        "2005-01": {
            "month": "2005-01",
            "price": "36.17",
            "revenue": 227246
        },
        "2005-02": {
            "month": "2005-02",
            "price": "38.68",
            "revenue": 144353
        },
        "2005-03": {
            "month": "2005-03",
            "price": "40.24",
            "revenue": 233470
        },
        "2005-04": {
            "month": "2005-04",
            "price": "43.26",
            "revenue": 245574
        },
        "2005-05": {
            "month": "2005-05",
            "price": "42.87",
            "revenue": 215699
        },
        "2005-06": {
            "month": "2005-06",
            "price": "43.69",
            "revenue": 211952
        },
        "2005-07": {
            "month": "2005-07",
            "price": "47.94",
            "revenue": 250500
        },
        "2005-08": {
            "month": "2005-08",
            "price": "64.42",
            "revenue": 255423
        },
        "2005-09": {
            "month": "2005-09",
            "price": "66.23",
            "revenue": 276579
        },
        "2005-10": {
            "month": "2005-10",
            "price": "76.95",
            "revenue": 274676
        },
        "2005-11": {
            "month": "2005-11",
            "price": "78.26",
            "revenue": 273594
        },
        "2005-12": {
            "month": "2005-12",
            "price": "84.50",
            "revenue": 239865
        },
        "2006-01": {
            "month": "2006-01",
            "price": "128.73",
            "revenue": 239148
        },
        "2006-02": {
            "month": "2006-02",
            "price": "154.77",
            "revenue": 177606
        },
        "2006-03": {
            "month": "2006-03",
            "price": "157.08",
            "revenue": 284520
        },
        "2006-04": {
            "month": "2006-04",
            "price": "157.12",
            "revenue": 237133
        },
        "2006-05": {
            "month": "2006-05",
            "price": "141.25",
            "revenue": 214586
        },
        "2006-06": {
            "month": "2006-06",
            "price": "117.35",
            "revenue": 217873
        },
        "2006-07": {
            "month": "2006-07",
            "price": "95.91",
            "revenue": 274573
        },
        "2006-08": {
            "month": "2006-08",
            "price": "95.57",
            "revenue": 287505
        },
        "2006-09": {
            "month": "2006-09",
            "price": "93.47",
            "revenue": 314395
        },
        "2006-10": {
            "month": "2006-10",
            "price": "86.61",
            "revenue": 253717
        },
        "2006-11": {
            "month": "2006-11",
            "price": "76.77",
            "revenue": 276822
        },
        "2006-12": {
            "month": "2006-12",
            "price": "92.59",
            "revenue": 232735
        },
        "2007-01": {
            "month": "2007-01",
            "price": "109.18",
            "revenue": 321996
        },
        "2007-02": {
            "month": "2007-02",
            "price": "110.21",
            "revenue": 194600
        },
        "2007-03": {
            "month": "2007-03",
            "price": "123.33",
            "revenue": 272967
        },
        "2007-04": {
            "month": "2007-04",
            "price": "115.18",
            "revenue": 272637
        },
        "2007-05": {
            "month": "2007-05",
            "price": "105.91",
            "revenue": 230919
        },
        "2007-06": {
            "month": "2007-06",
            "price": "118.70",
            "revenue": 215465
        },
        "2007-07": {
            "month": "2007-07",
            "price": "121.48",
            "revenue": 300157
        },
        "2007-08": {
            "month": "2007-08",
            "price": "101.95",
            "revenue": 332137
        },
        "2007-09": {
            "month": "2007-09",
            "price": "83.98",
            "revenue": 341606
        },
        "2007-10": {
            "month": "2007-10",
            "price": "82.96",
            "revenue": 287290
        },
        "2007-11": {
            "month": "2007-11",
            "price": "50.58",
            "revenue": 230057
        },
        "2007-12": {
            "month": "2007-12",
            "price": "43.17",
            "revenue": 179010
        },
        "2008-01": {
            "month": "2008-01",
            "price": "34.24",
            "revenue": 242993
        },
        "2008-02": {
            "month": "2008-02",
            "price": "29.17",
            "revenue": 174916
        },
        "2008-03": {
            "month": "2008-03",
            "price": "32.62",
            "revenue": 238780
        },
        "2008-04": {
            "month": "2008-04",
            "price": "32.60",
            "revenue": 230585
        },
        "2008-05": {
            "month": "2008-05",
            "price": "27.18",
            "revenue": 198149
        },
        "2008-06": {
            "month": "2008-06",
            "price": "20.79",
            "revenue": 228369
        },
        "2008-07": {
            "month": "2008-07",
            "price": "13.93",
            "revenue": 227474
        },
        "2008-08": {
            "month": "2008-08",
            "price": "10.64",
            "revenue": 246774
        },
        "2008-09": {
            "month": "2008-09",
            "price": "9.34",
            "revenue": 239551
        },
        "2008-10": {
            "month": "2008-10",
            "price": "8.41",
            "revenue": 223225
        },
        "2008-11": {
            "month": "2008-11",
            "price": "7.48",
            "revenue": 154445
        },
        "2008-12": {
            "month": "2008-12",
            "price": "7.07",
            "revenue": 102413
        },
        "2009-01": {
            "month": "2009-01",
            "price": "6.87",
            "revenue": 98538
        },
        "2009-02": {
            "month": "2009-02",
            "price": "7.51",
            "revenue": 124771
        },
        "2009-03": {
            "month": "2009-03",
            "price": "9.39",
            "revenue": 185240
        },
        "2009-04": {
            "month": "2009-04",
            "price": "13.21",
            "revenue": 155793
        },
        "2009-05": {
            "month": "2009-05",
            "price": "11.45",
            "revenue": 140851
        },
        "2009-06": {
            "month": "2009-06",
            "price": "10.03",
            "revenue": 148223
        },
        "2009-07": {
            "month": "2009-07",
            "price": "10.95",
            "revenue": 190146
        },
        "2009-08": {
            "month": "2009-08",
            "price": "11.87",
            "revenue": 200558
        },
        "2009-09": {
            "month": "2009-09",
            "price": "13.22",
            "revenue": 253490
        },
        "2009-10": {
            "month": "2009-10",
            "price": "15.19",
            "revenue": 206433
        },
        "2009-11": {
            "month": "2009-11",
            "price": "13.81",
            "revenue": 190075
        },
        "2009-12": {
            "month": "2009-12",
            "price": "16.07",
            "revenue": 186060
        },
        "2010-01": {
            "month": "2010-01",
            "price": "15.76",
            "revenue": 255217
        },
        "2010-02": {
            "month": "2010-02",
            "price": "13.41",
            "revenue": 155411
        },
        "2010-03": {
            "month": "2010-03",
            "price": "15.35",
            "revenue": 257352
        },
        "2010-04": {
            "month": "2010-04",
            "price": "18.56",
            "revenue": 240068
        },
        "2010-05": {
            "month": "2010-05",
            "price": "18.53",
            "revenue": 268904
        },
        "2010-06": {
            "month": "2010-06",
            "price": "18.06",
            "revenue": 238125
        },
        "2010-07": {
            "month": "2010-07",
            "price": "19.56",
            "revenue": 202679
        },
        "2010-08": {
            "month": "2010-08",
            "price": "19.19",
            "revenue": 203131
        },
        "2010-09": {
            "month": "2010-09",
            "price": "19.90",
            "revenue": 255238
        },
        "2010-10": {
            "month": "2010-10",
            "price": "20.56",
            "revenue": 174942
        },
        "2010-11": {
            "month": "2010-11",
            "price": "24.59",
            "revenue": 187943
        },
        "2010-12": {
            "month": "2010-12",
            "price": "24.19",
            "revenue": 192549
        },
        "2011-01": {
            "month": "2011-01",
            "price": "23.09",
            "revenue": 255643
        },
        "2011-02": {
            "month": "2011-02",
            "price": "22.03",
            "revenue": 159257
        },
        "2011-03": {
            "month": "2011-03",
            "price": "21.06",
            "revenue": 302415
        },
        "2011-04": {
            "month": "2011-04",
            "price": "18.96",
            "revenue": 271661
        },
        "2011-05": {
            "month": "2011-05",
            "price": "17.69",
            "revenue": 259573
        },
        "2011-06": {
            "month": "2011-06",
            "price": "17.61",
            "revenue": 186903
        },
        "2011-07": {
            "month": "2011-07",
            "price": "15.14",
            "revenue": 232137
        },
        "2011-08": {
            "month": "2011-08",
            "price": "12.52",
            "revenue": 220438
        },
        "2011-09": {
            "month": "2011-09",
            "price": "12.06",
            "revenue": 240365
        },
        "2011-10": {
            "month": "2011-10",
            "price": "11.70",
            "revenue": 204752
        },
        "2011-11": {
            "month": "2011-11",
            "price": "12.02",
            "revenue": 220921
        },
        "2011-12": {
            "month": "2011-12",
            "price": "10.53",
            "revenue": 167413
        },
        "2012-01": {
            "month": "2012-01",
            "price": "11.15",
            "revenue": 175179
        },
        "2012-02": {
            "month": "2012-02",
            "price": "14.06",
            "revenue": 174353
        },
        "2012-03": {
            "month": "2012-03",
            "price": "14.10",
            "revenue": 224783
        },
        "2012-04": {
            "month": "2012-04",
            "price": "12.41",
            "revenue": 215245
        },
        "2012-05": {
            "month": "2012-05",
            "price": "13.21",
            "revenue": 232232
        },
        "2012-06": {
            "month": "2012-06",
            "price": "12.88",
            "revenue": 142649
        },
        "2012-07": {
            "month": "2012-07",
            "price": "12.49",
            "revenue": 204855
        },
        "2012-08": {
            "month": "2012-08",
            "price": "12.72",
            "revenue": 207111
        },
        "2012-09": {
            "month": "2012-09",
            "price": "11.66",
            "revenue": 240028
        },
        "2012-10": {
            "month": "2012-10",
            "price": "11.04",
            "revenue": 167925
        },
        "2012-11": {
            "month": "2012-11",
            "price": "9.28",
            "revenue": 179842
        },
        "2012-12": {
            "month": "2012-12",
            "price": "9.08",
            "revenue": 178652
        },
        "2013-01": {
            "month": "2013-01",
            "price": "9.68",
            "revenue": 218670
        },
        "2013-02": {
            "month": "2013-02",
            "price": "9.47",
            "revenue": 130768
        },
        "2013-03": {
            "month": "2013-03",
            "price": "11.10",
            "revenue": 177735
        },
        "2013-04": {
            "month": "2013-04",
            "price": "10.25",
            "revenue": 162351
        },
        "2013-05": {
            "month": "2013-05",
            "price": "10.39",
            "revenue": 186284
        },
        "2013-06": {
            "month": "2013-06",
            "price": "10.96",
            "revenue": 163668
        },
        "2013-07": {
            "month": "2013-07",
            "price": "10.50",
            "revenue": 180120
        },
        "2013-08": {
            "month": "2013-08",
            "price": "11.11",
            "revenue": 189292
        },
        "2013-09": {
            "month": "2013-09",
            "price": "11.72",
            "revenue": 242675
        },
        "2013-10": {
            "month": "2013-10",
            "price": "12.92",
            "revenue": 157412
        },
        "2013-11": {
            "month": "2013-11",
            "price": "11.58",
            "revenue": 159837
        },
        "2013-12": {
            "month": "2013-12",
            "price": "13.09",
            "revenue": 178551
        },
        "2014-01": {
            "month": "2014-01",
            "price": "12.51",
            "revenue": 168277
        },
        "2014-02": {
            "month": "2014-02",
            "price": "12.76",
            "revenue": 102102
        },
        "2014-03": {
            "month": "2014-03",
            "price": "12.88",
            "revenue": 148558
        },
        "2014-04": {
            "month": "2014-04",
            "price": "12.02",
            "revenue": 151776
        },
        "2014-05": {
            "month": "2014-05",
            "price": "10.63",
            "revenue": 194838
        },
        "2014-06": {
            "month": "2014-06",
            "price": "11.16",
            "revenue": 151881
        },
        "2014-07": {
            "month": "2014-07",
            "price": "11.48",
            "revenue": 162041
        },
        "2014-08": {
            "month": "2014-08",
            "price": "10.25",
            "revenue": 175431
        },
        "2014-09": {
            "month": "2014-09",
            "price": "9.56",
            "revenue": 184699
        },
        "2014-10": {
            "month": "2014-10",
            "price": "8.83",
            "revenue": 176868
        },
        "2014-11": {
            "month": "2014-11",
            "price": "8.61",
            "revenue": 202856
        },
        "2014-12": {
            "month": "2014-12",
            "price": "9.21",
            "revenue": 175256
        },
        "2015-01": {
            "month": "2015-01",
            "price": "9.43",
            "revenue": 173829
        },
        "2015-02": {
            "month": "2015-02",
            "price": "10.44",
            "revenue": 129122
        },
        "2015-03": {
            "month": "2015-03",
            "price": "10.38",
            "revenue": 137316
        },
        "2015-04": {
            "month": "2015-04",
            "price": "10.13",
            "revenue": 137452
        },
        "2015-05": {
            "month": "2015-05",
            "price": "9.51",
            "revenue": 133301
        },
        "2015-06": {
            "month": "2015-06",
            "price": "7.67",
            "revenue": 121016
        },
        "2015-07": {
            "month": "2015-07",
            "price": "7.03",
            "revenue": 132844
        },
        "2015-08": {
            "month": "2015-08",
            "price": "6.12",
            "revenue": 160577
        },
        "2015-09": {
            "month": "2015-09",
            "price": "6.84",
            "revenue": 164192
        },
        "2015-10": {
            "month": "2015-10",
            "price": "8.07",
            "revenue": 125231
        },
        "2015-11": {
            "month": "2015-11",
            "price": "7.86",
            "revenue": 129355
        },
        "2015-12": {
            "month": "2015-12",
            "price": "7.33",
            "revenue": 144731
        },
        "2016-01": {
            "month": "2016-01",
            "price": "6.43",
            "revenue": 123010
        },
        "2016-02": {
            "month": "2016-02",
            "price": "6.27",
            "revenue": 112220
        },
        "2016-03": {
            "month": "2016-03",
            "price": "6.58",
            "revenue": 141720
        },
        "2016-04": {
            "month": "2016-04",
            "price": "5.98",
            "revenue": 108780
        },
        "2016-05": {
            "month": "2016-05",
            "price": "6.22",
            "revenue": 134229
        },
        "2016-06": {
            "month": "2016-06",
            "price": "6.26",
            "revenue": 134174
        },
        "2016-07": {
            "month": "2016-07",
            "price": "7.02",
            "revenue": 121867
        },
        "2016-08": {
            "month": "2016-08",
            "price": "13.03",
            "revenue": 161640
        },
        "2016-09": {
            "month": "2016-09",
            "price": "16.06",
            "revenue": 146956
        },
        "2016-10": {
            "month": "2016-10",
            "price": "15.88",
            "revenue": 113001
        },
        "2016-11": {
            "month": "2016-11",
            "price": "17.82",
            "revenue": 117052
        },
        "2016-12": {
            "month": "2016-12",
            "price": "23.03",
            "revenue": 127881
        },
        "2017-01": {
            "month": "2017-01",
            "price": "25.35",
            "revenue": 105481
        },
        "2017-02": {
            "month": "2017-02",
            "price": "32.32",
            "revenue": 85067
        },
        "2017-03": {
            "month": "2017-03",
            "price": "37.11",
            "revenue": 106551
        },
        "2017-04": {
            "month": "2017-04",
            "price": "33.06",
            "revenue": 99709
        },
        "2017-05": {
            "month": "2017-05",
            "price": "32.57",
            "revenue": 87791
        },
        "2017-06": {
            "month": "2017-06",
            "price": "31.40",
            "revenue": 72271
        },
        "2017-07": {
            "month": "2017-07",
            "price": "32.33",
            "revenue": 96172
        },
        "2017-08": {
            "month": "2017-08",
            "price": "33.04",
            "revenue": 81283
        },
        "2017-09": {
            "month": "2017-09",
            "price": "35.14",
            "revenue": 75533
        },
        "2017-10": {
            "month": "2017-10",
            "price": "35.96",
            "revenue": 60998
        },
        "2017-11": {
            "month": "2017-11",
            "price": "41.24",
            "revenue": 66793
        },
        "2017-12": {
            "month": "2017-12",
            "price": "38.37",
            "revenue": 53152
        },
        "2018-01": {
            "month": "2018-01",
            "price": "39.78",
            "revenue": 57056
        },
        "2018-02": {
            "month": "2018-02",
            "price": "37.16",
            "revenue": 23044
        },
        "2018-03": {
            "month": "2018-03",
            "price": "37.89",
            "revenue": 26240
        },
        "2018-04": {
            "month": "2018-04",
            "price": "39.65",
            "revenue": 20491
        },
        "2018-05": {
            "month": "2018-05",
            "price": "45.07",
            "revenue": 28789
        },
        "2018-06": {
            "month": "2018-06",
            "price": "46.00",
            "revenue": 11255
        },
        "2018-07": {
            "month": "2018-07",
            "price": "37.48",
            "revenue": 311
        },
        "2018-08": {
            "month": "2018-08",
            "price": "27.78",
            "revenue": 5333
        },
        "2018-09": {
            "month": "2018-09",
            "price": "26.60",
            "revenue": 15434
        },
        "2018-10": {
            "month": "2018-10",
            "price": "23.21",
            "revenue": 12138
        },
        "2018-11": {
            "month": "2018-11",
            "price": "18.58",
            "revenue": 5951
        },
        "2018-12": {
            "month": "2018-12",
            "price": "16.43",
            "revenue": 32888
        },
        "2019-01": {
            "month": "2019-01",
            "price": "25.14",
            "revenue": 16017
        },
        "2019-02": {
            "month": "2019-02",
            "price": "22.08",
            "revenue": 19437
        },
        "2019-03": {
            "month": "2019-03",
            "price": "22.30",
            "revenue": 30321
        },
        "2019-04": {
            "month": "2019-04",
            "price": "23.42",
            "revenue": 18825
        },
        "2019-05": {
            "month": "2019-05",
            "price": "19.57",
            "revenue": 12530
        },
        "2019-06": {
            "month": "2019-06",
            "price": "19.22",
            "revenue": 32356
        },
        "2019-07": {
            "month": "2019-07",
            "price": "18.99",
            "revenue": 11905
        },
        "2019-08": {
            "month": "2019-08",
            "price": "19.76",
            "revenue": 11158
        },
        "2019-09": {
            "month": "2019-09",
            "price": "18.08",
            "revenue": 9868
        },
        "2019-10": {
            "month": "2019-10",
            "price": "16.48",
            "revenue": 29353
        },
        "2019-11": {
            "month": "2019-11",
            "price": "15.00",
            "revenue": 41785
        },
        "2019-12": {
            "month": "2019-12",
            "price": "17.47",
            "revenue": 21164
        },
        "2020-01": {
            "month": "2020-01",
            "price": "16.54",
            "revenue": 7426
        },
        "2020-02": {
            "month": "2020-02",
            "price": "15.48",
            "revenue": 81
        },
        "2020-03": {
            "month": "2020-03",
            "price": "12.09",
            "revenue": 11657
        },
        "2020-04": {
            "month": "2020-04",
            "price": "13.16",
            "revenue": 16651
        },
        "2020-05": {
            "month": "2020-05",
            "price": "14.10",
            "revenue": 15
        },
        "2020-06": {
            "month": "2020-06",
            "price": "14.96",
            "revenue": 10678
        },
        "2020-07": {
            "month": "2020-07",
            "price": "14.27",
            "revenue": 5034
        },
        "2020-08": {
            "month": "2020-08",
            "price": "13.16",
            "revenue": 8647
        },
        "2020-09": {
            "month": "2020-09",
            "price": "12.10",
            "revenue": 4075
        },
        "2020-10": {
            "month": "2020-10",
            "price": "12.45",
            "revenue": 6353
        },
        "2020-11": {
            "month": "2020-11",
            "price": "12.17",
            "revenue": 1732
        },
        "2020-12": {
            "month": "2020-12",
            "price": "12.22",
            "revenue": 47
        },
        "2021-01": {
            "month": "2021-01",
            "price": "11.32",
            "revenue": 834
        },
        "2021-02": {
            "month": "2021-02",
            "price": "10.97",
            "revenue": 611
        },
        "2021-03": {
            "month": "2021-03",
            "price": "11.80",
            "revenue": 1
        },
        "2021-04": {
            "month": "2021-04",
            "price": "12.42",
            "revenue": 4054
        },
        "2021-05": {
            "month": "2021-05",
            "price": "11.94",
            "revenue": 17285
        },
        "2021-06": {
            "month": "2021-06",
            "price": "11.80",
            "revenue": 24304
        },
        "2021-07": {
            "month": "2021-07",
            "price": "11.93",
            "revenue": 3520
        },
        "2021-08": {
            "month": "2021-08",
            "price": "11.30",
            "revenue": 15256
        },
        "2021-09": {
            "month": "2021-09",
            "price": "11.35",
            "revenue": 3923
        },
        "2021-10": {
            "month": "2021-10",
            "price": "11.26",
            "revenue": 716
        },
        "2021-11": {
            "month": "2021-11",
            "price": "11.49",
            "revenue": 744
        },
        "2021-12": {
            "month": "2021-12",
            "price": "11.70",
            "revenue": 627
        },
        "2022-01": {
            "month": "2022-01",
            "price": "11.51",
            "revenue": 698
        },
        "2022-02": {
            "month": "2022-02",
            "price": "11.37",
            "revenue": 415
        },
        "2022-03": {
            "month": "2022-03",
            "price": "11.49",
            "revenue": 664
        },
        "2022-04": {
            "month": "2022-04",
            "price": "12.42",
            "revenue": 584
        },
        "2022-05": {
            "month": "2022-05",
            "price": "13.20",
            "revenue": 769
        },
        "2022-06": {
            "month": "2022-06",
            "price": "12.05",
            "revenue": 587
        },
        "2022-07": {
            "month": "2022-07",
            "price": "10.63",
            "revenue": 851
        },
        "2022-08": {
            "month": "2022-08",
            "price": "11.16",
            "revenue": 889
        },
        "2022-09": {
            "month": "2022-09",
            "price": "10.90",
            "revenue": 738
        },
        "2022-10": {
            "month": "2022-10",
            "price": "9.93",
            "revenue": 671
        },
        "2022-11": {
            "month": "2022-11",
            "price": "9.79",
            "revenue": 1123
        },
        "2022-12": {
            "month": "2022-12",
            "price": "9.93",
            "revenue": 933
        },
        "2023-01": {
            "month": "2023-01",
            "price": "9.95",
            "revenue": 10
        },
        "2023-02": {
            "month": "2023-02",
            "price": "10.42",
            "revenue": 0
        },
        "2023-03": {
            "month": "2023-03",
            "price": "10.40",
            "revenue": 1069
        },
        "2023-04": {
            "month": "2023-04",
            "price": "10.24",
            "revenue": 3
        }
    }
}
