{
    "summary": {
        "stock_name": "宣昶",
        "stock_id": "3315",
        "category": "電子通路",
        "main_business": "一般進出口貿易業務<BR>電話機及通信設備製造加工買賣業務<BR>電子零件買賣業務",
        "website_url": "",
        "ceo": "劉憲",
        "pe_ratio": 33,
        "report_year_from": 2003,
        "report_year_to": 2017,
        "age": 21,
        "eps_negative_percentage": 8,
        "eps_growth_avg": {
            "last_all": -2.13,
            "last_2y": -35.01,
            "last_4y": 1.93,
            "last_8y": -8.51,
            "last_12y": null,
            "last_16y": null,
            "last_20y": null,
            "at_2006_last_3y": null,
            "at_2007_last_3y": null,
            "at_2008_last_3y": null,
            "at_2009_last_3y": 11.83,
            "at_2010_last_3y": -10.41,
            "at_2011_last_3y": -16.28,
            "at_2012_last_3y": -21.55,
            "at_2013_last_3y": -16.98,
            "at_2014_last_3y": 7.51,
            "at_2015_last_3y": -2.06,
            "at_2016_last_3y": 27.41,
            "at_2017_last_3y": -1.26,
            "at_2018_last_3y": -1.26,
            "at_2019_last_3y": -1.26,
            "at_2020_last_3y": -1.26,
            "at_2021_last_3y": -1.26,
            "at_2022_last_3y": -1.26,
            "at_2023_last_3y": -1.26,
            "at_2024_last_3y": -1.26,
            "at_2006_last_all": null,
            "at_2007_last_all": 50.39,
            "at_2008_last_all": 16.98,
            "at_2009_last_all": 11.83,
            "at_2010_last_all": 9.88,
            "at_2011_last_all": 5.94,
            "at_2012_last_all": -5.04,
            "at_2013_last_all": -2.57,
            "at_2014_last_all": 8.82,
            "at_2015_last_all": 2.74,
            "at_2016_last_all": 6.76,
            "at_2017_last_all": -2.13,
            "at_2018_last_all": -2.13,
            "at_2019_last_all": -2.13,
            "at_2020_last_all": -2.13,
            "at_2021_last_all": -2.13,
            "at_2022_last_all": -2.13,
            "at_2023_last_all": -2.13,
            "at_2024_last_all": -2.13
        },
        "latest_eps": 0.82,
        "latest_price": 26.85,
        "latest_roe": 3.61,
        "latest_gross_margin": 5.53,
        "latest_equity": 1593379,
        "latest_revenue": 2969497,
        "latest_gross_profit": 164307,
        "latest_net_income": 30493,
        "latest_debt_ratio": 71.1,
        "latest_current_ratio": 141.82,
        "latest_account_receivable_turnover_ratio": 0.97,
        "latest_inventory_turnover_ratio": 1.86,
        "latest_reinvestment_rate": -8.27,
        "latest_research_to_sale_ratio": 0.26
    },
    "eps_dividends": {
        "2001": {
            "cash": 0,
            "stock": 0,
            "eps": 0
        },
        "2002": {
            "cash": 0,
            "stock": 0,
            "eps": 0
        },
        "2003": {
            "cash": 0,
            "stock": 0,
            "eps": 0
        },
        "2004": {
            "cash": 0.5,
            "stock": 0.5,
            "eps": 0
        },
        "2005": {
            "cash": 1.5,
            "stock": 0.5,
            "eps": 2.89
        },
        "2006": {
            "cash": 3,
            "stock": 0,
            "eps": 5.52
        },
        "2007": {
            "cash": 3.6,
            "stock": 0,
            "eps": 6.06
        },
        "2008": {
            "cash": 3.7,
            "stock": 0.3,
            "eps": 3.04
        },
        "2009": {
            "cash": 2.5,
            "stock": 0,
            "eps": 2.93
        },
        "2010": {
            "cash": 2.5,
            "stock": 0,
            "eps": 2.99
        },
        "2011": {
            "cash": 2.5,
            "stock": 0,
            "eps": 2.58
        },
        "2012": {
            "cash": 2.5,
            "stock": 0,
            "eps": 0.75
        },
        "2013": {
            "cash": 1.7,
            "stock": 0,
            "eps": 0.86
        },
        "2014": {
            "cash": 1,
            "stock": 0,
            "eps": 2.04
        },
        "2015": {
            "cash": 1.8,
            "stock": 0,
            "eps": 0.98
        },
        "2016": {
            "cash": 1,
            "stock": 0,
            "eps": 1.44
        },
        "2017": {
            "cash": 0,
            "stock": 0,
            "eps": -0.33
        }
    },
    "dividends": {
        "2004-06-30": {
            "cash": 0.5,
            "stock": 0.5
        },
        "2005-04-12": {
            "cash": 1.5,
            "stock": 0.5
        },
        "2006-03-30": {
            "cash": 3,
            "stock": 0
        },
        "2007-04-10": {
            "cash": 3.6,
            "stock": 0
        },
        "2008-04-08": {
            "cash": 3.7,
            "stock": 0.3
        },
        "2009-04-13": {
            "cash": 2.5,
            "stock": 0
        },
        "2010-03-26": {
            "cash": 2.5,
            "stock": 0
        },
        "2011-03-25": {
            "cash": 2.5,
            "stock": 0
        },
        "2012-03-28": {
            "cash": 2.5,
            "stock": 0
        },
        "2013-03-25": {
            "cash": 1.7,
            "stock": 0
        },
        "2014-07-31": {
            "cash": 1,
            "stock": 0
        },
        "2015-03-26": {
            "cash": 1.8,
            "stock": 0
        },
        "2016-03-25": {
            "cash": 1,
            "stock": 0
        }
    },
    "prices": {
        "200101": "無",
        "200102": "無",
        "200103": "無",
        "200104": "無",
        "200105": "無",
        "200106": "無",
        "200107": "無",
        "200108": "無",
        "200109": "無",
        "200110": "無",
        "200111": "無",
        "200112": "無",
        "200201": "無",
        "200202": "無",
        "200203": "無",
        "200204": "無",
        "200205": "無",
        "200206": "無",
        "200207": "無",
        "200208": "無",
        "200209": "無",
        "200210": "無",
        "200211": "無",
        "200212": "無",
        "200301": "無",
        "200302": "無",
        "200303": "無",
        "200304": "無",
        "200305": "無",
        "200306": "無",
        "200307": "無",
        "200308": "無",
        "200309": "無",
        "200310": "無",
        "200311": "無",
        "200312": "無",
        "200401": "無",
        "200402": "無",
        "200403": "無",
        "200404": "無",
        "200405": "無",
        "200406": "無",
        "200407": "無",
        "200408": "無",
        "200409": "無",
        "200410": "無",
        "200411": "無",
        "200412": "無",
        "200501": "無",
        "200502": "無",
        "200503": "無",
        "200504": "無",
        "200505": "43.96",
        "200506": "42.22",
        "200507": "41.90",
        "200508": "40.15",
        "200509": "無",
        "200510": "無",
        "200511": "37.47",
        "200512": "37.25",
        "200601": "無",
        "200602": "37.60",
        "200603": "40.04",
        "200604": "51.39",
        "200605": "62.56",
        "200606": "53.39",
        "200607": "51.58",
        "200608": "53.57",
        "200609": "59.80",
        "200610": "50.38",
        "200611": "52.91",
        "200612": "60.93",
        "200701": "65.09",
        "200702": "62.02",
        "200703": "71.39",
        "200704": "70.84",
        "200705": "72.00",
        "200706": "87.94",
        "200707": "93.60",
        "200708": "95.41",
        "200709": "85.01",
        "200710": "83.24",
        "200711": "67.76",
        "200712": "54.72",
        "200801": "49.87",
        "200802": "43.47",
        "200803": "45.50",
        "200804": "49.37",
        "200805": "48.13",
        "200806": "39.56",
        "200807": "30.18",
        "200808": "29.90",
        "200809": "20.58",
        "200810": "16.66",
        "200811": "15.50",
        "200812": "14.76",
        "200901": "14.28",
        "200902": "14.63",
        "200903": "17.58",
        "200904": "24.39",
        "200905": "27.67",
        "200906": "26.40",
        "200907": "26.78",
        "200908": "25.55",
        "200909": "28.30",
        "200910": "30.58",
        "200911": "31.43",
        "200912": "38.35",
        "201001": "46.67",
        "201002": "49.54",
        "201003": "53.28",
        "201004": "49.82",
        "201005": "41.65",
        "201006": "38.80",
        "201007": "37.87",
        "201008": "36.57",
        "201009": "45.14",
        "201010": "43.45",
        "201011": "35.85",
        "201012": "38.72",
        "201101": "36.44",
        "201102": "34.74",
        "201103": "37.03",
        "201104": "34.80",
        "201105": "33.20",
        "201106": "30.79",
        "201107": "27.35",
        "201108": "21.79",
        "201109": "20.83",
        "201110": "19.96",
        "201111": "21.31",
        "201112": "19.96",
        "201201": "21.13",
        "201202": "24.54",
        "201203": "25.69",
        "201204": "28.29",
        "201205": "25.42",
        "201206": "23.93",
        "201207": "24.72",
        "201208": "21.71",
        "201209": "21.49",
        "201210": "20.05",
        "201211": "17.85",
        "201212": "18.71",
        "201301": "18.70",
        "201302": "19.09",
        "201303": "20.40",
        "201304": "20.62",
        "201305": "20.58",
        "201306": "20.11",
        "201307": "19.65",
        "201308": "17.54",
        "201309": "17.04",
        "201310": "16.95",
        "201311": "16.09",
        "201312": "15.69",
        "201401": "17.30",
        "201402": "17.44",
        "201403": "18.18",
        "201404": "18.94",
        "201405": "20.07",
        "201406": "20.25",
        "201407": "20.35",
        "201408": "19.08",
        "201409": "19.22",
        "201410": "17.42",
        "201411": "17.64",
        "201412": "18.37",
        "201501": "18.42",
        "201502": "18.75",
        "201503": "19.89",
        "201504": "23.05",
        "201505": "21.75",
        "201506": "19.45",
        "201507": "19.02",
        "201508": "14.97",
        "201509": "14.92",
        "201510": "15.83",
        "201511": "16.37",
        "201512": "15.72",
        "201601": "14.63",
        "201602": "15.58",
        "201603": "16.52",
        "201604": "16.75",
        "201605": "16.25",
        "201606": "16.24",
        "201607": "17.73",
        "201608": "17.02",
        "201609": "17.35",
        "201610": "18.04",
        "201611": "16.86",
        "201612": "16.54",
        "201701": "16.82",
        "201702": "17.23",
        "201703": "17.60",
        "201704": "25.41",
        "201705": "26.54",
        "201706": "26.59",
        "201707": "26.72",
        "201708": "26.74",
        "201709": "26.84",
        "201710": "無",
        "201711": "無",
        "201712": "無",
        "201801": "無",
        "201802": "無",
        "201803": "無",
        "201804": "無",
        "201805": "無",
        "201806": "無",
        "201807": "無",
        "201808": "無",
        "201809": "無",
        "201810": "無",
        "201811": "無",
        "201812": "無",
        "201901": "無",
        "201902": "無",
        "201903": "無",
        "201904": "無",
        "201905": "無",
        "201906": "無",
        "201907": "無",
        "201908": "無",
        "201909": "無",
        "201910": "無",
        "201911": "無",
        "201912": "無",
        "202001": "無",
        "202002": "無",
        "202003": "無",
        "202004": "無",
        "202005": "無",
        "202006": "無",
        "202007": "無",
        "202008": "無",
        "202009": "無",
        "202010": "無",
        "202011": "無",
        "202012": "無",
        "202101": "無",
        "202102": "無",
        "202103": "無",
        "202104": "無",
        "202105": "無",
        "202106": "無",
        "202107": "無",
        "202108": "無",
        "202109": "無",
        "202110": "無",
        "202111": "無",
        "202112": "無",
        "202201": "無",
        "202202": "無",
        "202203": "無",
        "202204": "無",
        "202205": "無",
        "202206": "無",
        "202207": "無",
        "202208": "無",
        "202209": "無",
        "202210": "無",
        "202211": "無",
        "202212": "無",
        "202301": "無",
        "202302": "無",
        "202303": "無",
        "202304": "無",
        "202305": "無",
        "202306": "無",
        "202307": "無",
        "202308": "無",
        "202309": "無",
        "202310": "無",
        "202311": "無",
        "202312": "無",
        "202401": "無",
        "202402": "無",
        "202403": "無",
        "202404": "無"
    },
    "quarters": {
        "20011": {
            "year_quarter": 20011,
            "year": 2001,
            "quarter": 1,
            "eps": null,
            "eps_growth_year": null,
            "eps_4q": null,
            "eps_4q_growth_year": null,
            "roe": null,
            "roe_4q": 0,
            "gross_profit": null,
            "gross_margin": null,
            "gross_margin_4q_avg": 0,
            "net_income": null,
            "net_income_4q": null,
            "revenue": null,
            "revenue_4q": null,
            "common_shares": null,
            "book_valuer_per_share": null,
            "book_valuer_per_share_4q_avg": 0,
            "equity": null,
            "current_ratio": null,
            "debt_ratio": null,
            "inventory_turnover_ratio": null,
            "account_receivable_turnover_ratio": null,
            "reinvestment_rate": null,
            "research_to_sale_ratio": null,
            "price_fair": 0,
            "eps_avg_yearly": 0,
            "eps_latest_yearly": 0,
            "eps_growth_yearly": 0
        },
        "20012": {
            "year_quarter": 20012,
            "year": 2001,
            "quarter": 2,
            "eps": null,
            "eps_growth_year": null,
            "eps_4q": null,
            "eps_4q_growth_year": null,
            "roe": null,
            "roe_4q": 0,
            "gross_profit": null,
            "gross_margin": null,
            "gross_margin_4q_avg": 0,
            "net_income": null,
            "net_income_4q": null,
            "revenue": null,
            "revenue_4q": null,
            "common_shares": null,
            "book_valuer_per_share": null,
            "book_valuer_per_share_4q_avg": 0,
            "equity": null,
            "current_ratio": null,
            "debt_ratio": null,
            "inventory_turnover_ratio": null,
            "account_receivable_turnover_ratio": null,
            "reinvestment_rate": null,
            "research_to_sale_ratio": null,
            "price_fair": 0,
            "eps_avg_yearly": 0,
            "eps_latest_yearly": 0,
            "eps_growth_yearly": 0
        },
        "20013": {
            "year_quarter": 20013,
            "year": 2001,
            "quarter": 3,
            "eps": null,
            "eps_growth_year": null,
            "eps_4q": null,
            "eps_4q_growth_year": null,
            "roe": null,
            "roe_4q": 0,
            "gross_profit": null,
            "gross_margin": null,
            "gross_margin_4q_avg": 0,
            "net_income": null,
            "net_income_4q": null,
            "revenue": null,
            "revenue_4q": null,
            "common_shares": null,
            "book_valuer_per_share": null,
            "book_valuer_per_share_4q_avg": 0,
            "equity": null,
            "current_ratio": null,
            "debt_ratio": null,
            "inventory_turnover_ratio": null,
            "account_receivable_turnover_ratio": null,
            "reinvestment_rate": null,
            "research_to_sale_ratio": null,
            "price_fair": 0,
            "eps_avg_yearly": 0,
            "eps_latest_yearly": 0,
            "eps_growth_yearly": 0
        },
        "20014": {
            "year_quarter": 20014,
            "year": 2001,
            "quarter": 4,
            "eps": null,
            "eps_growth_year": null,
            "eps_4q": null,
            "eps_4q_growth_year": null,
            "roe": null,
            "roe_4q": 0,
            "gross_profit": null,
            "gross_margin": null,
            "gross_margin_4q_avg": 0,
            "net_income": null,
            "net_income_4q": null,
            "revenue": null,
            "revenue_4q": null,
            "common_shares": 400000,
            "book_valuer_per_share": 11.1,
            "book_valuer_per_share_4q_avg": 2.78,
            "equity": 444162,
            "current_ratio": 170.58,
            "debt_ratio": 58.2,
            "inventory_turnover_ratio": null,
            "account_receivable_turnover_ratio": null,
            "reinvestment_rate": null,
            "research_to_sale_ratio": null,
            "price_fair": 0,
            "eps_avg_yearly": 0,
            "eps_latest_yearly": 0,
            "eps_growth_yearly": 0
        },
        "20021": {
            "year_quarter": 20021,
            "year": 2002,
            "quarter": 1,
            "eps": null,
            "eps_growth_year": null,
            "eps_4q": null,
            "eps_4q_growth_year": null,
            "roe": null,
            "roe_4q": 0,
            "gross_profit": null,
            "gross_margin": null,
            "gross_margin_4q_avg": 0,
            "net_income": null,
            "net_income_4q": null,
            "revenue": null,
            "revenue_4q": null,
            "common_shares": null,
            "book_valuer_per_share": null,
            "book_valuer_per_share_4q_avg": 2.78,
            "equity": null,
            "current_ratio": null,
            "debt_ratio": null,
            "inventory_turnover_ratio": null,
            "account_receivable_turnover_ratio": null,
            "reinvestment_rate": null,
            "research_to_sale_ratio": null,
            "price_fair": 0,
            "eps_avg_yearly": 0,
            "eps_latest_yearly": 0,
            "eps_growth_yearly": 0
        },
        "20022": {
            "year_quarter": 20022,
            "year": 2002,
            "quarter": 2,
            "eps": null,
            "eps_growth_year": null,
            "eps_4q": null,
            "eps_4q_growth_year": null,
            "roe": null,
            "roe_4q": 0,
            "gross_profit": null,
            "gross_margin": null,
            "gross_margin_4q_avg": 0,
            "net_income": null,
            "net_income_4q": null,
            "revenue": null,
            "revenue_4q": null,
            "common_shares": null,
            "book_valuer_per_share": null,
            "book_valuer_per_share_4q_avg": 2.78,
            "equity": null,
            "current_ratio": null,
            "debt_ratio": null,
            "inventory_turnover_ratio": null,
            "account_receivable_turnover_ratio": null,
            "reinvestment_rate": null,
            "research_to_sale_ratio": null,
            "price_fair": 0,
            "eps_avg_yearly": 0,
            "eps_latest_yearly": 0,
            "eps_growth_yearly": 0
        },
        "20023": {
            "year_quarter": 20023,
            "year": 2002,
            "quarter": 3,
            "eps": null,
            "eps_growth_year": null,
            "eps_4q": null,
            "eps_4q_growth_year": null,
            "roe": null,
            "roe_4q": 0,
            "gross_profit": null,
            "gross_margin": null,
            "gross_margin_4q_avg": 0,
            "net_income": null,
            "net_income_4q": null,
            "revenue": null,
            "revenue_4q": null,
            "common_shares": null,
            "book_valuer_per_share": null,
            "book_valuer_per_share_4q_avg": 2.78,
            "equity": null,
            "current_ratio": null,
            "debt_ratio": null,
            "inventory_turnover_ratio": null,
            "account_receivable_turnover_ratio": null,
            "reinvestment_rate": null,
            "research_to_sale_ratio": null,
            "price_fair": 0,
            "eps_avg_yearly": 0,
            "eps_latest_yearly": 0,
            "eps_growth_yearly": 0
        },
        "20024": {
            "year_quarter": 20024,
            "year": 2002,
            "quarter": 4,
            "eps": null,
            "eps_growth_year": null,
            "eps_4q": null,
            "eps_4q_growth_year": null,
            "roe": null,
            "roe_4q": 0,
            "gross_profit": null,
            "gross_margin": null,
            "gross_margin_4q_avg": 0,
            "net_income": null,
            "net_income_4q": null,
            "revenue": null,
            "revenue_4q": null,
            "common_shares": 400000,
            "book_valuer_per_share": 15.03,
            "book_valuer_per_share_4q_avg": 3.76,
            "equity": 601012,
            "current_ratio": 140.78,
            "debt_ratio": 70.58,
            "inventory_turnover_ratio": null,
            "account_receivable_turnover_ratio": null,
            "reinvestment_rate": null,
            "research_to_sale_ratio": null,
            "price_fair": 0,
            "eps_avg_yearly": 0,
            "eps_latest_yearly": 0,
            "eps_growth_yearly": 0
        },
        "20031": {
            "year_quarter": 20031,
            "year": 2003,
            "quarter": 1,
            "eps": null,
            "eps_growth_year": null,
            "eps_4q": null,
            "eps_4q_growth_year": null,
            "roe": null,
            "roe_4q": 0,
            "gross_profit": null,
            "gross_margin": null,
            "gross_margin_4q_avg": 0,
            "net_income": null,
            "net_income_4q": null,
            "revenue": null,
            "revenue_4q": null,
            "common_shares": null,
            "book_valuer_per_share": null,
            "book_valuer_per_share_4q_avg": 3.76,
            "equity": null,
            "current_ratio": null,
            "debt_ratio": null,
            "inventory_turnover_ratio": null,
            "account_receivable_turnover_ratio": null,
            "reinvestment_rate": null,
            "research_to_sale_ratio": null,
            "price_fair": 0,
            "eps_avg_yearly": 0,
            "eps_latest_yearly": 0,
            "eps_growth_yearly": 0
        },
        "20032": {
            "year_quarter": 20032,
            "year": 2003,
            "quarter": 2,
            "eps": null,
            "eps_growth_year": null,
            "eps_4q": null,
            "eps_4q_growth_year": null,
            "roe": null,
            "roe_4q": 0,
            "gross_profit": null,
            "gross_margin": null,
            "gross_margin_4q_avg": 0,
            "net_income": null,
            "net_income_4q": null,
            "revenue": null,
            "revenue_4q": null,
            "common_shares": null,
            "book_valuer_per_share": null,
            "book_valuer_per_share_4q_avg": 3.76,
            "equity": null,
            "current_ratio": null,
            "debt_ratio": null,
            "inventory_turnover_ratio": null,
            "account_receivable_turnover_ratio": null,
            "reinvestment_rate": null,
            "research_to_sale_ratio": null,
            "price_fair": 0,
            "eps_avg_yearly": 0,
            "eps_latest_yearly": 0,
            "eps_growth_yearly": 0
        },
        "20033": {
            "year_quarter": 20033,
            "year": 2003,
            "quarter": 3,
            "eps": null,
            "eps_growth_year": null,
            "eps_4q": null,
            "eps_4q_growth_year": null,
            "roe": null,
            "roe_4q": 0,
            "gross_profit": null,
            "gross_margin": null,
            "gross_margin_4q_avg": 0,
            "net_income": null,
            "net_income_4q": null,
            "revenue": null,
            "revenue_4q": null,
            "common_shares": null,
            "book_valuer_per_share": null,
            "book_valuer_per_share_4q_avg": 3.76,
            "equity": null,
            "current_ratio": null,
            "debt_ratio": null,
            "inventory_turnover_ratio": null,
            "account_receivable_turnover_ratio": null,
            "reinvestment_rate": null,
            "research_to_sale_ratio": null,
            "price_fair": 0,
            "eps_avg_yearly": 0,
            "eps_latest_yearly": 0,
            "eps_growth_yearly": 0
        },
        "20034": {
            "year_quarter": 20034,
            "year": 2003,
            "quarter": 4,
            "eps": null,
            "eps_growth_year": null,
            "eps_4q": null,
            "eps_4q_growth_year": null,
            "roe": null,
            "roe_4q": 0,
            "gross_profit": null,
            "gross_margin": null,
            "gross_margin_4q_avg": 0,
            "net_income": null,
            "net_income_4q": null,
            "revenue": null,
            "revenue_4q": null,
            "common_shares": 500000,
            "book_valuer_per_share": 15.26,
            "book_valuer_per_share_4q_avg": 3.82,
            "equity": 762799,
            "current_ratio": 128.26,
            "debt_ratio": 77.96,
            "inventory_turnover_ratio": null,
            "account_receivable_turnover_ratio": null,
            "reinvestment_rate": null,
            "research_to_sale_ratio": null,
            "price_fair": 0,
            "eps_avg_yearly": 0,
            "eps_latest_yearly": 0,
            "eps_growth_yearly": 0
        },
        "20041": {
            "year_quarter": 20041,
            "year": 2004,
            "quarter": 1,
            "eps": null,
            "eps_growth_year": null,
            "eps_4q": null,
            "eps_4q_growth_year": null,
            "roe": null,
            "roe_4q": 0,
            "gross_profit": null,
            "gross_margin": null,
            "gross_margin_4q_avg": 0,
            "net_income": null,
            "net_income_4q": null,
            "revenue": null,
            "revenue_4q": null,
            "common_shares": null,
            "book_valuer_per_share": null,
            "book_valuer_per_share_4q_avg": 3.82,
            "equity": null,
            "current_ratio": null,
            "debt_ratio": null,
            "inventory_turnover_ratio": null,
            "account_receivable_turnover_ratio": null,
            "reinvestment_rate": null,
            "research_to_sale_ratio": null,
            "price_fair": 0,
            "eps_avg_yearly": 0,
            "eps_latest_yearly": 0,
            "eps_growth_yearly": 0
        },
        "20042": {
            "year_quarter": 20042,
            "year": 2004,
            "quarter": 2,
            "eps": null,
            "eps_growth_year": null,
            "eps_4q": null,
            "eps_4q_growth_year": null,
            "roe": null,
            "roe_4q": 0,
            "gross_profit": null,
            "gross_margin": null,
            "gross_margin_4q_avg": 0,
            "net_income": null,
            "net_income_4q": null,
            "revenue": null,
            "revenue_4q": null,
            "common_shares": null,
            "book_valuer_per_share": null,
            "book_valuer_per_share_4q_avg": 3.82,
            "equity": null,
            "current_ratio": null,
            "debt_ratio": null,
            "inventory_turnover_ratio": null,
            "account_receivable_turnover_ratio": null,
            "reinvestment_rate": null,
            "research_to_sale_ratio": null,
            "price_fair": 0,
            "eps_avg_yearly": 0,
            "eps_latest_yearly": 0,
            "eps_growth_yearly": 0
        },
        "20043": {
            "year_quarter": 20043,
            "year": 2004,
            "quarter": 3,
            "eps": null,
            "eps_growth_year": null,
            "eps_4q": null,
            "eps_4q_growth_year": null,
            "roe": null,
            "roe_4q": 0,
            "gross_profit": null,
            "gross_margin": null,
            "gross_margin_4q_avg": 0,
            "net_income": null,
            "net_income_4q": null,
            "revenue": null,
            "revenue_4q": null,
            "common_shares": null,
            "book_valuer_per_share": null,
            "book_valuer_per_share_4q_avg": 3.82,
            "equity": null,
            "current_ratio": null,
            "debt_ratio": null,
            "inventory_turnover_ratio": null,
            "account_receivable_turnover_ratio": null,
            "reinvestment_rate": null,
            "research_to_sale_ratio": null,
            "price_fair": 0,
            "eps_avg_yearly": 0,
            "eps_latest_yearly": 0,
            "eps_growth_yearly": 0
        },
        "20044": {
            "year_quarter": 20044,
            "year": 2004,
            "quarter": 4,
            "eps": null,
            "eps_growth_year": null,
            "eps_4q": null,
            "eps_4q_growth_year": null,
            "roe": null,
            "roe_4q": 0,
            "gross_profit": null,
            "gross_margin": null,
            "gross_margin_4q_avg": 0,
            "net_income": null,
            "net_income_4q": null,
            "revenue": null,
            "revenue_4q": null,
            "common_shares": 577631,
            "book_valuer_per_share": 17.61,
            "book_valuer_per_share_4q_avg": 4.4,
            "equity": 1017084,
            "current_ratio": 151.39,
            "debt_ratio": 67.17,
            "inventory_turnover_ratio": null,
            "account_receivable_turnover_ratio": null,
            "reinvestment_rate": null,
            "research_to_sale_ratio": null,
            "price_fair": 0,
            "eps_avg_yearly": 0,
            "eps_latest_yearly": 0,
            "eps_growth_yearly": 0
        },
        "20051": {
            "year_quarter": 20051,
            "year": 2005,
            "quarter": 1,
            "eps": null,
            "eps_growth_year": null,
            "eps_4q": null,
            "eps_4q_growth_year": null,
            "roe": null,
            "roe_4q": 0,
            "gross_profit": null,
            "gross_margin": null,
            "gross_margin_4q_avg": 0,
            "net_income": null,
            "net_income_4q": null,
            "revenue": null,
            "revenue_4q": null,
            "common_shares": null,
            "book_valuer_per_share": null,
            "book_valuer_per_share_4q_avg": 4.4,
            "equity": null,
            "current_ratio": null,
            "debt_ratio": null,
            "inventory_turnover_ratio": null,
            "account_receivable_turnover_ratio": null,
            "reinvestment_rate": null,
            "research_to_sale_ratio": null,
            "price_fair": 0,
            "eps_avg_yearly": 0,
            "eps_latest_yearly": 0,
            "eps_growth_yearly": 0
        },
        "20052": {
            "year_quarter": 20052,
            "year": 2005,
            "quarter": 2,
            "eps": null,
            "eps_growth_year": null,
            "eps_4q": null,
            "eps_4q_growth_year": null,
            "roe": null,
            "roe_4q": 0,
            "gross_profit": null,
            "gross_margin": null,
            "gross_margin_4q_avg": 0,
            "net_income": null,
            "net_income_4q": null,
            "revenue": null,
            "revenue_4q": null,
            "common_shares": null,
            "book_valuer_per_share": null,
            "book_valuer_per_share_4q_avg": 4.4,
            "equity": null,
            "current_ratio": null,
            "debt_ratio": null,
            "inventory_turnover_ratio": null,
            "account_receivable_turnover_ratio": null,
            "reinvestment_rate": null,
            "research_to_sale_ratio": null,
            "price_fair": 0,
            "eps_avg_yearly": 0,
            "eps_latest_yearly": 0,
            "eps_growth_yearly": 0
        },
        "20053": {
            "year_quarter": 20053,
            "year": 2005,
            "quarter": 3,
            "eps": 1.75,
            "eps_growth_year": null,
            "eps_4q": null,
            "eps_4q_growth_year": null,
            "roe": 9.41,
            "roe_4q": 9.41,
            "gross_profit": 180477,
            "gross_margin": 12.32,
            "gross_margin_4q_avg": 3.08,
            "net_income": 105873,
            "net_income_4q": null,
            "revenue": 1465261,
            "revenue_4q": null,
            "common_shares": 606513,
            "book_valuer_per_share": 18.55,
            "book_valuer_per_share_4q_avg": 9.04,
            "equity": 1125379,
            "current_ratio": 133.97,
            "debt_ratio": 67.28,
            "inventory_turnover_ratio": 2.15,
            "account_receivable_turnover_ratio": null,
            "reinvestment_rate": null,
            "research_to_sale_ratio": null,
            "price_fair": 0,
            "eps_avg_yearly": 0,
            "eps_latest_yearly": 0,
            "eps_growth_yearly": 0
        },
        "20054": {
            "year_quarter": 20054,
            "year": 2005,
            "quarter": 4,
            "eps": 1.14,
            "eps_growth_year": null,
            "eps_4q": null,
            "eps_4q_growth_year": null,
            "roe": 5.96,
            "roe_4q": 15.370000000000001,
            "gross_profit": 187645,
            "gross_margin": 11.46,
            "gross_margin_4q_avg": 5.95,
            "net_income": 69085,
            "net_income_4q": null,
            "revenue": 1637633,
            "revenue_4q": null,
            "common_shares": 606513,
            "book_valuer_per_share": 19.67,
            "book_valuer_per_share_4q_avg": 9.56,
            "equity": 1193172,
            "current_ratio": 153.12,
            "debt_ratio": 66.58,
            "inventory_turnover_ratio": 1.9,
            "account_receivable_turnover_ratio": null,
            "reinvestment_rate": null,
            "research_to_sale_ratio": null,
            "price_fair": 13.68,
            "eps_avg_yearly": 4.56,
            "eps_latest_yearly": 4.56,
            "eps_growth_yearly": -139.43
        },
        "20061": {
            "year_quarter": 20061,
            "year": 2006,
            "quarter": 1,
            "eps": 1.32,
            "eps_growth_year": null,
            "eps_4q": null,
            "eps_4q_growth_year": null,
            "roe": 6.51,
            "roe_4q": 21.88,
            "gross_profit": 150122,
            "gross_margin": 10.82,
            "gross_margin_4q_avg": 8.65,
            "net_income": 80171,
            "net_income_4q": null,
            "revenue": 1387688,
            "revenue_4q": null,
            "common_shares": 606513,
            "book_valuer_per_share": 20.92,
            "book_valuer_per_share_4q_avg": 14.79,
            "equity": 1268562,
            "current_ratio": 142.94,
            "debt_ratio": 61.22,
            "inventory_turnover_ratio": 1.35,
            "account_receivable_turnover_ratio": null,
            "reinvestment_rate": null,
            "research_to_sale_ratio": null,
            "price_fair": 14.76,
            "eps_avg_yearly": 4.92,
            "eps_latest_yearly": 5.28,
            "eps_growth_yearly": -38.14
        },
        "20062": {
            "year_quarter": 20062,
            "year": 2006,
            "quarter": 2,
            "eps": 0.92,
            "eps_growth_year": null,
            "eps_4q": 5.13,
            "eps_4q_growth_year": null,
            "roe": 4.66,
            "roe_4q": 26.54,
            "gross_profit": 149402,
            "gross_margin": 10.56,
            "gross_margin_4q_avg": 11.29,
            "net_income": 55709,
            "net_income_4q": null,
            "revenue": 1415078,
            "revenue_4q": null,
            "common_shares": 606513,
            "book_valuer_per_share": 18.49,
            "book_valuer_per_share_4q_avg": 19.41,
            "equity": 1121147,
            "current_ratio": 131.66,
            "debt_ratio": 66.07,
            "inventory_turnover_ratio": 1.43,
            "account_receivable_turnover_ratio": null,
            "reinvestment_rate": null,
            "research_to_sale_ratio": null,
            "price_fair": 13.52,
            "eps_avg_yearly": 4.51,
            "eps_latest_yearly": 3.68,
            "eps_growth_yearly": -65.83
        },
        "20063": {
            "year_quarter": 20063,
            "year": 2006,
            "quarter": 3,
            "eps": 1.9,
            "eps_growth_year": 8.57,
            "eps_4q": 5.28,
            "eps_4q_growth_year": null,
            "roe": 9.73,
            "roe_4q": 26.86,
            "gross_profit": 245986,
            "gross_margin": 10.92,
            "gross_margin_4q_avg": 10.94,
            "net_income": 115234,
            "net_income_4q": null,
            "revenue": 2251857,
            "revenue_4q": null,
            "common_shares": 606513,
            "book_valuer_per_share": 20.57,
            "book_valuer_per_share_4q_avg": 19.91,
            "equity": 1247368,
            "current_ratio": 125.08,
            "debt_ratio": 71.64,
            "inventory_turnover_ratio": 2.11,
            "account_receivable_turnover_ratio": null,
            "reinvestment_rate": null,
            "research_to_sale_ratio": null,
            "price_fair": 184.8,
            "eps_avg_yearly": 5.28,
            "eps_latest_yearly": 7.6,
            "eps_growth_yearly": 57.15
        },
        "20064": {
            "year_quarter": 20064,
            "year": 2006,
            "quarter": 4,
            "eps": 1.38,
            "eps_growth_year": 21.05,
            "eps_4q": 5.45,
            "eps_4q_growth_year": null,
            "roe": 5.96,
            "roe_4q": 26.86,
            "gross_profit": 178109,
            "gross_margin": 7.37,
            "gross_margin_4q_avg": 9.92,
            "net_income": 85175,
            "net_income_4q": null,
            "revenue": 2417024,
            "revenue_4q": null,
            "common_shares": 682343,
            "book_valuer_per_share": 23.64,
            "book_valuer_per_share_4q_avg": 20.91,
            "equity": 1612816,
            "current_ratio": 158.56,
            "debt_ratio": 68.3,
            "inventory_turnover_ratio": 1.93,
            "account_receivable_turnover_ratio": null,
            "reinvestment_rate": null,
            "research_to_sale_ratio": null,
            "price_fair": 180.23,
            "eps_avg_yearly": 5.33,
            "eps_latest_yearly": 5.52,
            "eps_growth_yearly": 23.83
        },
        "20071": {
            "year_quarter": 20071,
            "year": 2007,
            "quarter": 1,
            "eps": 1.94,
            "eps_growth_year": 46.97,
            "eps_4q": 5.69,
            "eps_4q_growth_year": null,
            "roe": 7.88,
            "roe_4q": 28.23,
            "gross_profit": 223132,
            "gross_margin": 9.8,
            "gross_margin_4q_avg": 9.66,
            "net_income": 132615,
            "net_income_4q": null,
            "revenue": 2277495,
            "revenue_4q": null,
            "common_shares": 682343,
            "book_valuer_per_share": 25.71,
            "book_valuer_per_share_4q_avg": 22.1,
            "equity": 1754105,
            "current_ratio": 175.29,
            "debt_ratio": 58.16,
            "inventory_turnover_ratio": 1.76,
            "account_receivable_turnover_ratio": null,
            "reinvestment_rate": null,
            "research_to_sale_ratio": null,
            "price_fair": 200.67,
            "eps_avg_yearly": 5.73,
            "eps_latest_yearly": 7.76,
            "eps_growth_yearly": 46.91
        },
        "20072": {
            "year_quarter": 20072,
            "year": 2007,
            "quarter": 2,
            "eps": 1.46,
            "eps_growth_year": 58.7,
            "eps_4q": 6.33,
            "eps_4q_growth_year": 23.31,
            "roe": 5.99,
            "roe_4q": 29.560000000000002,
            "gross_profit": 161058,
            "gross_margin": 8.05,
            "gross_margin_4q_avg": 9.04,
            "net_income": 99840,
            "net_income_4q": null,
            "revenue": 1999521,
            "revenue_4q": null,
            "common_shares": 682343,
            "book_valuer_per_share": 23.18,
            "book_valuer_per_share_4q_avg": 23.28,
            "equity": 1581391,
            "current_ratio": 162.16,
            "debt_ratio": 57.62,
            "inventory_turnover_ratio": 2,
            "account_receivable_turnover_ratio": null,
            "reinvestment_rate": null,
            "research_to_sale_ratio": null,
            "price_fair": 201.2,
            "eps_avg_yearly": 5.75,
            "eps_latest_yearly": 5.84,
            "eps_growth_yearly": 26.07
        },
        "20073": {
            "year_quarter": 20073,
            "year": 2007,
            "quarter": 3,
            "eps": 1.86,
            "eps_growth_year": -2.11,
            "eps_4q": 6.53,
            "eps_4q_growth_year": 23.59,
            "roe": 7.71,
            "roe_4q": 27.54,
            "gross_profit": 211646,
            "gross_margin": 9.11,
            "gross_margin_4q_avg": 8.58,
            "net_income": 126641,
            "net_income_4q": null,
            "revenue": 2323646,
            "revenue_4q": null,
            "common_shares": 682343,
            "book_valuer_per_share": 24.98,
            "book_valuer_per_share_4q_avg": 24.38,
            "equity": 1704632,
            "current_ratio": 157.63,
            "debt_ratio": 59.16,
            "inventory_turnover_ratio": 2.64,
            "account_receivable_turnover_ratio": null,
            "reinvestment_rate": null,
            "research_to_sale_ratio": null,
            "price_fair": 208.6,
            "eps_avg_yearly": 5.96,
            "eps_latest_yearly": 7.44,
            "eps_growth_yearly": 36.51
        },
        "20074": {
            "year_quarter": 20074,
            "year": 2007,
            "quarter": 4,
            "eps": 0.8,
            "eps_growth_year": -42.03,
            "eps_4q": 6.06,
            "eps_4q_growth_year": 11.23,
            "roe": 3.16,
            "roe_4q": 24.74,
            "gross_profit": 124734,
            "gross_margin": 6.75,
            "gross_margin_4q_avg": 8.43,
            "net_income": 54613,
            "net_income_4q": null,
            "revenue": 1847436,
            "revenue_4q": null,
            "common_shares": 682343,
            "book_valuer_per_share": 25.74,
            "book_valuer_per_share_4q_avg": 24.9,
            "equity": 1756549,
            "current_ratio": 173.57,
            "debt_ratio": 62.77,
            "inventory_turnover_ratio": 1.51,
            "account_receivable_turnover_ratio": null,
            "reinvestment_rate": null,
            "research_to_sale_ratio": null,
            "price_fair": 96.81,
            "eps_avg_yearly": 5.65,
            "eps_latest_yearly": 3.2,
            "eps_growth_yearly": 7.12
        },
        "20081": {
            "year_quarter": 20081,
            "year": 2008,
            "quarter": 1,
            "eps": 0.53,
            "eps_growth_year": -72.68,
            "eps_4q": 4.63,
            "eps_4q_growth_year": -18.55,
            "roe": 2.07,
            "roe_4q": 18.93,
            "gross_profit": 184620,
            "gross_margin": 6.96,
            "gross_margin_4q_avg": 7.72,
            "net_income": 36320,
            "net_income_4q": null,
            "revenue": 2652464,
            "revenue_4q": null,
            "common_shares": 682343,
            "book_valuer_per_share": 25.6,
            "book_valuer_per_share_4q_avg": 24.88,
            "equity": 1747046,
            "current_ratio": 179.63,
            "debt_ratio": 60.81,
            "inventory_turnover_ratio": 1.7,
            "account_receivable_turnover_ratio": null,
            "reinvestment_rate": null,
            "research_to_sale_ratio": null,
            "price_fair": 15.9,
            "eps_avg_yearly": 5.3,
            "eps_latest_yearly": 2.12,
            "eps_growth_yearly": -7.09
        },
        "20082": {
            "year_quarter": 20082,
            "year": 2008,
            "quarter": 2,
            "eps": 0.73,
            "eps_growth_year": -50,
            "eps_4q": 3.9,
            "eps_4q_growth_year": -38.39,
            "roe": 3.07,
            "roe_4q": 16.01,
            "gross_profit": 212642,
            "gross_margin": 7.38,
            "gross_margin_4q_avg": 7.55,
            "net_income": 50106,
            "net_income_4q": null,
            "revenue": 2880643,
            "revenue_4q": null,
            "common_shares": 682343,
            "book_valuer_per_share": 22.27,
            "book_valuer_per_share_4q_avg": 24.65,
            "equity": 1519544,
            "current_ratio": 160.44,
            "debt_ratio": 67.65,
            "inventory_turnover_ratio": 1.82,
            "account_receivable_turnover_ratio": null,
            "reinvestment_rate": null,
            "research_to_sale_ratio": null,
            "price_fair": 87.83,
            "eps_avg_yearly": 5.08,
            "eps_latest_yearly": 2.92,
            "eps_growth_yearly": 7.28
        },
        "20083": {
            "year_quarter": 20083,
            "year": 2008,
            "quarter": 3,
            "eps": 1.06,
            "eps_growth_year": -43.01,
            "eps_4q": 3.06,
            "eps_4q_growth_year": -53.05,
            "roe": 4.73,
            "roe_4q": 13.030000000000001,
            "gross_profit": 251650,
            "gross_margin": 6.97,
            "gross_margin_4q_avg": 7.02,
            "net_income": 74613,
            "net_income_4q": null,
            "revenue": 3612233,
            "revenue_4q": null,
            "common_shares": 702813,
            "book_valuer_per_share": 23.31,
            "book_valuer_per_share_4q_avg": 24.23,
            "equity": 1637930,
            "current_ratio": 147.07,
            "debt_ratio": 72.64,
            "inventory_turnover_ratio": 2.12,
            "account_receivable_turnover_ratio": null,
            "reinvestment_rate": null,
            "research_to_sale_ratio": null,
            "price_fair": 159.12,
            "eps_avg_yearly": 5.01,
            "eps_latest_yearly": 4.24,
            "eps_growth_yearly": 21.74
        },
        "20084": {
            "year_quarter": 20084,
            "year": 2008,
            "quarter": 4,
            "eps": 0.72,
            "eps_growth_year": -10,
            "eps_4q": 3.02,
            "eps_4q_growth_year": -50.1,
            "roe": 3.01,
            "roe_4q": 12.88,
            "gross_profit": 163855,
            "gross_margin": 7.43,
            "gross_margin_4q_avg": 7.19,
            "net_income": 50327,
            "net_income_4q": null,
            "revenue": 2206781,
            "revenue_4q": null,
            "common_shares": 702813,
            "book_valuer_per_share": 24.27,
            "book_valuer_per_share_4q_avg": 23.86,
            "equity": 1705522,
            "current_ratio": 168.05,
            "debt_ratio": 61.7,
            "inventory_turnover_ratio": 1.3,
            "account_receivable_turnover_ratio": 2.63,
            "reinvestment_rate": null,
            "research_to_sale_ratio": null,
            "price_fair": 97.95,
            "eps_avg_yearly": 4.85,
            "eps_latest_yearly": 2.88,
            "eps_growth_yearly": 10.2
        },
        "20091": {
            "year_quarter": 20091,
            "year": 2009,
            "quarter": 1,
            "eps": 0.49,
            "eps_growth_year": -7.55,
            "eps_4q": 2.97,
            "eps_4q_growth_year": -35.97,
            "roe": 2,
            "roe_4q": 12.81,
            "gross_profit": 145113,
            "gross_margin": 7.13,
            "gross_margin_4q_avg": 7.23,
            "net_income": 34646,
            "net_income_4q": null,
            "revenue": 2036017,
            "revenue_4q": null,
            "common_shares": 702813,
            "book_valuer_per_share": 25.1,
            "book_valuer_per_share_4q_avg": 23.74,
            "equity": 1764208,
            "current_ratio": 182.72,
            "debt_ratio": 57.26,
            "inventory_turnover_ratio": 1.4,
            "account_receivable_turnover_ratio": 1.2,
            "reinvestment_rate": null,
            "research_to_sale_ratio": null,
            "price_fair": 46.43,
            "eps_avg_yearly": 4.64,
            "eps_latest_yearly": 1.96,
            "eps_growth_yearly": 0.34
        },
        "20092": {
            "year_quarter": 20092,
            "year": 2009,
            "quarter": 2,
            "eps": 0.62,
            "eps_growth_year": -15.07,
            "eps_4q": 2.88,
            "eps_4q_growth_year": -26.28,
            "roe": 2.6,
            "roe_4q": 12.34,
            "gross_profit": 212350,
            "gross_margin": 8,
            "gross_margin_4q_avg": 7.38,
            "net_income": 43875,
            "net_income_4q": null,
            "revenue": 2654226,
            "revenue_4q": null,
            "common_shares": 702813,
            "book_valuer_per_share": 22.86,
            "book_valuer_per_share_4q_avg": 23.89,
            "equity": 1606319,
            "current_ratio": 163.56,
            "debt_ratio": 63.07,
            "inventory_turnover_ratio": 2.14,
            "account_receivable_turnover_ratio": 1.37,
            "reinvestment_rate": 2.24,
            "research_to_sale_ratio": null,
            "price_fair": 78.25,
            "eps_avg_yearly": 4.5,
            "eps_latest_yearly": 2.48,
            "eps_growth_yearly": 7.39
        },
        "20093": {
            "year_quarter": 20093,
            "year": 2009,
            "quarter": 3,
            "eps": 1.18,
            "eps_growth_year": 11.32,
            "eps_4q": 3.02,
            "eps_4q_growth_year": -1.59,
            "roe": 5.04,
            "roe_4q": 12.65,
            "gross_profit": 290133,
            "gross_margin": 8.27,
            "gross_margin_4q_avg": 7.71,
            "net_income": 82852,
            "net_income_4q": null,
            "revenue": 3507540,
            "revenue_4q": null,
            "common_shares": 702813,
            "book_valuer_per_share": 23.91,
            "book_valuer_per_share_4q_avg": 24.04,
            "equity": 1680090,
            "current_ratio": 159.6,
            "debt_ratio": 66.74,
            "inventory_turnover_ratio": 3.19,
            "account_receivable_turnover_ratio": 1.39,
            "reinvestment_rate": 0.67,
            "research_to_sale_ratio": null,
            "price_fair": 157.94,
            "eps_avg_yearly": 4.51,
            "eps_latest_yearly": 4.72,
            "eps_growth_yearly": 29.51
        },
        "20094": {
            "year_quarter": 20094,
            "year": 2009,
            "quarter": 4,
            "eps": 0.64,
            "eps_growth_year": -11.11,
            "eps_4q": 2.93,
            "eps_4q_growth_year": -3.01,
            "roe": 2.63,
            "roe_4q": 12.27,
            "gross_profit": 191724,
            "gross_margin": 6.47,
            "gross_margin_4q_avg": 7.47,
            "net_income": 44748,
            "net_income_4q": null,
            "revenue": 2963587,
            "revenue_4q": null,
            "common_shares": 702813,
            "book_valuer_per_share": 24.49,
            "book_valuer_per_share_4q_avg": 24.09,
            "equity": 1721515,
            "current_ratio": 164.01,
            "debt_ratio": 64.66,
            "inventory_turnover_ratio": 2.59,
            "account_receivable_turnover_ratio": 2.29,
            "reinvestment_rate": 2.44,
            "research_to_sale_ratio": null,
            "price_fair": 153.56,
            "eps_avg_yearly": 4.39,
            "eps_latest_yearly": 2.56,
            "eps_growth_yearly": 26.79
        },
        "20101": {
            "year_quarter": 20101,
            "year": 2010,
            "quarter": 1,
            "eps": 0.69,
            "eps_growth_year": 40.82,
            "eps_4q": 3.13,
            "eps_4q_growth_year": 5.45,
            "roe": 2.77,
            "roe_4q": 13.040000000000001,
            "gross_profit": 245481,
            "gross_margin": 8.3,
            "gross_margin_4q_avg": 7.76,
            "net_income": 48315,
            "net_income_4q": null,
            "revenue": 2957281,
            "revenue_4q": null,
            "common_shares": 702813,
            "book_valuer_per_share": 25.12,
            "book_valuer_per_share_4q_avg": 24.1,
            "equity": 1765394,
            "current_ratio": 155.81,
            "debt_ratio": 67.18,
            "inventory_turnover_ratio": 2.07,
            "account_receivable_turnover_ratio": 1.11,
            "reinvestment_rate": 75.49,
            "research_to_sale_ratio": 1.06,
            "price_fair": 147.17,
            "eps_avg_yearly": 4.23,
            "eps_latest_yearly": 2.76,
            "eps_growth_yearly": 24.79
        },
        "20102": {
            "year_quarter": 20102,
            "year": 2010,
            "quarter": 2,
            "eps": 1.6,
            "eps_growth_year": 158.41,
            "eps_4q": 4.11,
            "eps_4q_growth_year": 42.78,
            "roe": 6.48,
            "roe_4q": 16.919999999999998,
            "gross_profit": 244961,
            "gross_margin": 8.36,
            "gross_margin_4q_avg": 7.85,
            "net_income": 112602,
            "net_income_4q": null,
            "revenue": 2930832,
            "revenue_4q": null,
            "common_shares": 702813,
            "book_valuer_per_share": 24.33,
            "book_valuer_per_share_4q_avg": 24.46,
            "equity": 1709847,
            "current_ratio": 153.34,
            "debt_ratio": 67.93,
            "inventory_turnover_ratio": 1.8,
            "account_receivable_turnover_ratio": 1.09,
            "reinvestment_rate": 76.04,
            "research_to_sale_ratio": 0.55,
            "price_fair": 154,
            "eps_avg_yearly": 4.4,
            "eps_latest_yearly": 6.4,
            "eps_growth_yearly": 65.34
        },
        "20103": {
            "year_quarter": 20103,
            "year": 2010,
            "quarter": 3,
            "eps": 0.66,
            "eps_growth_year": -44.3,
            "eps_4q": 3.58,
            "eps_4q_growth_year": 18.86,
            "roe": 2.68,
            "roe_4q": 14.559999999999999,
            "gross_profit": 210469,
            "gross_margin": 7.07,
            "gross_margin_4q_avg": 7.55,
            "net_income": 46196,
            "net_income_4q": null,
            "revenue": 2977309,
            "revenue_4q": null,
            "common_shares": 702813,
            "book_valuer_per_share": 24.72,
            "book_valuer_per_share_4q_avg": 24.67,
            "equity": 1737619,
            "current_ratio": 154.24,
            "debt_ratio": 67.52,
            "inventory_turnover_ratio": 1.79,
            "account_receivable_turnover_ratio": 1.13,
            "reinvestment_rate": 3.63,
            "research_to_sale_ratio": 0.83,
            "price_fair": 139.15,
            "eps_avg_yearly": 4.09,
            "eps_latest_yearly": 2.64,
            "eps_growth_yearly": 24.02
        },
        "20104": {
            "year_quarter": 20104,
            "year": 2010,
            "quarter": 4,
            "eps": 0.04,
            "eps_growth_year": -94.46,
            "eps_4q": 2.98,
            "eps_4q_growth_year": 1.69,
            "roe": 0.15,
            "roe_4q": 12.08,
            "gross_profit": 139973,
            "gross_margin": 5.89,
            "gross_margin_4q_avg": 7.41,
            "net_income": 2493,
            "net_income_4q": null,
            "revenue": 2374813,
            "revenue_4q": null,
            "common_shares": 702813,
            "book_valuer_per_share": 24.16,
            "book_valuer_per_share_4q_avg": 24.58,
            "equity": 1697812,
            "current_ratio": 165.23,
            "debt_ratio": 61.4,
            "inventory_turnover_ratio": 1.54,
            "account_receivable_turnover_ratio": 1.03,
            "reinvestment_rate": 3.46,
            "research_to_sale_ratio": 0.83,
            "price_fair": 65.26,
            "eps_avg_yearly": 3.76,
            "eps_latest_yearly": 0.16,
            "eps_growth_yearly": 7.38
        },
        "20111": {
            "year_quarter": 20111,
            "year": 2011,
            "quarter": 1,
            "eps": 0.31,
            "eps_growth_year": -55.07,
            "eps_4q": 2.61,
            "eps_4q_growth_year": -16.58,
            "roe": 1.29,
            "roe_4q": 10.600000000000001,
            "gross_profit": 171336,
            "gross_margin": 7.05,
            "gross_margin_4q_avg": 7.09,
            "net_income": 22065,
            "net_income_4q": null,
            "revenue": 2431741,
            "revenue_4q": null,
            "common_shares": 702813,
            "book_valuer_per_share": 24.55,
            "book_valuer_per_share_4q_avg": 24.44,
            "equity": 1725119,
            "current_ratio": 164.55,
            "debt_ratio": 61.56,
            "inventory_turnover_ratio": 1.86,
            "account_receivable_turnover_ratio": 1.15,
            "reinvestment_rate": 4.55,
            "research_to_sale_ratio": 0.52,
            "price_fair": 117.16,
            "eps_avg_yearly": 3.35,
            "eps_latest_yearly": 1.24,
            "eps_growth_yearly": 165.98
        },
        "20112": {
            "year_quarter": 20112,
            "year": 2011,
            "quarter": 2,
            "eps": 0.49,
            "eps_growth_year": -69.6,
            "eps_4q": 1.49,
            "eps_4q_growth_year": -63.61,
            "roe": 2.08,
            "roe_4q": 6.2,
            "gross_profit": 175450,
            "gross_margin": 7.05,
            "gross_margin_4q_avg": 6.77,
            "net_income": 34236,
            "net_income_4q": null,
            "revenue": 2487312,
            "revenue_4q": null,
            "common_shares": 702813,
            "book_valuer_per_share": 22.35,
            "book_valuer_per_share_4q_avg": 23.95,
            "equity": 1570992,
            "current_ratio": 156.63,
            "debt_ratio": 66.82,
            "inventory_turnover_ratio": 1.94,
            "account_receivable_turnover_ratio": 1.09,
            "reinvestment_rate": 3.82,
            "research_to_sale_ratio": 0.54,
            "price_fair": 108.68,
            "eps_avg_yearly": 3.11,
            "eps_latest_yearly": 1.96,
            "eps_growth_yearly": 186.69
        },
        "20113": {
            "year_quarter": 20113,
            "year": 2011,
            "quarter": 3,
            "eps": 0.96,
            "eps_growth_year": 45.77,
            "eps_4q": 1.79,
            "eps_4q_growth_year": -49.92,
            "roe": 4.15,
            "roe_4q": 7.670000000000001,
            "gross_profit": 178488,
            "gross_margin": 6.53,
            "gross_margin_4q_avg": 6.63,
            "net_income": 67341,
            "net_income_4q": null,
            "revenue": 2734964,
            "revenue_4q": null,
            "common_shares": 702813,
            "book_valuer_per_share": 23.8,
            "book_valuer_per_share_4q_avg": 23.72,
            "equity": 1672635,
            "current_ratio": 156.76,
            "debt_ratio": 64.83,
            "inventory_turnover_ratio": 2.04,
            "account_receivable_turnover_ratio": 1.12,
            "reinvestment_rate": 4.21,
            "research_to_sale_ratio": 0.47,
            "price_fair": 100.8,
            "eps_avg_yearly": 2.88,
            "eps_latest_yearly": 3.84,
            "eps_growth_yearly": 203.82
        },
        "20114": {
            "year_quarter": 20114,
            "year": 2011,
            "quarter": 4,
            "eps": 0.82,
            "eps_growth_year": 2215.51,
            "eps_4q": 2.58,
            "eps_4q_growth_year": -13.47,
            "roe": 3.4,
            "roe_4q": 10.920000000000002,
            "gross_profit": 197811,
            "gross_margin": 8.93,
            "gross_margin_4q_avg": 7.39,
            "net_income": 57726,
            "net_income_4q": null,
            "revenue": 2215427,
            "revenue_4q": null,
            "common_shares": 702813,
            "book_valuer_per_share": 24.57,
            "book_valuer_per_share_4q_avg": 23.82,
            "equity": 1726475,
            "current_ratio": 168.59,
            "debt_ratio": 60.58,
            "inventory_turnover_ratio": 1.63,
            "account_receivable_turnover_ratio": 0.95,
            "reinvestment_rate": 3.92,
            "research_to_sale_ratio": 0.55,
            "price_fair": 100.98,
            "eps_avg_yearly": 2.89,
            "eps_latest_yearly": 3.28,
            "eps_growth_yearly": 214.42
        },
        "20121": {
            "year_quarter": 20121,
            "year": 2012,
            "quarter": 1,
            "eps": 0.1,
            "eps_growth_year": -67.74,
            "eps_4q": 2.37,
            "eps_4q_growth_year": -9.3,
            "roe": 0.41,
            "roe_4q": 10.040000000000001,
            "gross_profit": 182650,
            "gross_margin": 7.2,
            "gross_margin_4q_avg": 7.43,
            "net_income": 6995,
            "net_income_4q": null,
            "revenue": 2537786,
            "revenue_4q": null,
            "common_shares": 702813,
            "book_valuer_per_share": 24.45,
            "book_valuer_per_share_4q_avg": 23.79,
            "equity": 1718657,
            "current_ratio": 163.5,
            "debt_ratio": 62.4,
            "inventory_turnover_ratio": 1.9,
            "account_receivable_turnover_ratio": 1.15,
            "reinvestment_rate": 2.65,
            "research_to_sale_ratio": 0.47,
            "price_fair": 97.21,
            "eps_avg_yearly": 2.78,
            "eps_latest_yearly": 0.4,
            "eps_growth_yearly": 200.9
        },
        "20122": {
            "year_quarter": 20122,
            "year": 2012,
            "quarter": 2,
            "eps": 0.22,
            "eps_growth_year": -55.24,
            "eps_4q": 2.1,
            "eps_4q_growth_year": 40.38,
            "roe": 0.93,
            "roe_4q": 8.89,
            "gross_profit": 162512,
            "gross_margin": 6.57,
            "gross_margin_4q_avg": 7.31,
            "net_income": 15323,
            "net_income_4q": null,
            "revenue": 2471692,
            "revenue_4q": null,
            "common_shares": 702813,
            "book_valuer_per_share": 22.28,
            "book_valuer_per_share_4q_avg": 23.78,
            "equity": 1565735,
            "current_ratio": 146.77,
            "debt_ratio": 69.17,
            "inventory_turnover_ratio": 1.6,
            "account_receivable_turnover_ratio": 1.06,
            "reinvestment_rate": 3.26,
            "research_to_sale_ratio": 0.48,
            "price_fair": 92.75,
            "eps_avg_yearly": 2.65,
            "eps_latest_yearly": 0.88,
            "eps_growth_yearly": 221.47
        },
        "20123": {
            "year_quarter": 20123,
            "year": 2012,
            "quarter": 3,
            "eps": 0.32,
            "eps_growth_year": -66.12,
            "eps_4q": 1.46,
            "eps_4q_growth_year": -18.45,
            "roe": 1.45,
            "roe_4q": 6.1899999999999995,
            "gross_profit": 176660,
            "gross_margin": 6.41,
            "gross_margin_4q_avg": 7.28,
            "net_income": 22816,
            "net_income_4q": null,
            "revenue": 2755917,
            "revenue_4q": null,
            "common_shares": 702813,
            "book_valuer_per_share": 22.44,
            "book_valuer_per_share_4q_avg": 23.44,
            "equity": 1577198,
            "current_ratio": 148.86,
            "debt_ratio": 68.1,
            "inventory_turnover_ratio": 1.65,
            "account_receivable_turnover_ratio": 1.14,
            "reinvestment_rate": 3.65,
            "research_to_sale_ratio": 0.43,
            "price_fair": 86.28,
            "eps_avg_yearly": 2.47,
            "eps_latest_yearly": 1.28,
            "eps_growth_yearly": 221.53
        },
        "20124": {
            "year_quarter": 20124,
            "year": 2012,
            "quarter": 4,
            "eps": 0.11,
            "eps_growth_year": -86.16,
            "eps_4q": 0.76,
            "eps_4q_growth_year": -70.71,
            "roe": 0.51,
            "roe_4q": 3.3000000000000003,
            "gross_profit": 112836,
            "gross_margin": 5.43,
            "gross_margin_4q_avg": 6.4,
            "net_income": 7991,
            "net_income_4q": null,
            "revenue": 2078125,
            "revenue_4q": null,
            "common_shares": 702813,
            "book_valuer_per_share": 22.49,
            "book_valuer_per_share_4q_avg": 22.92,
            "equity": 1580651,
            "current_ratio": 161.97,
            "debt_ratio": 62.79,
            "inventory_turnover_ratio": 1.43,
            "account_receivable_turnover_ratio": 0.92,
            "reinvestment_rate": 144.91,
            "research_to_sale_ratio": 0.61,
            "price_fair": 80.94,
            "eps_avg_yearly": 2.31,
            "eps_latest_yearly": 0.44,
            "eps_growth_yearly": 213.14
        },
        "20131": {
            "year_quarter": 20131,
            "year": 2013,
            "quarter": 1,
            "eps": 0.06,
            "eps_growth_year": -40,
            "eps_4q": 0.72,
            "eps_4q_growth_year": -69.77,
            "roe": 0.26,
            "roe_4q": 3.15,
            "gross_profit": 109679,
            "gross_margin": 5.89,
            "gross_margin_4q_avg": 6.08,
            "net_income": 4137,
            "net_income_4q": null,
            "revenue": 1862747,
            "revenue_4q": null,
            "common_shares": 702813,
            "book_valuer_per_share": 22.67,
            "book_valuer_per_share_4q_avg": 22.47,
            "equity": 1593080,
            "current_ratio": 164.47,
            "debt_ratio": 61.68,
            "inventory_turnover_ratio": 1.35,
            "account_receivable_turnover_ratio": 0.95,
            "reinvestment_rate": 7.32,
            "research_to_sale_ratio": 0.51,
            "price_fair": 77.18,
            "eps_avg_yearly": 2.21,
            "eps_latest_yearly": 0.24,
            "eps_growth_yearly": 209.77
        },
        "20132": {
            "year_quarter": 20132,
            "year": 2013,
            "quarter": 2,
            "eps": 0.09,
            "eps_growth_year": -58.72,
            "eps_4q": 0.59,
            "eps_4q_growth_year": -71.91,
            "roe": 0.41,
            "roe_4q": 2.63,
            "gross_profit": 143406,
            "gross_margin": 6.42,
            "gross_margin_4q_avg": 6.04,
            "net_income": 6456,
            "net_income_4q": null,
            "revenue": 2234335,
            "revenue_4q": null,
            "common_shares": 702813,
            "book_valuer_per_share": 21.73,
            "book_valuer_per_share_4q_avg": 22.33,
            "equity": 1527513,
            "current_ratio": 153.67,
            "debt_ratio": 65.15,
            "inventory_turnover_ratio": 1.61,
            "account_receivable_turnover_ratio": 1.11,
            "reinvestment_rate": 16.39,
            "research_to_sale_ratio": 0.47,
            "price_fair": 72.54,
            "eps_avg_yearly": 2.07,
            "eps_latest_yearly": 0.36,
            "eps_growth_yearly": 215.63
        },
        "20133": {
            "year_quarter": 20133,
            "year": 2013,
            "quarter": 3,
            "eps": 0,
            "eps_growth_year": -100,
            "eps_4q": 0.27,
            "eps_4q_growth_year": -81.66,
            "roe": 0.02,
            "roe_4q": 1.2,
            "gross_profit": 153385,
            "gross_margin": 6.69,
            "gross_margin_4q_avg": 6.11,
            "net_income": 276,
            "net_income_4q": null,
            "revenue": 2292391,
            "revenue_4q": null,
            "common_shares": 702813,
            "book_valuer_per_share": 21.41,
            "book_valuer_per_share_4q_avg": 22.08,
            "equity": 1504593,
            "current_ratio": 151.64,
            "debt_ratio": 66.21,
            "inventory_turnover_ratio": 1.72,
            "account_receivable_turnover_ratio": 1.06,
            "reinvestment_rate": 16.2,
            "research_to_sale_ratio": 0.43,
            "price_fair": 66.36,
            "eps_avg_yearly": 1.9,
            "eps_latest_yearly": 0.36,
            "eps_growth_yearly": 205.92
        },
        "20134": {
            "year_quarter": 20134,
            "year": 2013,
            "quarter": 4,
            "eps": 0.71,
            "eps_growth_year": 522.54,
            "eps_4q": 0.86,
            "eps_4q_growth_year": 14.1,
            "roe": 3.24,
            "roe_4q": 3.9300000000000006,
            "gross_profit": 170416,
            "gross_margin": 7.21,
            "gross_margin_4q_avg": 6.55,
            "net_income": 49747,
            "net_income_4q": null,
            "revenue": 2362233,
            "revenue_4q": null,
            "common_shares": 702813,
            "book_valuer_per_share": 22.22,
            "book_valuer_per_share_4q_avg": 22.01,
            "equity": 1561603,
            "current_ratio": 160.41,
            "debt_ratio": 62.92,
            "inventory_turnover_ratio": 2.16,
            "account_receivable_turnover_ratio": 1.04,
            "reinvestment_rate": 11.78,
            "research_to_sale_ratio": 0.46,
            "price_fair": 64.7,
            "eps_avg_yearly": 1.85,
            "eps_latest_yearly": 0.36,
            "eps_growth_yearly": 233.71
        },
        "20141": {
            "year_quarter": 20141,
            "year": 2014,
            "quarter": 1,
            "eps": 0.48,
            "eps_growth_year": 700,
            "eps_4q": 1.29,
            "eps_4q_growth_year": 79.95,
            "roe": 2.12,
            "roe_4q": 5.79,
            "gross_profit": 140728,
            "gross_margin": 6.43,
            "gross_margin_4q_avg": 6.69,
            "net_income": 33975,
            "net_income_4q": null,
            "revenue": 2187767,
            "revenue_4q": null,
            "common_shares": 702813,
            "book_valuer_per_share": 23.37,
            "book_valuer_per_share_4q_avg": 22.18,
            "equity": 1642157,
            "current_ratio": 166.54,
            "debt_ratio": 60.31,
            "inventory_turnover_ratio": 2.39,
            "account_receivable_turnover_ratio": 0.97,
            "reinvestment_rate": -149.89,
            "research_to_sale_ratio": 0.53,
            "price_fair": 62.6,
            "eps_avg_yearly": 1.79,
            "eps_latest_yearly": 1.92,
            "eps_growth_yearly": 222.22
        },
        "20142": {
            "year_quarter": 20142,
            "year": 2014,
            "quarter": 2,
            "eps": 0.16,
            "eps_growth_year": 77.78,
            "eps_4q": 1.35,
            "eps_4q_growth_year": 129.83,
            "roe": 0.69,
            "roe_4q": 6.07,
            "gross_profit": 150149,
            "gross_margin": 6.7,
            "gross_margin_4q_avg": 6.76,
            "net_income": 11153,
            "net_income_4q": null,
            "revenue": 2241843,
            "revenue_4q": null,
            "common_shares": 702813,
            "book_valuer_per_share": 22.61,
            "book_valuer_per_share_4q_avg": 22.4,
            "equity": 1589321,
            "current_ratio": 159.79,
            "debt_ratio": 62.49,
            "inventory_turnover_ratio": 2.18,
            "account_receivable_turnover_ratio": 1.05,
            "reinvestment_rate": -197.04,
            "research_to_sale_ratio": 0.48,
            "price_fair": 48.2,
            "eps_avg_yearly": 1.38,
            "eps_latest_yearly": 0.64,
            "eps_growth_yearly": 165.49
        },
        "20143": {
            "year_quarter": 20143,
            "year": 2014,
            "quarter": 3,
            "eps": 0.35,
            "eps_growth_year": null,
            "eps_4q": 1.7,
            "eps_4q_growth_year": 534.78,
            "roe": 1.55,
            "roe_4q": 7.6000000000000005,
            "gross_profit": 139452,
            "gross_margin": 6.13,
            "gross_margin_4q_avg": 6.62,
            "net_income": 24844,
            "net_income_4q": null,
            "revenue": 2274828,
            "revenue_4q": null,
            "common_shares": 702813,
            "book_valuer_per_share": 22.92,
            "book_valuer_per_share_4q_avg": 22.78,
            "equity": 1611091,
            "current_ratio": 154.41,
            "debt_ratio": 64.81,
            "inventory_turnover_ratio": 1.92,
            "account_receivable_turnover_ratio": 1.04,
            "reinvestment_rate": 22.22,
            "research_to_sale_ratio": 0.5,
            "price_fair": 45.1,
            "eps_avg_yearly": 1.29,
            "eps_latest_yearly": 1.4,
            "eps_growth_yearly": 216.21
        },
        "20144": {
            "year_quarter": 20144,
            "year": 2014,
            "quarter": 4,
            "eps": 1.05,
            "eps_growth_year": 48.15,
            "eps_4q": 2.04,
            "eps_4q_growth_year": 137.02,
            "roe": 4.43,
            "roe_4q": 8.79,
            "gross_profit": 176213,
            "gross_margin": 7.1,
            "gross_margin_4q_avg": 6.59,
            "net_income": 73698,
            "net_income_4q": null,
            "revenue": 2480126,
            "revenue_4q": null,
            "common_shares": 702813,
            "book_valuer_per_share": 24.42,
            "book_valuer_per_share_4q_avg": 23.33,
            "equity": 1716190,
            "current_ratio": 161.27,
            "debt_ratio": 62.45,
            "inventory_turnover_ratio": 2.08,
            "account_receivable_turnover_ratio": 1.05,
            "reinvestment_rate": 21.9,
            "research_to_sale_ratio": 0.45,
            "price_fair": 55.2,
            "eps_avg_yearly": 1.58,
            "eps_latest_yearly": 4.2,
            "eps_growth_yearly": 300.19
        },
        "20151": {
            "year_quarter": 20151,
            "year": 2015,
            "quarter": 1,
            "eps": 0.13,
            "eps_growth_year": -72.92,
            "eps_4q": 1.69,
            "eps_4q_growth_year": 31.34,
            "roe": 0.53,
            "roe_4q": 7.199999999999999,
            "gross_profit": 145368,
            "gross_margin": 7.16,
            "gross_margin_4q_avg": 6.77,
            "net_income": 9106,
            "net_income_4q": null,
            "revenue": 2029727,
            "revenue_4q": null,
            "common_shares": 702813,
            "book_valuer_per_share": 24.4,
            "book_valuer_per_share_4q_avg": 23.59,
            "equity": 1714648,
            "current_ratio": 165.1,
            "debt_ratio": 61.13,
            "inventory_turnover_ratio": 1.66,
            "account_receivable_turnover_ratio": 0.92,
            "reinvestment_rate": 20.39,
            "research_to_sale_ratio": 0.58,
            "price_fair": 53.4,
            "eps_avg_yearly": 1.53,
            "eps_latest_yearly": 0.52,
            "eps_growth_yearly": 82.3
        },
        "20152": {
            "year_quarter": 20152,
            "year": 2015,
            "quarter": 2,
            "eps": -0.55,
            "eps_growth_year": -443.75,
            "eps_4q": 0.98,
            "eps_4q_growth_year": -27.67,
            "roe": -2.39,
            "roe_4q": 4.119999999999999,
            "gross_profit": 94889,
            "gross_margin": 4.93,
            "gross_margin_4q_avg": 6.33,
            "net_income": -38827,
            "net_income_4q": null,
            "revenue": 1925063,
            "revenue_4q": null,
            "common_shares": 702813,
            "book_valuer_per_share": 21.82,
            "book_valuer_per_share_4q_avg": 23.39,
            "equity": 1533484,
            "current_ratio": 156.29,
            "debt_ratio": 64.52,
            "inventory_turnover_ratio": 1.4,
            "account_receivable_turnover_ratio": 1.01,
            "reinvestment_rate": 25.34,
            "research_to_sale_ratio": 0.56,
            "price_fair": 52.23,
            "eps_avg_yearly": 1.49,
            "eps_latest_yearly": 0.52,
            "eps_growth_yearly": 70.76
        },
        "20153": {
            "year_quarter": 20153,
            "year": 2015,
            "quarter": 3,
            "eps": 0.77,
            "eps_growth_year": 120,
            "eps_4q": 1.4,
            "eps_4q_growth_year": -17.6,
            "roe": 3.48,
            "roe_4q": 6.05,
            "gross_profit": 171438,
            "gross_margin": 6.74,
            "gross_margin_4q_avg": 6.48,
            "net_income": 54668,
            "net_income_4q": null,
            "revenue": 2545059,
            "revenue_4q": null,
            "common_shares": 702813,
            "book_valuer_per_share": 22.91,
            "book_valuer_per_share_4q_avg": 23.39,
            "equity": 1609997,
            "current_ratio": 148.84,
            "debt_ratio": 67.83,
            "inventory_turnover_ratio": 1.79,
            "account_receivable_turnover_ratio": 1.14,
            "reinvestment_rate": 17.78,
            "research_to_sale_ratio": 0.41,
            "price_fair": 45.38,
            "eps_avg_yearly": 1.3,
            "eps_latest_yearly": 0.52,
            "eps_growth_yearly": 44.69
        },
        "20154": {
            "year_quarter": 20154,
            "year": 2015,
            "quarter": 4,
            "eps": 0.63,
            "eps_growth_year": -39.65,
            "eps_4q": 0.99,
            "eps_4q_growth_year": -51.68,
            "roe": 2.69,
            "roe_4q": 4.31,
            "gross_profit": 188199,
            "gross_margin": 7.58,
            "gross_margin_4q_avg": 6.6,
            "net_income": 44474,
            "net_income_4q": null,
            "revenue": 2481373,
            "revenue_4q": null,
            "common_shares": 702813,
            "book_valuer_per_share": 24.21,
            "book_valuer_per_share_4q_avg": 23.34,
            "equity": 1701338,
            "current_ratio": 153.82,
            "debt_ratio": 65.08,
            "inventory_turnover_ratio": 1.78,
            "account_receivable_turnover_ratio": 0.99,
            "reinvestment_rate": 35.8,
            "research_to_sale_ratio": 0.38,
            "price_fair": 43.17,
            "eps_avg_yearly": 1.23,
            "eps_latest_yearly": 2.52,
            "eps_growth_yearly": 43.49
        },
        "20161": {
            "year_quarter": 20161,
            "year": 2016,
            "quarter": 1,
            "eps": 0.27,
            "eps_growth_year": 107.69,
            "eps_4q": 1.13,
            "eps_4q_growth_year": -33.2,
            "roe": 1.12,
            "roe_4q": 4.9,
            "gross_profit": 173364,
            "gross_margin": 7.15,
            "gross_margin_4q_avg": 6.6,
            "net_income": 19041,
            "net_income_4q": null,
            "revenue": 2423613,
            "revenue_4q": null,
            "common_shares": 702813,
            "book_valuer_per_share": 24.29,
            "book_valuer_per_share_4q_avg": 23.31,
            "equity": 1707473,
            "current_ratio": 152.79,
            "debt_ratio": 65.55,
            "inventory_turnover_ratio": 1.71,
            "account_receivable_turnover_ratio": 1.01,
            "reinvestment_rate": 36.84,
            "research_to_sale_ratio": 0.38,
            "price_fair": 45.15,
            "eps_avg_yearly": 1.29,
            "eps_latest_yearly": 1.08,
            "eps_growth_yearly": 53.71
        },
        "20162": {
            "year_quarter": 20162,
            "year": 2016,
            "quarter": 2,
            "eps": 0.02,
            "eps_growth_year": null,
            "eps_4q": 1.7,
            "eps_4q_growth_year": 73.57,
            "roe": 0.08,
            "roe_4q": 7.37,
            "gross_profit": 148089,
            "gross_margin": 6,
            "gross_margin_4q_avg": 6.87,
            "net_income": 1273,
            "net_income_4q": null,
            "revenue": 2470101,
            "revenue_4q": null,
            "common_shares": 702813,
            "book_valuer_per_share": 22.6,
            "book_valuer_per_share_4q_avg": 23.5,
            "equity": 1588081,
            "current_ratio": 148.49,
            "debt_ratio": 68.05,
            "inventory_turnover_ratio": 1.69,
            "account_receivable_turnover_ratio": 1.01,
            "reinvestment_rate": 19.5,
            "research_to_sale_ratio": 0.43,
            "price_fair": 3.67,
            "eps_avg_yearly": 1.22,
            "eps_latest_yearly": 0.08,
            "eps_growth_yearly": -17.16
        },
        "20163": {
            "year_quarter": 20163,
            "year": 2016,
            "quarter": 3,
            "eps": 0.09,
            "eps_growth_year": -88.31,
            "eps_4q": 1.01,
            "eps_4q_growth_year": -28.18,
            "roe": 0.38,
            "roe_4q": 4.27,
            "gross_profit": 181071,
            "gross_margin": 5.1,
            "gross_margin_4q_avg": 6.46,
            "net_income": 6057,
            "net_income_4q": null,
            "revenue": 3552259,
            "revenue_4q": null,
            "common_shares": 702813,
            "book_valuer_per_share": 22.46,
            "book_valuer_per_share_4q_avg": 23.39,
            "equity": 1578685,
            "current_ratio": 135.74,
            "debt_ratio": 74.11,
            "inventory_turnover_ratio": 2.4,
            "account_receivable_turnover_ratio": 1.19,
            "reinvestment_rate": 20.55,
            "research_to_sale_ratio": 0.26,
            "price_fair": 40.13,
            "eps_avg_yearly": 1.15,
            "eps_latest_yearly": 0.36,
            "eps_growth_yearly": 84.36
        },
        "20164": {
            "year_quarter": 20164,
            "year": 2016,
            "quarter": 4,
            "eps": 1.06,
            "eps_growth_year": 67.1,
            "eps_4q": 1.43,
            "eps_4q_growth_year": 45.04,
            "roe": 4.6,
            "roe_4q": 6.18,
            "gross_profit": 189455,
            "gross_margin": 5.62,
            "gross_margin_4q_avg": 5.97,
            "net_income": 74314,
            "net_income_4q": null,
            "revenue": 3370285,
            "revenue_4q": null,
            "common_shares": 702813,
            "book_valuer_per_share": 23.49,
            "book_valuer_per_share_4q_avg": 23.21,
            "equity": 1650853,
            "current_ratio": 136.17,
            "debt_ratio": 73.98,
            "inventory_turnover_ratio": 2.23,
            "account_receivable_turnover_ratio": 0.93,
            "reinvestment_rate": -233.9,
            "research_to_sale_ratio": 0.25,
            "price_fair": 51.22,
            "eps_avg_yearly": 1.46,
            "eps_latest_yearly": 4.24,
            "eps_growth_yearly": 465.49
        },
        "20171": {
            "year_quarter": 20171,
            "year": 2017,
            "quarter": 1,
            "eps": -0.76,
            "eps_growth_year": -381.48,
            "eps_4q": 0.4,
            "eps_4q_growth_year": -64.37,
            "roe": -3.32,
            "roe_4q": 1.7399999999999998,
            "gross_profit": 133092,
            "gross_margin": 4.24,
            "gross_margin_4q_avg": 5.24,
            "net_income": -53368,
            "net_income_4q": null,
            "revenue": 3141124,
            "revenue_4q": null,
            "common_shares": 702813,
            "book_valuer_per_share": 22.27,
            "book_valuer_per_share_4q_avg": 22.71,
            "equity": 1564918,
            "current_ratio": 135.96,
            "debt_ratio": 73.97,
            "inventory_turnover_ratio": 1.97,
            "account_receivable_turnover_ratio": 0.92,
            "reinvestment_rate": 7.66,
            "research_to_sale_ratio": 0.28,
            "price_fair": 55.11,
            "eps_avg_yearly": 1.57,
            "eps_latest_yearly": 4.24,
            "eps_growth_yearly": 524.34
        },
        "20172": {
            "year_quarter": 20172,
            "year": 2017,
            "quarter": 2,
            "eps": 0.43,
            "eps_growth_year": 2050,
            "eps_4q": 0.82,
            "eps_4q_growth_year": -51.87,
            "roe": 1.93,
            "roe_4q": 3.59,
            "gross_profit": 164307,
            "gross_margin": 5.53,
            "gross_margin_4q_avg": 5.12,
            "net_income": 30493,
            "net_income_4q": null,
            "revenue": 2969497,
            "revenue_4q": null,
            "common_shares": 702813,
            "book_valuer_per_share": 22.67,
            "book_valuer_per_share_4q_avg": 22.72,
            "equity": 1593379,
            "current_ratio": 141.82,
            "debt_ratio": 71.1,
            "inventory_turnover_ratio": 1.86,
            "account_receivable_turnover_ratio": 0.97,
            "reinvestment_rate": -8.27,
            "research_to_sale_ratio": 0.26,
            "price_fair": 59.36,
            "eps_avg_yearly": 1.7,
            "eps_latest_yearly": 4.24,
            "eps_growth_yearly": 556.77
        }
    },
    "months": {
        "2005-05": {
            "month": "2005-05",
            "price": "43.96",
            "revenue": 317912
        },
        "2005-06": {
            "month": "2005-06",
            "price": "42.22",
            "revenue": 348849
        },
        "2005-07": {
            "month": "2005-07",
            "price": "41.90",
            "revenue": 390136
        },
        "2005-08": {
            "month": "2005-08",
            "price": "40.15",
            "revenue": 521576
        },
        "2005-11": {
            "month": "2005-11",
            "price": "37.47",
            "revenue": 567931
        },
        "2005-12": {
            "month": "2005-12",
            "price": "37.25",
            "revenue": 557275
        },
        "2006-02": {
            "month": "2006-02",
            "price": "37.60",
            "revenue": 395588
        },
        "2006-03": {
            "month": "2006-03",
            "price": "40.04",
            "revenue": 497645
        },
        "2006-04": {
            "month": "2006-04",
            "price": "51.39",
            "revenue": 516471
        },
        "2006-05": {
            "month": "2006-05",
            "price": "62.56",
            "revenue": 429465
        },
        "2006-06": {
            "month": "2006-06",
            "price": "53.39",
            "revenue": 469173
        },
        "2006-07": {
            "month": "2006-07",
            "price": "51.58",
            "revenue": 614653
        },
        "2006-08": {
            "month": "2006-08",
            "price": "53.57",
            "revenue": 737842
        },
        "2006-09": {
            "month": "2006-09",
            "price": "59.80",
            "revenue": 898721
        },
        "2006-10": {
            "month": "2006-10",
            "price": "50.38",
            "revenue": 738093
        },
        "2006-11": {
            "month": "2006-11",
            "price": "52.91",
            "revenue": 936764
        },
        "2006-12": {
            "month": "2006-12",
            "price": "60.93",
            "revenue": 742782
        },
        "2007-01": {
            "month": "2007-01",
            "price": "65.09",
            "revenue": 814154
        },
        "2007-02": {
            "month": "2007-02",
            "price": "62.02",
            "revenue": 674359
        },
        "2007-03": {
            "month": "2007-03",
            "price": "71.39",
            "revenue": 788980
        },
        "2007-04": {
            "month": "2007-04",
            "price": "70.84",
            "revenue": 727136
        },
        "2007-05": {
            "month": "2007-05",
            "price": "72.00",
            "revenue": 640241
        },
        "2007-06": {
            "month": "2007-06",
            "price": "87.94",
            "revenue": 632145
        },
        "2007-07": {
            "month": "2007-07",
            "price": "93.60",
            "revenue": 641521
        },
        "2007-08": {
            "month": "2007-08",
            "price": "95.41",
            "revenue": 782889
        },
        "2007-09": {
            "month": "2007-09",
            "price": "85.01",
            "revenue": 899237
        },
        "2007-10": {
            "month": "2007-10",
            "price": "83.24",
            "revenue": 661311
        },
        "2007-11": {
            "month": "2007-11",
            "price": "67.76",
            "revenue": 629769
        },
        "2007-12": {
            "month": "2007-12",
            "price": "54.72",
            "revenue": 556337
        },
        "2008-01": {
            "month": "2008-01",
            "price": "49.87",
            "revenue": 592371
        },
        "2008-02": {
            "month": "2008-02",
            "price": "43.47",
            "revenue": 416055
        },
        "2008-03": {
            "month": "2008-03",
            "price": "45.50",
            "revenue": 622491
        },
        "2008-04": {
            "month": "2008-04",
            "price": "49.37",
            "revenue": 693244
        },
        "2008-05": {
            "month": "2008-05",
            "price": "48.13",
            "revenue": 564516
        },
        "2008-06": {
            "month": "2008-06",
            "price": "39.56",
            "revenue": 563875
        },
        "2008-07": {
            "month": "2008-07",
            "price": "30.18",
            "revenue": 868530
        },
        "2008-08": {
            "month": "2008-08",
            "price": "29.90",
            "revenue": 665661
        },
        "2008-09": {
            "month": "2008-09",
            "price": "20.58",
            "revenue": 786945
        },
        "2008-10": {
            "month": "2008-10",
            "price": "16.66",
            "revenue": 626933
        },
        "2008-11": {
            "month": "2008-11",
            "price": "15.50",
            "revenue": 443033
        },
        "2008-12": {
            "month": "2008-12",
            "price": "14.76",
            "revenue": 296829
        },
        "2009-01": {
            "month": "2009-01",
            "price": "14.28",
            "revenue": 317958
        },
        "2009-02": {
            "month": "2009-02",
            "price": "14.63",
            "revenue": 397247
        },
        "2009-03": {
            "month": "2009-03",
            "price": "17.58",
            "revenue": 572436
        },
        "2009-04": {
            "month": "2009-04",
            "price": "24.39",
            "revenue": 616386
        },
        "2009-05": {
            "month": "2009-05",
            "price": "27.67",
            "revenue": 505806
        },
        "2009-06": {
            "month": "2009-06",
            "price": "26.40",
            "revenue": 584671
        },
        "2009-07": {
            "month": "2009-07",
            "price": "26.78",
            "revenue": 684915
        },
        "2009-08": {
            "month": "2009-08",
            "price": "25.55",
            "revenue": 725361
        },
        "2009-09": {
            "month": "2009-09",
            "price": "28.30",
            "revenue": 953717
        },
        "2009-10": {
            "month": "2009-10",
            "price": "30.58",
            "revenue": 740156
        },
        "2009-11": {
            "month": "2009-11",
            "price": "31.43",
            "revenue": 669237
        },
        "2009-12": {
            "month": "2009-12",
            "price": "38.35",
            "revenue": 662955
        },
        "2010-01": {
            "month": "2010-01",
            "price": "46.67",
            "revenue": 806242
        },
        "2010-02": {
            "month": "2010-02",
            "price": "49.54",
            "revenue": 576485
        },
        "2010-03": {
            "month": "2010-03",
            "price": "53.28",
            "revenue": 754697
        },
        "2010-04": {
            "month": "2010-04",
            "price": "49.82",
            "revenue": 693273
        },
        "2010-05": {
            "month": "2010-05",
            "price": "41.65",
            "revenue": 594933
        },
        "2010-06": {
            "month": "2010-06",
            "price": "38.80",
            "revenue": 594681
        },
        "2010-07": {
            "month": "2010-07",
            "price": "37.87",
            "revenue": 604118
        },
        "2010-08": {
            "month": "2010-08",
            "price": "36.57",
            "revenue": 551585
        },
        "2010-09": {
            "month": "2010-09",
            "price": "45.14",
            "revenue": 598519
        },
        "2010-10": {
            "month": "2010-10",
            "price": "43.45",
            "revenue": 462882
        },
        "2010-11": {
            "month": "2010-11",
            "price": "35.85",
            "revenue": 476448
        },
        "2010-12": {
            "month": "2010-12",
            "price": "38.72",
            "revenue": 476877
        },
        "2011-01": {
            "month": "2011-01",
            "price": "36.44",
            "revenue": 530860
        },
        "2011-02": {
            "month": "2011-02",
            "price": "34.74",
            "revenue": 315900
        },
        "2011-03": {
            "month": "2011-03",
            "price": "37.03",
            "revenue": 578737
        },
        "2011-04": {
            "month": "2011-04",
            "price": "34.80",
            "revenue": 520523
        },
        "2011-05": {
            "month": "2011-05",
            "price": "33.20",
            "revenue": 449451
        },
        "2011-06": {
            "month": "2011-06",
            "price": "30.79",
            "revenue": 423291
        },
        "2011-07": {
            "month": "2011-07",
            "price": "27.35",
            "revenue": 444245
        },
        "2011-08": {
            "month": "2011-08",
            "price": "21.79",
            "revenue": 405568
        },
        "2011-09": {
            "month": "2011-09",
            "price": "20.83",
            "revenue": 433536
        },
        "2011-10": {
            "month": "2011-10",
            "price": "19.96",
            "revenue": 370424
        },
        "2011-11": {
            "month": "2011-11",
            "price": "21.31",
            "revenue": 394859
        },
        "2011-12": {
            "month": "2011-12",
            "price": "19.96",
            "revenue": 404874
        },
        "2012-01": {
            "month": "2012-01",
            "price": "21.13",
            "revenue": 356544
        },
        "2012-02": {
            "month": "2012-02",
            "price": "24.54",
            "revenue": 417629
        },
        "2012-03": {
            "month": "2012-03",
            "price": "25.69",
            "revenue": 519558
        },
        "2012-04": {
            "month": "2012-04",
            "price": "28.29",
            "revenue": 462216
        },
        "2012-05": {
            "month": "2012-05",
            "price": "25.42",
            "revenue": 464712
        },
        "2012-06": {
            "month": "2012-06",
            "price": "23.93",
            "revenue": 383015
        },
        "2012-07": {
            "month": "2012-07",
            "price": "24.72",
            "revenue": 526686
        },
        "2012-08": {
            "month": "2012-08",
            "price": "21.71",
            "revenue": 505011
        },
        "2012-09": {
            "month": "2012-09",
            "price": "21.49",
            "revenue": 487773
        },
        "2012-10": {
            "month": "2012-10",
            "price": "20.05",
            "revenue": 382207
        },
        "2012-11": {
            "month": "2012-11",
            "price": "17.85",
            "revenue": 381009
        },
        "2012-12": {
            "month": "2012-12",
            "price": "18.71",
            "revenue": 332145
        },
        "2013-01": {
            "month": "2013-01",
            "price": "18.70",
            "revenue": 770492
        },
        "2013-02": {
            "month": "2013-02",
            "price": "19.09",
            "revenue": 448481
        },
        "2013-03": {
            "month": "2013-03",
            "price": "20.40",
            "revenue": 643869
        },
        "2013-04": {
            "month": "2013-04",
            "price": "20.62",
            "revenue": 728367
        },
        "2013-05": {
            "month": "2013-05",
            "price": "20.58",
            "revenue": 827147
        },
        "2013-06": {
            "month": "2013-06",
            "price": "20.11",
            "revenue": 678821
        },
        "2013-07": {
            "month": "2013-07",
            "price": "19.65",
            "revenue": 746728
        },
        "2013-08": {
            "month": "2013-08",
            "price": "17.54",
            "revenue": 756149
        },
        "2013-09": {
            "month": "2013-09",
            "price": "17.04",
            "revenue": 789515
        },
        "2013-10": {
            "month": "2013-10",
            "price": "16.95",
            "revenue": 707252
        },
        "2013-11": {
            "month": "2013-11",
            "price": "16.09",
            "revenue": 790818
        },
        "2013-12": {
            "month": "2013-12",
            "price": "15.69",
            "revenue": 864162
        },
        "2014-01": {
            "month": "2014-01",
            "price": "17.30",
            "revenue": 802945
        },
        "2014-02": {
            "month": "2014-02",
            "price": "17.44",
            "revenue": 602010
        },
        "2014-03": {
            "month": "2014-03",
            "price": "18.18",
            "revenue": 783135
        },
        "2014-04": {
            "month": "2014-04",
            "price": "18.94",
            "revenue": 798517
        },
        "2014-05": {
            "month": "2014-05",
            "price": "20.07",
            "revenue": 763100
        },
        "2014-06": {
            "month": "2014-06",
            "price": "20.25",
            "revenue": 679903
        },
        "2014-07": {
            "month": "2014-07",
            "price": "20.35",
            "revenue": 792455
        },
        "2014-08": {
            "month": "2014-08",
            "price": "19.08",
            "revenue": 732277
        },
        "2014-09": {
            "month": "2014-09",
            "price": "19.22",
            "revenue": 750095
        },
        "2014-10": {
            "month": "2014-10",
            "price": "17.42",
            "revenue": 847794
        },
        "2014-11": {
            "month": "2014-11",
            "price": "17.64",
            "revenue": 869491
        },
        "2014-12": {
            "month": "2014-12",
            "price": "18.37",
            "revenue": 762846
        },
        "2015-01": {
            "month": "2015-01",
            "price": "18.42",
            "revenue": 907505
        },
        "2015-02": {
            "month": "2015-02",
            "price": "18.75",
            "revenue": 454602
        },
        "2015-03": {
            "month": "2015-03",
            "price": "19.89",
            "revenue": 667618
        },
        "2015-04": {
            "month": "2015-04",
            "price": "23.05",
            "revenue": 649189
        },
        "2015-05": {
            "month": "2015-05",
            "price": "21.75",
            "revenue": 622489
        },
        "2015-06": {
            "month": "2015-06",
            "price": "19.45",
            "revenue": 653386
        },
        "2015-07": {
            "month": "2015-07",
            "price": "19.02",
            "revenue": 797017
        },
        "2015-08": {
            "month": "2015-08",
            "price": "14.97",
            "revenue": 847307
        },
        "2015-09": {
            "month": "2015-09",
            "price": "14.92",
            "revenue": 900735
        },
        "2015-10": {
            "month": "2015-10",
            "price": "15.83",
            "revenue": 834486
        },
        "2015-11": {
            "month": "2015-11",
            "price": "16.37",
            "revenue": 897606
        },
        "2015-12": {
            "month": "2015-12",
            "price": "15.72",
            "revenue": 749283
        },
        "2016-01": {
            "month": "2016-01",
            "price": "14.63",
            "revenue": 971719
        },
        "2016-02": {
            "month": "2016-02",
            "price": "15.58",
            "revenue": 537557
        },
        "2016-03": {
            "month": "2016-03",
            "price": "16.52",
            "revenue": 914340
        },
        "2016-04": {
            "month": "2016-04",
            "price": "16.75",
            "revenue": 787788
        },
        "2016-05": {
            "month": "2016-05",
            "price": "16.25",
            "revenue": 849945
        },
        "2016-06": {
            "month": "2016-06",
            "price": "16.24",
            "revenue": 832371
        },
        "2016-07": {
            "month": "2016-07",
            "price": "17.73",
            "revenue": 998181
        },
        "2016-08": {
            "month": "2016-08",
            "price": "17.02",
            "revenue": 1256017
        },
        "2016-09": {
            "month": "2016-09",
            "price": "17.35",
            "revenue": 1298062
        },
        "2016-10": {
            "month": "2016-10",
            "price": "18.04",
            "revenue": 1100053
        },
        "2016-11": {
            "month": "2016-11",
            "price": "16.86",
            "revenue": 1176091
        },
        "2016-12": {
            "month": "2016-12",
            "price": "16.54",
            "revenue": 1094138
        },
        "2017-01": {
            "month": "2017-01",
            "price": "16.82",
            "revenue": 1064978
        },
        "2017-02": {
            "month": "2017-02",
            "price": "17.23",
            "revenue": 917459
        },
        "2017-03": {
            "month": "2017-03",
            "price": "17.60",
            "revenue": 1158690
        },
        "2017-04": {
            "month": "2017-04",
            "price": "25.41",
            "revenue": 1043464
        },
        "2017-05": {
            "month": "2017-05",
            "price": "26.54",
            "revenue": 895353
        },
        "2017-06": {
            "month": "2017-06",
            "price": "26.59",
            "revenue": 1030917
        },
        "2017-07": {
            "month": "2017-07",
            "price": "26.72",
            "revenue": 1146451
        },
        "2017-08": {
            "month": "2017-08",
            "price": "26.74",
            "revenue": 1462908
        }
    }
}
