{
    "summary": {
        "stock_name": "尼克森",
        "stock_id": "3317",
        "category": "半導體",
        "main_business": "類比積體整合電路產品設計",
        "website_url": "http://www.niko-sem.com",
        "ceo": "楊惠強",
        "pe_ratio": 10,
        "report_year_from": 2003,
        "report_year_to": 2023,
        "age": 20,
        "eps_negative_percentage": 16,
        "eps_growth_avg": {
            "last_all": -0.76,
            "last_2y": 36.02,
            "last_4y": 40.16,
            "last_8y": 11.71,
            "last_12y": -7.09,
            "last_16y": -0.76,
            "last_20y": null,
            "at_2006_last_3y": null,
            "at_2007_last_3y": null,
            "at_2008_last_3y": null,
            "at_2009_last_3y": 15.07,
            "at_2010_last_3y": -26.06,
            "at_2011_last_3y": -53.77,
            "at_2012_last_3y": -45.12,
            "at_2013_last_3y": -82.26,
            "at_2014_last_3y": -71.59,
            "at_2015_last_3y": -71.59,
            "at_2016_last_3y": -71.59,
            "at_2017_last_3y": -35.72,
            "at_2018_last_3y": 0.53,
            "at_2019_last_3y": 42.93,
            "at_2020_last_3y": 31.1,
            "at_2021_last_3y": 44.62,
            "at_2022_last_3y": 33.81,
            "at_2023_last_3y": 33.81,
            "at_2006_last_all": null,
            "at_2007_last_all": 55.41,
            "at_2008_last_all": 10.36,
            "at_2009_last_all": 15.07,
            "at_2010_last_all": -0.85,
            "at_2011_last_all": -17.38,
            "at_2012_last_all": -17.38,
            "at_2013_last_all": -17.38,
            "at_2014_last_all": -21.06,
            "at_2015_last_all": -30.93,
            "at_2016_last_all": -30.93,
            "at_2017_last_all": -23.49,
            "at_2018_last_all": -14.58,
            "at_2019_last_all": -10.79,
            "at_2020_last_all": -10.25,
            "at_2021_last_all": -2.53,
            "at_2022_last_all": -0.76,
            "at_2023_last_all": -0.76
        },
        "latest_eps": 5.29,
        "latest_price": 53,
        "latest_roe": 12.73,
        "latest_gross_margin": 24.06,
        "latest_equity": 2692742,
        "latest_revenue": 597058,
        "latest_gross_profit": 143624,
        "latest_net_income": 42064,
        "latest_debt_ratio": 17.21,
        "latest_current_ratio": 477.7,
        "latest_account_receivable_turnover_ratio": 0.77,
        "latest_inventory_turnover_ratio": 0.59,
        "latest_reinvestment_rate": 8.04,
        "latest_research_to_sale_ratio": 6.65
    },
    "eps_dividends": {
        "2001": {
            "cash": 0,
            "stock": 0,
            "eps": 0
        },
        "2002": {
            "cash": 0,
            "stock": 0,
            "eps": 0
        },
        "2003": {
            "cash": 0,
            "stock": 0,
            "eps": 0
        },
        "2004": {
            "cash": 0,
            "stock": 0,
            "eps": 0
        },
        "2005": {
            "cash": 0,
            "stock": 0,
            "eps": 1.53
        },
        "2006": {
            "cash": 0,
            "stock": 1,
            "eps": 7.48
        },
        "2007": {
            "cash": 2,
            "stock": 1,
            "eps": 8.29
        },
        "2008": {
            "cash": 3,
            "stock": 1,
            "eps": 1.68
        },
        "2009": {
            "cash": 0.5,
            "stock": 1.01,
            "eps": 2.17
        },
        "2010": {
            "cash": 1,
            "stock": 0,
            "eps": 0.77
        },
        "2011": {
            "cash": 0.4,
            "stock": 0,
            "eps": -1.8
        },
        "2012": {
            "cash": 0,
            "stock": 0,
            "eps": -0.58
        },
        "2013": {
            "cash": 0,
            "stock": 0,
            "eps": 0.44
        },
        "2014": {
            "cash": 0,
            "stock": 0,
            "eps": 0.25
        },
        "2015": {
            "cash": 0,
            "stock": 0,
            "eps": -0.44
        },
        "2016": {
            "cash": 0,
            "stock": 0,
            "eps": 1.11
        },
        "2017": {
            "cash": 0,
            "stock": 0,
            "eps": 1.51
        },
        "2018": {
            "cash": 0.5,
            "stock": 0,
            "eps": 2.5
        },
        "2019": {
            "cash": 0.7,
            "stock": 0,
            "eps": 3.18
        },
        "2020": {
            "cash": 1,
            "stock": 0,
            "eps": 3.04
        },
        "2021": {
            "cash": 1,
            "stock": 0,
            "eps": 5.78
        },
        "2022": {
            "cash": 1.2,
            "stock": 0,
            "eps": 7.07
        },
        "2023": {
            "cash": 0.4,
            "stock": 1.6,
            "eps": 0.69
        }
    },
    "dividends": {
        "2006-04-24": {
            "cash": 0,
            "stock": 1
        },
        "2007-04-10": {
            "cash": 2,
            "stock": 1
        },
        "2008-03-17": {
            "cash": 3,
            "stock": 1
        },
        "2009-03-13": {
            "cash": 0.5,
            "stock": 1.01
        },
        "2010-03-30": {
            "cash": 1,
            "stock": 0
        },
        "2011-04-26": {
            "cash": 0.4,
            "stock": 0
        },
        "2018-09-13": {
            "cash": 0.5,
            "stock": 0
        },
        "2019-09-12": {
            "cash": 0.7,
            "stock": 0
        },
        "2020-09-17": {
            "cash": 1,
            "stock": 0
        },
        "2021-09-15": {
            "cash": 1,
            "stock": 0
        },
        "2022-09-15": {
            "cash": 1.2,
            "stock": 0
        },
        "2023-03-17": {
            "cash": 0.4,
            "stock": 1.6
        }
    },
    "prices": {
        "200101": "無",
        "200102": "無",
        "200103": "無",
        "200104": "無",
        "200105": "無",
        "200106": "無",
        "200107": "無",
        "200108": "無",
        "200109": "無",
        "200110": "無",
        "200111": "無",
        "200112": "無",
        "200201": "無",
        "200202": "無",
        "200203": "無",
        "200204": "無",
        "200205": "無",
        "200206": "無",
        "200207": "無",
        "200208": "無",
        "200209": "無",
        "200210": "無",
        "200211": "無",
        "200212": "無",
        "200301": "無",
        "200302": "無",
        "200303": "無",
        "200304": "無",
        "200305": "無",
        "200306": "無",
        "200307": "無",
        "200308": "無",
        "200309": "無",
        "200310": "無",
        "200311": "無",
        "200312": "無",
        "200401": "無",
        "200402": "無",
        "200403": "無",
        "200404": "無",
        "200405": "無",
        "200406": "26.20",
        "200407": "29.57",
        "200408": "28.20",
        "200409": "無",
        "200410": "無",
        "200411": "23.70",
        "200412": "20.95",
        "200501": "無",
        "200502": "20.10",
        "200503": "無",
        "200504": "無",
        "200505": "無",
        "200506": "無",
        "200507": "無",
        "200508": "20.75",
        "200509": "無",
        "200510": "無",
        "200511": "無",
        "200512": "無",
        "200601": "無",
        "200602": "24.58",
        "200603": "36.56",
        "200604": "47.02",
        "200605": "56.36",
        "200606": "61.76",
        "200607": "63.62",
        "200608": "51.87",
        "200609": "63.00",
        "200610": "73.76",
        "200611": "96.31",
        "200612": "130.24",
        "200701": "136.62",
        "200702": "138.91",
        "200703": "136.85",
        "200704": "142.09",
        "200705": "173.10",
        "200706": "227.64",
        "200707": "231.20",
        "200708": "176.85",
        "200709": "156.22",
        "200710": "161.14",
        "200711": "137.23",
        "200712": "106.60",
        "200801": "89.42",
        "200802": "83.28",
        "200803": "87.57",
        "200804": "99.46",
        "200805": "103.59",
        "200806": "79.79",
        "200807": "66.78",
        "200808": "67.89",
        "200809": "36.13",
        "200810": "31.10",
        "200811": "22.00",
        "200812": "19.08",
        "200901": "19.97",
        "200902": "22.78",
        "200903": "30.07",
        "200904": "33.69",
        "200905": "37.42",
        "200906": "32.63",
        "200907": "39.72",
        "200908": "54.14",
        "200909": "53.78",
        "200910": "53.40",
        "200911": "49.65",
        "200912": "57.24",
        "201001": "54.46",
        "201002": "51.65",
        "201003": "54.80",
        "201004": "52.41",
        "201005": "41.94",
        "201006": "39.02",
        "201007": "40.20",
        "201008": "39.46",
        "201009": "37.44",
        "201010": "34.67",
        "201011": "30.21",
        "201012": "33.28",
        "201101": "33.15",
        "201102": "31.41",
        "201103": "28.38",
        "201104": "27.01",
        "201105": "27.75",
        "201106": "26.37",
        "201107": "20.89",
        "201108": "17.10",
        "201109": "15.47",
        "201110": "15.81",
        "201111": "14.08",
        "201112": "12.08",
        "201201": "12.23",
        "201202": "16.38",
        "201203": "16.09",
        "201204": "13.30",
        "201205": "12.87",
        "201206": "12.22",
        "201207": "12.08",
        "201208": "11.65",
        "201209": "12.99",
        "201210": "12.66",
        "201211": "11.75",
        "201212": "12.75",
        "201301": "13.66",
        "201302": "13.57",
        "201303": "14.05",
        "201304": "15.05",
        "201305": "15.70",
        "201306": "15.04",
        "201307": "15.56",
        "201308": "15.78",
        "201309": "16.18",
        "201310": "16.61",
        "201311": "14.93",
        "201312": "15.96",
        "201401": "21.95",
        "201402": "21.66",
        "201403": "24.69",
        "201404": "23.30",
        "201405": "22.63",
        "201406": "23.42",
        "201407": "22.22",
        "201408": "19.20",
        "201409": "17.97",
        "201410": "15.94",
        "201411": "14.96",
        "201412": "16.33",
        "201501": "17.45",
        "201502": "17.44",
        "201503": "17.54",
        "201504": "16.31",
        "201505": "14.06",
        "201506": "12.08",
        "201507": "11.62",
        "201508": "9.90",
        "201509": "10.82",
        "201510": "12.13",
        "201511": "11.37",
        "201512": "11.46",
        "201601": "10.56",
        "201602": "10.83",
        "201603": "12.04",
        "201604": "13.23",
        "201605": "12.19",
        "201606": "13.36",
        "201607": "14.56",
        "201608": "15.83",
        "201609": "16.18",
        "201610": "15.88",
        "201611": "13.13",
        "201612": "13.74",
        "201701": "14.20",
        "201702": "14.81",
        "201703": "16.33",
        "201704": "19.84",
        "201705": "19.57",
        "201706": "19.52",
        "201707": "18.72",
        "201708": "20.20",
        "201709": "21.58",
        "201710": "25.55",
        "201711": "40.82",
        "201712": "40.56",
        "201801": "42.52",
        "201802": "40.57",
        "201803": "41.72",
        "201804": "38.76",
        "201805": "38.31",
        "201806": "51.64",
        "201807": "50.55",
        "201808": "42.77",
        "201809": "37.60",
        "201810": "30.18",
        "201811": "30.30",
        "201812": "34.36",
        "201901": "34.21",
        "201902": "36.60",
        "201903": "34.96",
        "201904": "33.22",
        "201905": "29.99",
        "201906": "31.34",
        "201907": "35.35",
        "201908": "40.63",
        "201909": "45.20",
        "201910": "47.83",
        "201911": "47.66",
        "201912": "48.76",
        "202001": "47.39",
        "202002": "42.87",
        "202003": "34.35",
        "202004": "34.16",
        "202005": "38.62",
        "202006": "39.46",
        "202007": "37.52",
        "202008": "35.65",
        "202009": "37.12",
        "202010": "38.25",
        "202011": "39.40",
        "202012": "44.23",
        "202101": "47.65",
        "202102": "47.33",
        "202103": "52.60",
        "202104": "63.39",
        "202105": "58.48",
        "202106": "66.69",
        "202107": "82.55",
        "202108": "78.11",
        "202109": "72.35",
        "202110": "66.52",
        "202111": "79.45",
        "202112": "79.86",
        "202201": "73.90",
        "202202": "70.29",
        "202203": "68.82",
        "202204": "61.63",
        "202205": "65.00",
        "202206": "67.96",
        "202207": "59.79",
        "202208": "62.89",
        "202209": "55.60",
        "202210": "46.97",
        "202211": "52.80",
        "202212": "56.20",
        "202301": "54.42",
        "202302": "57.79",
        "202303": "57.12",
        "202304": "57.55",
        "202305": "52.68",
        "202306": "53.59"
    },
    "quarters": {
        "20011": {
            "year_quarter": 20011,
            "year": 2001,
            "quarter": 1,
            "eps": null,
            "eps_growth_year": null,
            "eps_4q": null,
            "eps_4q_growth_year": null,
            "roe": null,
            "roe_4q": 0,
            "gross_profit": null,
            "gross_margin": null,
            "gross_margin_4q_avg": 0,
            "net_income": null,
            "revenue": null,
            "common_shares": null,
            "book_valuer_per_share": null,
            "book_valuer_per_share_4q_avg": 0,
            "equity": null,
            "current_ratio": null,
            "debt_ratio": null,
            "inventory_turnover_ratio": null,
            "account_receivable_turnover_ratio": null,
            "reinvestment_rate": null,
            "research_to_sale_ratio": null,
            "price_fair": 0,
            "eps_avg_yearly": 0,
            "eps_latest_yearly": 0,
            "eps_growth_yearly": 0
        },
        "20012": {
            "year_quarter": 20012,
            "year": 2001,
            "quarter": 2,
            "eps": null,
            "eps_growth_year": null,
            "eps_4q": null,
            "eps_4q_growth_year": null,
            "roe": null,
            "roe_4q": 0,
            "gross_profit": null,
            "gross_margin": null,
            "gross_margin_4q_avg": 0,
            "net_income": null,
            "revenue": null,
            "common_shares": null,
            "book_valuer_per_share": null,
            "book_valuer_per_share_4q_avg": 0,
            "equity": null,
            "current_ratio": null,
            "debt_ratio": null,
            "inventory_turnover_ratio": null,
            "account_receivable_turnover_ratio": null,
            "reinvestment_rate": null,
            "research_to_sale_ratio": null,
            "price_fair": 0,
            "eps_avg_yearly": 0,
            "eps_latest_yearly": 0,
            "eps_growth_yearly": 0
        },
        "20013": {
            "year_quarter": 20013,
            "year": 2001,
            "quarter": 3,
            "eps": null,
            "eps_growth_year": null,
            "eps_4q": null,
            "eps_4q_growth_year": null,
            "roe": null,
            "roe_4q": 0,
            "gross_profit": null,
            "gross_margin": null,
            "gross_margin_4q_avg": 0,
            "net_income": null,
            "revenue": null,
            "common_shares": null,
            "book_valuer_per_share": null,
            "book_valuer_per_share_4q_avg": 0,
            "equity": null,
            "current_ratio": null,
            "debt_ratio": null,
            "inventory_turnover_ratio": null,
            "account_receivable_turnover_ratio": null,
            "reinvestment_rate": null,
            "research_to_sale_ratio": null,
            "price_fair": 0,
            "eps_avg_yearly": 0,
            "eps_latest_yearly": 0,
            "eps_growth_yearly": 0
        },
        "20014": {
            "year_quarter": 20014,
            "year": 2001,
            "quarter": 4,
            "eps": null,
            "eps_growth_year": null,
            "eps_4q": null,
            "eps_4q_growth_year": null,
            "roe": null,
            "roe_4q": 0,
            "gross_profit": null,
            "gross_margin": null,
            "gross_margin_4q_avg": 0,
            "net_income": null,
            "revenue": null,
            "common_shares": 5000,
            "book_valuer_per_share": 0.74,
            "book_valuer_per_share_4q_avg": 0.19,
            "equity": 371,
            "current_ratio": 381.06,
            "debt_ratio": 26.24,
            "inventory_turnover_ratio": null,
            "account_receivable_turnover_ratio": null,
            "reinvestment_rate": null,
            "research_to_sale_ratio": null,
            "price_fair": 0,
            "eps_avg_yearly": 0,
            "eps_latest_yearly": 0,
            "eps_growth_yearly": 0
        },
        "20021": {
            "year_quarter": 20021,
            "year": 2002,
            "quarter": 1,
            "eps": null,
            "eps_growth_year": null,
            "eps_4q": null,
            "eps_4q_growth_year": null,
            "roe": null,
            "roe_4q": 0,
            "gross_profit": null,
            "gross_margin": null,
            "gross_margin_4q_avg": 0,
            "net_income": null,
            "revenue": null,
            "common_shares": null,
            "book_valuer_per_share": null,
            "book_valuer_per_share_4q_avg": 0.19,
            "equity": null,
            "current_ratio": null,
            "debt_ratio": null,
            "inventory_turnover_ratio": null,
            "account_receivable_turnover_ratio": null,
            "reinvestment_rate": null,
            "research_to_sale_ratio": null,
            "price_fair": 0,
            "eps_avg_yearly": 0,
            "eps_latest_yearly": 0,
            "eps_growth_yearly": 0
        },
        "20022": {
            "year_quarter": 20022,
            "year": 2002,
            "quarter": 2,
            "eps": null,
            "eps_growth_year": null,
            "eps_4q": null,
            "eps_4q_growth_year": null,
            "roe": null,
            "roe_4q": 0,
            "gross_profit": null,
            "gross_margin": null,
            "gross_margin_4q_avg": 0,
            "net_income": null,
            "revenue": null,
            "common_shares": null,
            "book_valuer_per_share": null,
            "book_valuer_per_share_4q_avg": 0.19,
            "equity": null,
            "current_ratio": null,
            "debt_ratio": null,
            "inventory_turnover_ratio": null,
            "account_receivable_turnover_ratio": null,
            "reinvestment_rate": null,
            "research_to_sale_ratio": null,
            "price_fair": 0,
            "eps_avg_yearly": 0,
            "eps_latest_yearly": 0,
            "eps_growth_yearly": 0
        },
        "20023": {
            "year_quarter": 20023,
            "year": 2002,
            "quarter": 3,
            "eps": null,
            "eps_growth_year": null,
            "eps_4q": null,
            "eps_4q_growth_year": null,
            "roe": null,
            "roe_4q": 0,
            "gross_profit": null,
            "gross_margin": null,
            "gross_margin_4q_avg": 0,
            "net_income": null,
            "revenue": null,
            "common_shares": null,
            "book_valuer_per_share": null,
            "book_valuer_per_share_4q_avg": 0.19,
            "equity": null,
            "current_ratio": null,
            "debt_ratio": null,
            "inventory_turnover_ratio": null,
            "account_receivable_turnover_ratio": null,
            "reinvestment_rate": null,
            "research_to_sale_ratio": null,
            "price_fair": 0,
            "eps_avg_yearly": 0,
            "eps_latest_yearly": 0,
            "eps_growth_yearly": 0
        },
        "20024": {
            "year_quarter": 20024,
            "year": 2002,
            "quarter": 4,
            "eps": null,
            "eps_growth_year": null,
            "eps_4q": null,
            "eps_4q_growth_year": null,
            "roe": null,
            "roe_4q": 0,
            "gross_profit": null,
            "gross_margin": null,
            "gross_margin_4q_avg": 0,
            "net_income": null,
            "revenue": null,
            "common_shares": 50000,
            "book_valuer_per_share": 41.18,
            "book_valuer_per_share_4q_avg": 10.3,
            "equity": 205884,
            "current_ratio": 161.12,
            "debt_ratio": 58.99,
            "inventory_turnover_ratio": null,
            "account_receivable_turnover_ratio": null,
            "reinvestment_rate": null,
            "research_to_sale_ratio": null,
            "price_fair": 0,
            "eps_avg_yearly": 0,
            "eps_latest_yearly": 0,
            "eps_growth_yearly": 0
        },
        "20031": {
            "year_quarter": 20031,
            "year": 2003,
            "quarter": 1,
            "eps": null,
            "eps_growth_year": null,
            "eps_4q": null,
            "eps_4q_growth_year": null,
            "roe": null,
            "roe_4q": 0,
            "gross_profit": null,
            "gross_margin": null,
            "gross_margin_4q_avg": 0,
            "net_income": null,
            "revenue": null,
            "common_shares": null,
            "book_valuer_per_share": null,
            "book_valuer_per_share_4q_avg": 10.3,
            "equity": null,
            "current_ratio": null,
            "debt_ratio": null,
            "inventory_turnover_ratio": null,
            "account_receivable_turnover_ratio": null,
            "reinvestment_rate": null,
            "research_to_sale_ratio": null,
            "price_fair": 0,
            "eps_avg_yearly": 0,
            "eps_latest_yearly": 0,
            "eps_growth_yearly": 0
        },
        "20032": {
            "year_quarter": 20032,
            "year": 2003,
            "quarter": 2,
            "eps": null,
            "eps_growth_year": null,
            "eps_4q": null,
            "eps_4q_growth_year": null,
            "roe": null,
            "roe_4q": 0,
            "gross_profit": null,
            "gross_margin": null,
            "gross_margin_4q_avg": 0,
            "net_income": null,
            "revenue": null,
            "common_shares": null,
            "book_valuer_per_share": null,
            "book_valuer_per_share_4q_avg": 10.3,
            "equity": null,
            "current_ratio": null,
            "debt_ratio": null,
            "inventory_turnover_ratio": null,
            "account_receivable_turnover_ratio": null,
            "reinvestment_rate": null,
            "research_to_sale_ratio": null,
            "price_fair": 0,
            "eps_avg_yearly": 0,
            "eps_latest_yearly": 0,
            "eps_growth_yearly": 0
        },
        "20033": {
            "year_quarter": 20033,
            "year": 2003,
            "quarter": 3,
            "eps": null,
            "eps_growth_year": null,
            "eps_4q": null,
            "eps_4q_growth_year": null,
            "roe": null,
            "roe_4q": 0,
            "gross_profit": null,
            "gross_margin": null,
            "gross_margin_4q_avg": 0,
            "net_income": null,
            "revenue": null,
            "common_shares": null,
            "book_valuer_per_share": null,
            "book_valuer_per_share_4q_avg": 10.3,
            "equity": null,
            "current_ratio": null,
            "debt_ratio": null,
            "inventory_turnover_ratio": null,
            "account_receivable_turnover_ratio": null,
            "reinvestment_rate": null,
            "research_to_sale_ratio": null,
            "price_fair": 0,
            "eps_avg_yearly": 0,
            "eps_latest_yearly": 0,
            "eps_growth_yearly": 0
        },
        "20034": {
            "year_quarter": 20034,
            "year": 2003,
            "quarter": 4,
            "eps": null,
            "eps_growth_year": null,
            "eps_4q": null,
            "eps_4q_growth_year": null,
            "roe": null,
            "roe_4q": 0,
            "gross_profit": null,
            "gross_margin": null,
            "gross_margin_4q_avg": 0,
            "net_income": null,
            "revenue": null,
            "common_shares": 204118,
            "book_valuer_per_share": 11.22,
            "book_valuer_per_share_4q_avg": 2.81,
            "equity": 228976,
            "current_ratio": 148.19,
            "debt_ratio": 63.28,
            "inventory_turnover_ratio": null,
            "account_receivable_turnover_ratio": null,
            "reinvestment_rate": null,
            "research_to_sale_ratio": null,
            "price_fair": 0,
            "eps_avg_yearly": 0,
            "eps_latest_yearly": 0,
            "eps_growth_yearly": 0
        },
        "20041": {
            "year_quarter": 20041,
            "year": 2004,
            "quarter": 1,
            "eps": null,
            "eps_growth_year": null,
            "eps_4q": null,
            "eps_4q_growth_year": null,
            "roe": null,
            "roe_4q": 0,
            "gross_profit": null,
            "gross_margin": null,
            "gross_margin_4q_avg": 0,
            "net_income": null,
            "revenue": null,
            "common_shares": null,
            "book_valuer_per_share": null,
            "book_valuer_per_share_4q_avg": 2.81,
            "equity": null,
            "current_ratio": null,
            "debt_ratio": null,
            "inventory_turnover_ratio": null,
            "account_receivable_turnover_ratio": null,
            "reinvestment_rate": null,
            "research_to_sale_ratio": null,
            "price_fair": 0,
            "eps_avg_yearly": 0,
            "eps_latest_yearly": 0,
            "eps_growth_yearly": 0
        },
        "20042": {
            "year_quarter": 20042,
            "year": 2004,
            "quarter": 2,
            "eps": null,
            "eps_growth_year": null,
            "eps_4q": null,
            "eps_4q_growth_year": null,
            "roe": null,
            "roe_4q": 0,
            "gross_profit": null,
            "gross_margin": null,
            "gross_margin_4q_avg": 0,
            "net_income": null,
            "revenue": null,
            "common_shares": null,
            "book_valuer_per_share": null,
            "book_valuer_per_share_4q_avg": 2.81,
            "equity": null,
            "current_ratio": null,
            "debt_ratio": null,
            "inventory_turnover_ratio": null,
            "account_receivable_turnover_ratio": null,
            "reinvestment_rate": null,
            "research_to_sale_ratio": null,
            "price_fair": 0,
            "eps_avg_yearly": 0,
            "eps_latest_yearly": 0,
            "eps_growth_yearly": 0
        },
        "20043": {
            "year_quarter": 20043,
            "year": 2004,
            "quarter": 3,
            "eps": null,
            "eps_growth_year": null,
            "eps_4q": null,
            "eps_4q_growth_year": null,
            "roe": null,
            "roe_4q": 0,
            "gross_profit": null,
            "gross_margin": null,
            "gross_margin_4q_avg": 0,
            "net_income": null,
            "revenue": null,
            "common_shares": null,
            "book_valuer_per_share": null,
            "book_valuer_per_share_4q_avg": 2.81,
            "equity": null,
            "current_ratio": null,
            "debt_ratio": null,
            "inventory_turnover_ratio": null,
            "account_receivable_turnover_ratio": null,
            "reinvestment_rate": null,
            "research_to_sale_ratio": null,
            "price_fair": 0,
            "eps_avg_yearly": 0,
            "eps_latest_yearly": 0,
            "eps_growth_yearly": 0
        },
        "20044": {
            "year_quarter": 20044,
            "year": 2004,
            "quarter": 4,
            "eps": null,
            "eps_growth_year": null,
            "eps_4q": null,
            "eps_4q_growth_year": null,
            "roe": null,
            "roe_4q": 0,
            "gross_profit": null,
            "gross_margin": null,
            "gross_margin_4q_avg": 0,
            "net_income": null,
            "revenue": null,
            "common_shares": 269118,
            "book_valuer_per_share": 11.7,
            "book_valuer_per_share_4q_avg": 2.93,
            "equity": 314819,
            "current_ratio": 159.53,
            "debt_ratio": 58.05,
            "inventory_turnover_ratio": null,
            "account_receivable_turnover_ratio": null,
            "reinvestment_rate": null,
            "research_to_sale_ratio": null,
            "price_fair": 0,
            "eps_avg_yearly": 0,
            "eps_latest_yearly": 0,
            "eps_growth_yearly": 0
        },
        "20051": {
            "year_quarter": 20051,
            "year": 2005,
            "quarter": 1,
            "eps": null,
            "eps_growth_year": null,
            "eps_4q": null,
            "eps_4q_growth_year": null,
            "roe": null,
            "roe_4q": 0,
            "gross_profit": null,
            "gross_margin": null,
            "gross_margin_4q_avg": 0,
            "net_income": null,
            "revenue": null,
            "common_shares": null,
            "book_valuer_per_share": null,
            "book_valuer_per_share_4q_avg": 2.93,
            "equity": null,
            "current_ratio": null,
            "debt_ratio": null,
            "inventory_turnover_ratio": null,
            "account_receivable_turnover_ratio": null,
            "reinvestment_rate": null,
            "research_to_sale_ratio": null,
            "price_fair": 0,
            "eps_avg_yearly": 0,
            "eps_latest_yearly": 0,
            "eps_growth_yearly": 0
        },
        "20052": {
            "year_quarter": 20052,
            "year": 2005,
            "quarter": 2,
            "eps": null,
            "eps_growth_year": null,
            "eps_4q": null,
            "eps_4q_growth_year": null,
            "roe": null,
            "roe_4q": 0,
            "gross_profit": null,
            "gross_margin": null,
            "gross_margin_4q_avg": 0,
            "net_income": null,
            "revenue": null,
            "common_shares": null,
            "book_valuer_per_share": null,
            "book_valuer_per_share_4q_avg": 2.93,
            "equity": null,
            "current_ratio": null,
            "debt_ratio": null,
            "inventory_turnover_ratio": null,
            "account_receivable_turnover_ratio": null,
            "reinvestment_rate": null,
            "research_to_sale_ratio": null,
            "price_fair": 0,
            "eps_avg_yearly": 0,
            "eps_latest_yearly": 0,
            "eps_growth_yearly": 0
        },
        "20053": {
            "year_quarter": 20053,
            "year": 2005,
            "quarter": 3,
            "eps": 1.28,
            "eps_growth_year": null,
            "eps_4q": null,
            "eps_4q_growth_year": null,
            "roe": 10.09,
            "roe_4q": 10.09,
            "gross_profit": 77508,
            "gross_margin": 22.88,
            "gross_margin_4q_avg": 5.72,
            "net_income": 34374,
            "revenue": 338703,
            "common_shares": 269118,
            "book_valuer_per_share": 12.66,
            "book_valuer_per_share_4q_avg": 6.09,
            "equity": 340626,
            "current_ratio": 165.16,
            "debt_ratio": 57.73,
            "inventory_turnover_ratio": 0.93,
            "account_receivable_turnover_ratio": null,
            "reinvestment_rate": null,
            "research_to_sale_ratio": null,
            "price_fair": 0,
            "eps_avg_yearly": 0,
            "eps_latest_yearly": 0,
            "eps_growth_yearly": 0
        },
        "20054": {
            "year_quarter": 20054,
            "year": 2005,
            "quarter": 4,
            "eps": 0.25,
            "eps_growth_year": null,
            "eps_4q": null,
            "eps_4q_growth_year": null,
            "roe": 1.96,
            "roe_4q": 12.05,
            "gross_profit": 62005,
            "gross_margin": 14.99,
            "gross_margin_4q_avg": 9.47,
            "net_income": 6728,
            "revenue": 413539,
            "common_shares": 269118,
            "book_valuer_per_share": 12.91,
            "book_valuer_per_share_4q_avg": 6.39,
            "equity": 347403,
            "current_ratio": 154.12,
            "debt_ratio": 62.28,
            "inventory_turnover_ratio": 1.2,
            "account_receivable_turnover_ratio": null,
            "reinvestment_rate": null,
            "research_to_sale_ratio": null,
            "price_fair": 3,
            "eps_avg_yearly": 1,
            "eps_latest_yearly": 1,
            "eps_growth_yearly": -321.88
        },
        "20061": {
            "year_quarter": 20061,
            "year": 2006,
            "quarter": 1,
            "eps": 1.01,
            "eps_growth_year": null,
            "eps_4q": null,
            "eps_4q_growth_year": null,
            "roe": 7.54,
            "roe_4q": 19.59,
            "gross_profit": 73583,
            "gross_margin": 18.54,
            "gross_margin_4q_avg": 14.1,
            "net_income": 27207,
            "revenue": 396798,
            "common_shares": 269118,
            "book_valuer_per_share": 13.92,
            "book_valuer_per_share_4q_avg": 9.87,
            "equity": 374568,
            "current_ratio": 161.62,
            "debt_ratio": 59.43,
            "inventory_turnover_ratio": 0.92,
            "account_receivable_turnover_ratio": null,
            "reinvestment_rate": null,
            "research_to_sale_ratio": null,
            "price_fair": 88.2,
            "eps_avg_yearly": 2.52,
            "eps_latest_yearly": 4.04,
            "eps_growth_yearly": 447.06
        },
        "20062": {
            "year_quarter": 20062,
            "year": 2006,
            "quarter": 2,
            "eps": 1.08,
            "eps_growth_year": null,
            "eps_4q": 3.33,
            "eps_4q_growth_year": null,
            "roe": 8.38,
            "roe_4q": 27.970000000000002,
            "gross_profit": 80855,
            "gross_margin": 18.59,
            "gross_margin_4q_avg": 18.75,
            "net_income": 32746,
            "revenue": 434880,
            "common_shares": 269118,
            "book_valuer_per_share": 15.12,
            "book_valuer_per_share_4q_avg": 13.65,
            "equity": 406955,
            "current_ratio": 160.12,
            "debt_ratio": 59.12,
            "inventory_turnover_ratio": 0.87,
            "account_receivable_turnover_ratio": null,
            "reinvestment_rate": null,
            "research_to_sale_ratio": null,
            "price_fair": 109.2,
            "eps_avg_yearly": 3.12,
            "eps_latest_yearly": 4.32,
            "eps_growth_yearly": 307.28
        },
        "20063": {
            "year_quarter": 20063,
            "year": 2006,
            "quarter": 3,
            "eps": 2.52,
            "eps_growth_year": 96.88,
            "eps_4q": 4.66,
            "eps_4q_growth_year": null,
            "roe": 14.92,
            "roe_4q": 32.8,
            "gross_profit": 128678,
            "gross_margin": 18.96,
            "gross_margin_4q_avg": 17.77,
            "net_income": 78695,
            "revenue": 678518,
            "common_shares": 349500,
            "book_valuer_per_share": 18.53,
            "book_valuer_per_share_4q_avg": 15.12,
            "equity": 647777,
            "current_ratio": 183.9,
            "debt_ratio": 51.58,
            "inventory_turnover_ratio": 1.33,
            "account_receivable_turnover_ratio": null,
            "reinvestment_rate": null,
            "research_to_sale_ratio": null,
            "price_fair": 170.1,
            "eps_avg_yearly": 4.86,
            "eps_latest_yearly": 10.08,
            "eps_growth_yearly": 363.8
        },
        "20064": {
            "year_quarter": 20064,
            "year": 2006,
            "quarter": 4,
            "eps": 2.87,
            "eps_growth_year": 1048,
            "eps_4q": 7.15,
            "eps_4q_growth_year": null,
            "roe": 13.22,
            "roe_4q": 44.06,
            "gross_profit": 145272,
            "gross_margin": 23.55,
            "gross_margin_4q_avg": 19.91,
            "net_income": 92882,
            "revenue": 616776,
            "common_shares": 359500,
            "book_valuer_per_share": 21.06,
            "book_valuer_per_share_4q_avg": 17.16,
            "equity": 757130,
            "current_ratio": 194.72,
            "debt_ratio": 50.17,
            "inventory_turnover_ratio": 1.02,
            "account_receivable_turnover_ratio": null,
            "reinvestment_rate": null,
            "research_to_sale_ratio": null,
            "price_fair": 216.44,
            "eps_avg_yearly": 6.18,
            "eps_latest_yearly": 11.48,
            "eps_growth_yearly": 302.15
        },
        "20071": {
            "year_quarter": 20071,
            "year": 2007,
            "quarter": 1,
            "eps": 1.89,
            "eps_growth_year": 87.13,
            "eps_4q": 7.56,
            "eps_4q_growth_year": null,
            "roe": 8.58,
            "roe_4q": 45.1,
            "gross_profit": 130718,
            "gross_margin": 21.95,
            "gross_margin_4q_avg": 20.76,
            "net_income": 68102,
            "revenue": 595642,
            "common_shares": 361500,
            "book_valuer_per_share": 22.98,
            "book_valuer_per_share_4q_avg": 19.42,
            "equity": 830790,
            "current_ratio": 218.64,
            "debt_ratio": 44.72,
            "inventory_turnover_ratio": 0.82,
            "account_receivable_turnover_ratio": null,
            "reinvestment_rate": null,
            "research_to_sale_ratio": null,
            "price_fair": 224.47,
            "eps_avg_yearly": 6.41,
            "eps_latest_yearly": 7.56,
            "eps_growth_yearly": 229.03
        },
        "20072": {
            "year_quarter": 20072,
            "year": 2007,
            "quarter": 2,
            "eps": 2.04,
            "eps_growth_year": 88.89,
            "eps_4q": 7.61,
            "eps_4q_growth_year": 128.41,
            "roe": 10.48,
            "roe_4q": 47.2,
            "gross_profit": 158106,
            "gross_margin": 20.88,
            "gross_margin_4q_avg": 21.34,
            "net_income": 87741,
            "revenue": 757212,
            "common_shares": 361500,
            "book_valuer_per_share": 23.35,
            "book_valuer_per_share_4q_avg": 21.48,
            "equity": 844168,
            "current_ratio": 180.5,
            "debt_ratio": 53.57,
            "inventory_turnover_ratio": 0.88,
            "account_receivable_turnover_ratio": null,
            "reinvestment_rate": null,
            "research_to_sale_ratio": null,
            "price_fair": 233.2,
            "eps_avg_yearly": 6.66,
            "eps_latest_yearly": 8.16,
            "eps_growth_yearly": 200.84
        },
        "20073": {
            "year_quarter": 20073,
            "year": 2007,
            "quarter": 3,
            "eps": 3.28,
            "eps_growth_year": 30.16,
            "eps_4q": 8.88,
            "eps_4q_growth_year": 90.78,
            "roe": 12.07,
            "roe_4q": 44.35,
            "gross_profit": 212356,
            "gross_margin": 19.73,
            "gross_margin_4q_avg": 21.53,
            "net_income": 145642,
            "revenue": 1076079,
            "common_shares": 489250,
            "book_valuer_per_share": 32.06,
            "book_valuer_per_share_4q_avg": 24.86,
            "equity": 1568380,
            "current_ratio": 260.32,
            "debt_ratio": 37.94,
            "inventory_turnover_ratio": 1.06,
            "account_receivable_turnover_ratio": null,
            "reinvestment_rate": null,
            "research_to_sale_ratio": null,
            "price_fair": 261.45,
            "eps_avg_yearly": 7.47,
            "eps_latest_yearly": 13.12,
            "eps_growth_yearly": 206.13
        },
        "20074": {
            "year_quarter": 20074,
            "year": 2007,
            "quarter": 4,
            "eps": 1.08,
            "eps_growth_year": -62.37,
            "eps_4q": 7.7,
            "eps_4q_growth_year": 7.61,
            "roe": 3.09,
            "roe_4q": 34.22,
            "gross_profit": 125482,
            "gross_margin": 17.7,
            "gross_margin_4q_avg": 20.07,
            "net_income": 49195,
            "revenue": 708822,
            "common_shares": 489250,
            "book_valuer_per_share": 33.12,
            "book_valuer_per_share_4q_avg": 27.88,
            "equity": 1620260,
            "current_ratio": 379.03,
            "debt_ratio": 25.28,
            "inventory_turnover_ratio": 0.66,
            "account_receivable_turnover_ratio": null,
            "reinvestment_rate": null,
            "research_to_sale_ratio": null,
            "price_fair": 249.2,
            "eps_avg_yearly": 7.12,
            "eps_latest_yearly": 4.32,
            "eps_growth_yearly": 153.42
        },
        "20081": {
            "year_quarter": 20081,
            "year": 2008,
            "quarter": 1,
            "eps": 0.65,
            "eps_growth_year": -65.61,
            "eps_4q": 6.42,
            "eps_4q_growth_year": -15.15,
            "roe": 1.95,
            "roe_4q": 27.59,
            "gross_profit": 131829,
            "gross_margin": 15.44,
            "gross_margin_4q_avg": 18.44,
            "net_income": 31860,
            "revenue": 853547,
            "common_shares": 489250,
            "book_valuer_per_share": 33.79,
            "book_valuer_per_share_4q_avg": 30.58,
            "equity": 1653266,
            "current_ratio": 409.62,
            "debt_ratio": 23.42,
            "inventory_turnover_ratio": 0.89,
            "account_receivable_turnover_ratio": null,
            "reinvestment_rate": null,
            "research_to_sale_ratio": null,
            "price_fair": 233.38,
            "eps_avg_yearly": 6.67,
            "eps_latest_yearly": 2.6,
            "eps_growth_yearly": 122.15
        },
        "20082": {
            "year_quarter": 20082,
            "year": 2008,
            "quarter": 2,
            "eps": 0.26,
            "eps_growth_year": -87.25,
            "eps_4q": 4.35,
            "eps_4q_growth_year": -42.82,
            "roe": 0.92,
            "roe_4q": 18.03,
            "gross_profit": 106597,
            "gross_margin": 16.17,
            "gross_margin_4q_avg": 17.26,
            "net_income": 14400,
            "revenue": 659399,
            "common_shares": 489250,
            "book_valuer_per_share": 30.39,
            "book_valuer_per_share_4q_avg": 32.34,
            "equity": 1486878,
            "current_ratio": 248.1,
            "debt_ratio": 38.52,
            "inventory_turnover_ratio": 0.63,
            "account_receivable_turnover_ratio": null,
            "reinvestment_rate": null,
            "research_to_sale_ratio": null,
            "price_fair": 215.47,
            "eps_avg_yearly": 6.16,
            "eps_latest_yearly": 1.04,
            "eps_growth_yearly": 89.23
        },
        "20083": {
            "year_quarter": 20083,
            "year": 2008,
            "quarter": 3,
            "eps": 0.85,
            "eps_growth_year": -74.09,
            "eps_4q": 2.58,
            "eps_4q_growth_year": -70.92,
            "roe": 3.11,
            "roe_4q": 9.07,
            "gross_profit": 137846,
            "gross_margin": 17.31,
            "gross_margin_4q_avg": 16.66,
            "net_income": 46826,
            "revenue": 796454,
            "common_shares": 552175,
            "book_valuer_per_share": 27.52,
            "book_valuer_per_share_4q_avg": 31.21,
            "equity": 1519657,
            "current_ratio": 262.01,
            "debt_ratio": 36.5,
            "inventory_turnover_ratio": 0.62,
            "account_receivable_turnover_ratio": null,
            "reinvestment_rate": null,
            "research_to_sale_ratio": null,
            "price_fair": 207.43,
            "eps_avg_yearly": 5.93,
            "eps_latest_yearly": 3.4,
            "eps_growth_yearly": 157.43
        },
        "20084": {
            "year_quarter": 20084,
            "year": 2008,
            "quarter": 4,
            "eps": -0.08,
            "eps_growth_year": -107.41,
            "eps_4q": 1.61,
            "eps_4q_growth_year": -79.09,
            "roe": -0.3,
            "roe_4q": 5.68,
            "gross_profit": 74498,
            "gross_margin": 15.08,
            "gross_margin_4q_avg": 16,
            "net_income": -4603,
            "revenue": 494130,
            "common_shares": 553405,
            "book_valuer_per_share": 27.44,
            "book_valuer_per_share_4q_avg": 29.79,
            "equity": 1518731,
            "current_ratio": 481.25,
            "debt_ratio": 19.68,
            "inventory_turnover_ratio": 0.43,
            "account_receivable_turnover_ratio": null,
            "reinvestment_rate": null,
            "research_to_sale_ratio": null,
            "price_fair": 207.43,
            "eps_avg_yearly": 5.93,
            "eps_latest_yearly": 3.4,
            "eps_growth_yearly": 157.43
        },
        "20091": {
            "year_quarter": 20091,
            "year": 2009,
            "quarter": 1,
            "eps": 0.51,
            "eps_growth_year": -21.54,
            "eps_4q": 1.54,
            "eps_4q_growth_year": -76,
            "roe": 1.83,
            "roe_4q": 5.56,
            "gross_profit": 117577,
            "gross_margin": 17.4,
            "gross_margin_4q_avg": 16.49,
            "net_income": 28046,
            "revenue": 675775,
            "common_shares": 553405,
            "book_valuer_per_share": 27.96,
            "book_valuer_per_share_4q_avg": 28.33,
            "equity": 1547211,
            "current_ratio": 477.15,
            "debt_ratio": 19.78,
            "inventory_turnover_ratio": 0.75,
            "account_receivable_turnover_ratio": 1.69,
            "reinvestment_rate": null,
            "research_to_sale_ratio": null,
            "price_fair": 207.43,
            "eps_avg_yearly": 5.93,
            "eps_latest_yearly": 3.4,
            "eps_growth_yearly": 157.43
        },
        "20092": {
            "year_quarter": 20092,
            "year": 2009,
            "quarter": 2,
            "eps": 0.47,
            "eps_growth_year": 80.77,
            "eps_4q": 1.74,
            "eps_4q_growth_year": -60.07,
            "roe": 1.68,
            "roe_4q": 6.32,
            "gross_profit": 158712,
            "gross_margin": 19.88,
            "gross_margin_4q_avg": 17.42,
            "net_income": 26045,
            "revenue": 798194,
            "common_shares": 553405,
            "book_valuer_per_share": 27.92,
            "book_valuer_per_share_4q_avg": 27.71,
            "equity": 1545122,
            "current_ratio": 314.8,
            "debt_ratio": 30.17,
            "inventory_turnover_ratio": 1.03,
            "account_receivable_turnover_ratio": 0.82,
            "reinvestment_rate": 9.95,
            "research_to_sale_ratio": null,
            "price_fair": 196.54,
            "eps_avg_yearly": 5.62,
            "eps_latest_yearly": 1.88,
            "eps_growth_yearly": 142.91
        },
        "20093": {
            "year_quarter": 20093,
            "year": 2009,
            "quarter": 3,
            "eps": 1.07,
            "eps_growth_year": 25.88,
            "eps_4q": 1.89,
            "eps_4q_growth_year": -26.79,
            "roe": 4.08,
            "roe_4q": 7.29,
            "gross_profit": 193983,
            "gross_margin": 23.05,
            "gross_margin_4q_avg": 18.85,
            "net_income": 64514,
            "revenue": 841668,
            "common_shares": 608745,
            "book_valuer_per_share": 26.56,
            "book_valuer_per_share_4q_avg": 27.47,
            "equity": 1616956,
            "current_ratio": 318.15,
            "debt_ratio": 34.5,
            "inventory_turnover_ratio": 0.97,
            "account_receivable_turnover_ratio": 0.76,
            "reinvestment_rate": 33.47,
            "research_to_sale_ratio": null,
            "price_fair": 193.2,
            "eps_avg_yearly": 5.52,
            "eps_latest_yearly": 4.28,
            "eps_growth_yearly": 169.17
        },
        "20094": {
            "year_quarter": 20094,
            "year": 2009,
            "quarter": 4,
            "eps": 0.12,
            "eps_growth_year": null,
            "eps_4q": 1.84,
            "eps_4q_growth_year": 14.17,
            "roe": 0.51,
            "roe_4q": 8.1,
            "gross_profit": 126339,
            "gross_margin": 18.96,
            "gross_margin_4q_avg": 19.82,
            "net_income": 8234,
            "revenue": 666231,
            "common_shares": 612895,
            "book_valuer_per_share": 26.65,
            "book_valuer_per_share_4q_avg": 27.27,
            "equity": 1633800,
            "current_ratio": 336.45,
            "debt_ratio": 34.55,
            "inventory_turnover_ratio": 0.74,
            "account_receivable_turnover_ratio": 0.72,
            "reinvestment_rate": 43.29,
            "research_to_sale_ratio": null,
            "price_fair": 191.9,
            "eps_avg_yearly": 5.48,
            "eps_latest_yearly": 0.48,
            "eps_growth_yearly": 166.8
        },
        "20101": {
            "year_quarter": 20101,
            "year": 2010,
            "quarter": 1,
            "eps": 0.41,
            "eps_growth_year": -19.61,
            "eps_4q": 2.01,
            "eps_4q_growth_year": 30.61,
            "roe": 1.5,
            "roe_4q": 7.77,
            "gross_profit": 143701,
            "gross_margin": 17.72,
            "gross_margin_4q_avg": 19.9,
            "net_income": 24822,
            "revenue": 810742,
            "common_shares": 612895,
            "book_valuer_per_share": 27.26,
            "book_valuer_per_share_4q_avg": 27.1,
            "equity": 1666459,
            "current_ratio": 281.37,
            "debt_ratio": 38.92,
            "inventory_turnover_ratio": 0.84,
            "account_receivable_turnover_ratio": 1.52,
            "reinvestment_rate": 41.72,
            "research_to_sale_ratio": 7.75,
            "price_fair": 185.9,
            "eps_avg_yearly": 5.31,
            "eps_latest_yearly": 1.64,
            "eps_growth_yearly": 148.99
        },
        "20102": {
            "year_quarter": 20102,
            "year": 2010,
            "quarter": 2,
            "eps": 0.26,
            "eps_growth_year": -44.53,
            "eps_4q": 1.85,
            "eps_4q_growth_year": 6.18,
            "roe": 0.97,
            "roe_4q": 7.06,
            "gross_profit": 144574,
            "gross_margin": 17.33,
            "gross_margin_4q_avg": 19.27,
            "net_income": 15934,
            "revenue": 834005,
            "common_shares": 612895,
            "book_valuer_per_share": 26.53,
            "book_valuer_per_share_4q_avg": 26.75,
            "equity": 1623171,
            "current_ratio": 259.7,
            "debt_ratio": 41.43,
            "inventory_turnover_ratio": 0.75,
            "account_receivable_turnover_ratio": 0.77,
            "reinvestment_rate": 41.23,
            "research_to_sale_ratio": 8.01,
            "price_fair": 177.7,
            "eps_avg_yearly": 5.08,
            "eps_latest_yearly": 1.04,
            "eps_growth_yearly": 136.56
        },
        "20103": {
            "year_quarter": 20103,
            "year": 2010,
            "quarter": 3,
            "eps": 0.47,
            "eps_growth_year": -56.07,
            "eps_4q": 1.26,
            "eps_4q_growth_year": -33.36,
            "roe": 1.73,
            "roe_4q": 4.71,
            "gross_profit": 159894,
            "gross_margin": 18.01,
            "gross_margin_4q_avg": 18.01,
            "net_income": 28339,
            "revenue": 887644,
            "common_shares": 612895,
            "book_valuer_per_share": 26.99,
            "book_valuer_per_share_4q_avg": 26.86,
            "equity": 1651167,
            "current_ratio": 242.88,
            "debt_ratio": 43.54,
            "inventory_turnover_ratio": 0.64,
            "account_receivable_turnover_ratio": 0.81,
            "reinvestment_rate": 44.31,
            "research_to_sale_ratio": 6.93,
            "price_fair": 157.2,
            "eps_avg_yearly": 4.49,
            "eps_latest_yearly": 1.88,
            "eps_growth_yearly": 121.54
        },
        "20104": {
            "year_quarter": 20104,
            "year": 2010,
            "quarter": 4,
            "eps": -0.37,
            "eps_growth_year": -412.16,
            "eps_4q": 0.76,
            "eps_4q_growth_year": -58.66,
            "roe": -1.46,
            "roe_4q": 2.74,
            "gross_profit": 107258,
            "gross_margin": 12.05,
            "gross_margin_4q_avg": 16.28,
            "net_income": -23867,
            "revenue": 890381,
            "common_shares": 614195,
            "book_valuer_per_share": 26.58,
            "book_valuer_per_share_4q_avg": 26.84,
            "equity": 1628721,
            "current_ratio": 255.51,
            "debt_ratio": 41.9,
            "inventory_turnover_ratio": 0.64,
            "account_receivable_turnover_ratio": 0.81,
            "reinvestment_rate": 51.65,
            "research_to_sale_ratio": 6.8,
            "price_fair": 138.38,
            "eps_avg_yearly": 3.95,
            "eps_latest_yearly": 1.88,
            "eps_growth_yearly": 126.61
        },
        "20111": {
            "year_quarter": 20111,
            "year": 2011,
            "quarter": 1,
            "eps": 0.14,
            "eps_growth_year": -65.85,
            "eps_4q": 0.49,
            "eps_4q_growth_year": -75.4,
            "roe": 0.46,
            "roe_4q": 1.7,
            "gross_profit": 102313,
            "gross_margin": 11.4,
            "gross_margin_4q_avg": 14.7,
            "net_income": 7499,
            "revenue": 897257,
            "common_shares": 614195,
            "book_valuer_per_share": 26.73,
            "book_valuer_per_share_4q_avg": 26.71,
            "equity": 1638573,
            "current_ratio": 249.49,
            "debt_ratio": 42.55,
            "inventory_turnover_ratio": 0.67,
            "account_receivable_turnover_ratio": 0.87,
            "reinvestment_rate": 56.39,
            "research_to_sale_ratio": 4.72,
            "price_fair": 127.87,
            "eps_avg_yearly": 3.65,
            "eps_latest_yearly": 1.88,
            "eps_growth_yearly": 148.55
        },
        "20112": {
            "year_quarter": 20112,
            "year": 2011,
            "quarter": 2,
            "eps": -0.52,
            "eps_growth_year": -298.87,
            "eps_4q": -0.28,
            "eps_4q_growth_year": -115.38,
            "roe": -1.97,
            "roe_4q": -1.2399999999999998,
            "gross_profit": 86540,
            "gross_margin": 9,
            "gross_margin_4q_avg": 12.62,
            "net_income": -31786,
            "revenue": 961752,
            "common_shares": 614195,
            "book_valuer_per_share": 25.79,
            "book_valuer_per_share_4q_avg": 26.52,
            "equity": 1582001,
            "current_ratio": 205.65,
            "debt_ratio": 49.53,
            "inventory_turnover_ratio": 0.71,
            "account_receivable_turnover_ratio": 0.97,
            "reinvestment_rate": 70.19,
            "research_to_sale_ratio": 4.05,
            "price_fair": 113.53,
            "eps_avg_yearly": 3.24,
            "eps_latest_yearly": 1.88,
            "eps_growth_yearly": 159.16
        },
        "20113": {
            "year_quarter": 20113,
            "year": 2011,
            "quarter": 3,
            "eps": -0.31,
            "eps_growth_year": -165.79,
            "eps_4q": -1.06,
            "eps_4q_growth_year": -184.3,
            "roe": -1.2,
            "roe_4q": -4.17,
            "gross_profit": 82761,
            "gross_margin": 10.2,
            "gross_margin_4q_avg": 10.66,
            "net_income": -18807,
            "revenue": 811735,
            "common_shares": 612515,
            "book_valuer_per_share": 25.5,
            "book_valuer_per_share_4q_avg": 26.15,
            "equity": 1564422,
            "current_ratio": 221.69,
            "debt_ratio": 46.54,
            "inventory_turnover_ratio": 0.54,
            "account_receivable_turnover_ratio": 0.85,
            "reinvestment_rate": 112.04,
            "research_to_sale_ratio": 4.16,
            "price_fair": 78.96,
            "eps_avg_yearly": 2.26,
            "eps_latest_yearly": 1.88,
            "eps_growth_yearly": 150.77
        },
        "20114": {
            "year_quarter": 20114,
            "year": 2011,
            "quarter": 4,
            "eps": -1.11,
            "eps_growth_year": null,
            "eps_4q": -1.79,
            "eps_4q_growth_year": -336.21,
            "roe": -4.48,
            "roe_4q": -7.19,
            "gross_profit": 91703,
            "gross_margin": 13.34,
            "gross_margin_4q_avg": 10.99,
            "net_income": -68573,
            "revenue": 687484,
            "common_shares": 612515,
            "book_valuer_per_share": 24.39,
            "book_valuer_per_share_4q_avg": 25.6,
            "equity": 1495794,
            "current_ratio": 248.46,
            "debt_ratio": 42.68,
            "inventory_turnover_ratio": 0.46,
            "account_receivable_turnover_ratio": 0.84,
            "reinvestment_rate": 190.68,
            "research_to_sale_ratio": 14.39,
            "price_fair": 70.93,
            "eps_avg_yearly": 2.03,
            "eps_latest_yearly": 1.88,
            "eps_growth_yearly": 197.33
        },
        "20121": {
            "year_quarter": 20121,
            "year": 2012,
            "quarter": 1,
            "eps": -0.93,
            "eps_growth_year": -764.29,
            "eps_4q": -2.87,
            "eps_4q_growth_year": -679.41,
            "roe": -3.91,
            "roe_4q": -11.56,
            "gross_profit": 59345,
            "gross_margin": 9.61,
            "gross_margin_4q_avg": 10.54,
            "net_income": -57421,
            "revenue": 617399,
            "common_shares": 612515,
            "book_valuer_per_share": 23.45,
            "book_valuer_per_share_4q_avg": 24.78,
            "equity": 1437934,
            "current_ratio": 260.31,
            "debt_ratio": 41.29,
            "inventory_turnover_ratio": 0.49,
            "account_receivable_turnover_ratio": 0.79,
            "reinvestment_rate": 460.14,
            "research_to_sale_ratio": 9.19,
            "price_fair": 68.43,
            "eps_avg_yearly": 1.96,
            "eps_latest_yearly": 1.88,
            "eps_growth_yearly": 241.9
        },
        "20122": {
            "year_quarter": 20122,
            "year": 2012,
            "quarter": 2,
            "eps": -0.15,
            "eps_growth_year": null,
            "eps_4q": -2.5,
            "eps_4q_growth_year": null,
            "roe": -0.63,
            "roe_4q": -10.219999999999999,
            "gross_profit": 103517,
            "gross_margin": 14.84,
            "gross_margin_4q_avg": 12,
            "net_income": -9058,
            "revenue": 697479,
            "common_shares": 612515,
            "book_valuer_per_share": 23.3,
            "book_valuer_per_share_4q_avg": 24.16,
            "equity": 1429039,
            "current_ratio": 241.12,
            "debt_ratio": 43.64,
            "inventory_turnover_ratio": 0.56,
            "account_receivable_turnover_ratio": 0.85,
            "reinvestment_rate": 725.5,
            "research_to_sale_ratio": 7.83,
            "price_fair": 73,
            "eps_avg_yearly": 2.09,
            "eps_latest_yearly": 1.88,
            "eps_growth_yearly": 310.75
        },
        "20123": {
            "year_quarter": 20123,
            "year": 2012,
            "quarter": 3,
            "eps": 0.35,
            "eps_growth_year": null,
            "eps_4q": -1.84,
            "eps_4q_growth_year": null,
            "roe": 1.5,
            "roe_4q": -7.5200000000000005,
            "gross_profit": 134980,
            "gross_margin": 16.38,
            "gross_margin_4q_avg": 13.54,
            "net_income": 21599,
            "revenue": 824270,
            "common_shares": 612515,
            "book_valuer_per_share": 23.65,
            "book_valuer_per_share_4q_avg": 23.7,
            "equity": 1450322,
            "current_ratio": 218.99,
            "debt_ratio": 46.99,
            "inventory_turnover_ratio": 0.65,
            "account_receivable_turnover_ratio": 0.89,
            "reinvestment_rate": 2077.12,
            "research_to_sale_ratio": 6.52,
            "price_fair": 65.33,
            "eps_avg_yearly": 1.87,
            "eps_latest_yearly": 1.88,
            "eps_growth_yearly": 211.25
        },
        "20124": {
            "year_quarter": 20124,
            "year": 2012,
            "quarter": 4,
            "eps": 0.15,
            "eps_growth_year": null,
            "eps_4q": -0.57,
            "eps_4q_growth_year": null,
            "roe": 0.64,
            "roe_4q": -2.4,
            "gross_profit": 118447,
            "gross_margin": 16.84,
            "gross_margin_4q_avg": 14.42,
            "net_income": 9262,
            "revenue": 703301,
            "common_shares": 612515,
            "book_valuer_per_share": 23.8,
            "book_valuer_per_share_4q_avg": 23.55,
            "equity": 1459442,
            "current_ratio": 248.06,
            "debt_ratio": 42.59,
            "inventory_turnover_ratio": 0.57,
            "account_receivable_turnover_ratio": 0.71,
            "reinvestment_rate": 1006.74,
            "research_to_sale_ratio": 7.75,
            "price_fair": 59,
            "eps_avg_yearly": 1.69,
            "eps_latest_yearly": 0.6,
            "eps_growth_yearly": 148.42
        },
        "20131": {
            "year_quarter": 20131,
            "year": 2013,
            "quarter": 1,
            "eps": 0.11,
            "eps_growth_year": null,
            "eps_4q": 0.46,
            "eps_4q_growth_year": null,
            "roe": 0.43,
            "roe_4q": 1.9400000000000004,
            "gross_profit": 99990,
            "gross_margin": 16.85,
            "gross_margin_4q_avg": 16.23,
            "net_income": 6315,
            "revenue": 593419,
            "common_shares": 612515,
            "book_valuer_per_share": 23.84,
            "book_valuer_per_share_4q_avg": 23.65,
            "equity": 1461709,
            "current_ratio": 255.95,
            "debt_ratio": 41.51,
            "inventory_turnover_ratio": 0.5,
            "account_receivable_turnover_ratio": 0.64,
            "reinvestment_rate": 4655.43,
            "research_to_sale_ratio": 7.9,
            "price_fair": 53.55,
            "eps_avg_yearly": 1.53,
            "eps_latest_yearly": 0.44,
            "eps_growth_yearly": 116.54
        },
        "20132": {
            "year_quarter": 20132,
            "year": 2013,
            "quarter": 2,
            "eps": 0.14,
            "eps_growth_year": null,
            "eps_4q": 0.75,
            "eps_4q_growth_year": null,
            "roe": 0.62,
            "roe_4q": 3.19,
            "gross_profit": 121545,
            "gross_margin": 19.97,
            "gross_margin_4q_avg": 17.51,
            "net_income": 9078,
            "revenue": 608680,
            "common_shares": 612515,
            "book_valuer_per_share": 23.99,
            "book_valuer_per_share_4q_avg": 23.82,
            "equity": 1470929,
            "current_ratio": 263.06,
            "debt_ratio": 40.5,
            "inventory_turnover_ratio": 0.5,
            "account_receivable_turnover_ratio": 0.74,
            "reinvestment_rate": null,
            "research_to_sale_ratio": 9.3,
            "price_fair": 47.78,
            "eps_avg_yearly": 1.37,
            "eps_latest_yearly": 0.56,
            "eps_growth_yearly": 134.09
        },
        "20133": {
            "year_quarter": 20133,
            "year": 2013,
            "quarter": 3,
            "eps": 0.13,
            "eps_growth_year": -62.87,
            "eps_4q": 0.53,
            "eps_4q_growth_year": null,
            "roe": 0.54,
            "roe_4q": 2.23,
            "gross_profit": 123442,
            "gross_margin": 18.85,
            "gross_margin_4q_avg": 18.13,
            "net_income": 7973,
            "revenue": 654778,
            "common_shares": 612515,
            "book_valuer_per_share": 24.11,
            "book_valuer_per_share_4q_avg": 23.94,
            "equity": 1478736,
            "current_ratio": 302.23,
            "debt_ratio": 36.45,
            "inventory_turnover_ratio": 0.57,
            "account_receivable_turnover_ratio": 0.84,
            "reinvestment_rate": null,
            "research_to_sale_ratio": 7.91,
            "price_fair": 31.33,
            "eps_avg_yearly": 0.9,
            "eps_latest_yearly": 0.52,
            "eps_growth_yearly": 66.69
        },
        "20134": {
            "year_quarter": 20134,
            "year": 2013,
            "quarter": 4,
            "eps": 0.06,
            "eps_growth_year": -61.53,
            "eps_4q": 0.44,
            "eps_4q_growth_year": null,
            "roe": 0.27,
            "roe_4q": 1.86,
            "gross_profit": 114168,
            "gross_margin": 17.65,
            "gross_margin_4q_avg": 18.33,
            "net_income": 4015,
            "revenue": 646667,
            "common_shares": 612515,
            "book_valuer_per_share": 24.15,
            "book_valuer_per_share_4q_avg": 24.02,
            "equity": 1481361,
            "current_ratio": 302.39,
            "debt_ratio": 34.3,
            "inventory_turnover_ratio": 0.64,
            "account_receivable_turnover_ratio": 0.83,
            "reinvestment_rate": null,
            "research_to_sale_ratio": 7.35,
            "price_fair": 30.28,
            "eps_avg_yearly": 0.87,
            "eps_latest_yearly": 0.24,
            "eps_growth_yearly": 84.16
        },
        "20141": {
            "year_quarter": 20141,
            "year": 2014,
            "quarter": 1,
            "eps": 0.08,
            "eps_growth_year": -27.27,
            "eps_4q": 0.41,
            "eps_4q_growth_year": -10.62,
            "roe": 0.31,
            "roe_4q": 1.7400000000000002,
            "gross_profit": 99100,
            "gross_margin": 16.8,
            "gross_margin_4q_avg": 18.32,
            "net_income": 4545,
            "revenue": 590054,
            "common_shares": 612515,
            "book_valuer_per_share": 24.23,
            "book_valuer_per_share_4q_avg": 24.12,
            "equity": 1485894,
            "current_ratio": 234.01,
            "debt_ratio": 39.79,
            "inventory_turnover_ratio": 0.61,
            "account_receivable_turnover_ratio": 0.67,
            "reinvestment_rate": null,
            "research_to_sale_ratio": 7.86,
            "price_fair": 2.1,
            "eps_avg_yearly": 0.7,
            "eps_latest_yearly": 0.32,
            "eps_growth_yearly": -20
        },
        "20142": {
            "year_quarter": 20142,
            "year": 2014,
            "quarter": 2,
            "eps": 0.1,
            "eps_growth_year": -28.57,
            "eps_4q": 0.36,
            "eps_4q_growth_year": -51.72,
            "roe": 0.39,
            "roe_4q": 1.51,
            "gross_profit": 118137,
            "gross_margin": 18.22,
            "gross_margin_4q_avg": 17.88,
            "net_income": 5799,
            "revenue": 648217,
            "common_shares": 612515,
            "book_valuer_per_share": 24.32,
            "book_valuer_per_share_4q_avg": 24.2,
            "equity": 1491414,
            "current_ratio": 241.29,
            "debt_ratio": 34.94,
            "inventory_turnover_ratio": 0.63,
            "account_receivable_turnover_ratio": 0.71,
            "reinvestment_rate": null,
            "research_to_sale_ratio": 6.19,
            "price_fair": 12.89,
            "eps_avg_yearly": 0.62,
            "eps_latest_yearly": 0.4,
            "eps_growth_yearly": 10.79
        },
        "20143": {
            "year_quarter": 20143,
            "year": 2014,
            "quarter": 3,
            "eps": 0.04,
            "eps_growth_year": -69.23,
            "eps_4q": 0.28,
            "eps_4q_growth_year": -47.65,
            "roe": 0.16,
            "roe_4q": 1.1300000000000001,
            "gross_profit": 98990,
            "gross_margin": 16.22,
            "gross_margin_4q_avg": 17.22,
            "net_income": 2361,
            "revenue": 610340,
            "common_shares": 612515,
            "book_valuer_per_share": 24.37,
            "book_valuer_per_share_4q_avg": 24.27,
            "equity": 1494113,
            "current_ratio": 225.43,
            "debt_ratio": 37.75,
            "inventory_turnover_ratio": 0.6,
            "account_receivable_turnover_ratio": 0.69,
            "reinvestment_rate": null,
            "research_to_sale_ratio": 6.7,
            "price_fair": 1.22,
            "eps_avg_yearly": 0.41,
            "eps_latest_yearly": 0.16,
            "eps_growth_yearly": -59.6
        },
        "20144": {
            "year_quarter": 20144,
            "year": 2014,
            "quarter": 4,
            "eps": 0.03,
            "eps_growth_year": -50.34,
            "eps_4q": 0.25,
            "eps_4q_growth_year": -43.09,
            "roe": 0.12,
            "roe_4q": 0.98,
            "gross_profit": 86504,
            "gross_margin": 16.72,
            "gross_margin_4q_avg": 16.99,
            "net_income": 1728,
            "revenue": 517407,
            "common_shares": 612515,
            "book_valuer_per_share": 24.41,
            "book_valuer_per_share_4q_avg": 24.33,
            "equity": 1496516,
            "current_ratio": 242.52,
            "debt_ratio": 35.12,
            "inventory_turnover_ratio": 0.56,
            "account_receivable_turnover_ratio": 0.6,
            "reinvestment_rate": null,
            "research_to_sale_ratio": 8.1,
            "price_fair": 1.12,
            "eps_avg_yearly": 0.37,
            "eps_latest_yearly": 0.12,
            "eps_growth_yearly": -64.09
        },
        "20151": {
            "year_quarter": 20151,
            "year": 2015,
            "quarter": 1,
            "eps": -0.07,
            "eps_growth_year": -187.5,
            "eps_4q": 0.09,
            "eps_4q_growth_year": -77.08,
            "roe": -0.28,
            "roe_4q": 0.39,
            "gross_profit": 90163,
            "gross_margin": 20.42,
            "gross_margin_4q_avg": 17.9,
            "net_income": -4236,
            "revenue": 441493,
            "common_shares": 612515,
            "book_valuer_per_share": 24.34,
            "book_valuer_per_share_4q_avg": 24.36,
            "equity": 1492123,
            "current_ratio": 302.85,
            "debt_ratio": 27.79,
            "inventory_turnover_ratio": 0.51,
            "account_receivable_turnover_ratio": 0.57,
            "reinvestment_rate": null,
            "research_to_sale_ratio": 8.63,
            "price_fair": 1.12,
            "eps_avg_yearly": 0.37,
            "eps_latest_yearly": 0.12,
            "eps_growth_yearly": -64.09
        },
        "20152": {
            "year_quarter": 20152,
            "year": 2015,
            "quarter": 2,
            "eps": -0.42,
            "eps_growth_year": -520,
            "eps_4q": -0.43,
            "eps_4q_growth_year": -216.74,
            "roe": -1.76,
            "roe_4q": -1.76,
            "gross_profit": 73276,
            "gross_margin": 17.3,
            "gross_margin_4q_avg": 17.67,
            "net_income": -25996,
            "revenue": 423619,
            "common_shares": 612515,
            "book_valuer_per_share": 23.91,
            "book_valuer_per_share_4q_avg": 24.26,
            "equity": 1464343,
            "current_ratio": 283.02,
            "debt_ratio": 28.8,
            "inventory_turnover_ratio": 0.52,
            "account_receivable_turnover_ratio": 0.64,
            "reinvestment_rate": null,
            "research_to_sale_ratio": 10.24,
            "price_fair": 1.12,
            "eps_avg_yearly": 0.37,
            "eps_latest_yearly": 0.12,
            "eps_growth_yearly": -64.09
        },
        "20153": {
            "year_quarter": 20153,
            "year": 2015,
            "quarter": 3,
            "eps": -0.06,
            "eps_growth_year": -250,
            "eps_4q": -0.52,
            "eps_4q_growth_year": -288.41,
            "roe": -0.25,
            "roe_4q": -2.17,
            "gross_profit": 80729,
            "gross_margin": 14.23,
            "gross_margin_4q_avg": 17.17,
            "net_income": -3603,
            "revenue": 567498,
            "common_shares": 612515,
            "book_valuer_per_share": 23.86,
            "book_valuer_per_share_4q_avg": 24.13,
            "equity": 1461429,
            "current_ratio": 238.21,
            "debt_ratio": 34.78,
            "inventory_turnover_ratio": 0.77,
            "account_receivable_turnover_ratio": 0.87,
            "reinvestment_rate": null,
            "research_to_sale_ratio": 7.93,
            "price_fair": 1.12,
            "eps_avg_yearly": 0.37,
            "eps_latest_yearly": 0.12,
            "eps_growth_yearly": -64.09
        },
        "20154": {
            "year_quarter": 20154,
            "year": 2015,
            "quarter": 4,
            "eps": 0.11,
            "eps_growth_year": 277.35,
            "eps_4q": -0.44,
            "eps_4q_growth_year": -278.13,
            "roe": 0.47,
            "roe_4q": -1.82,
            "gross_profit": 98918,
            "gross_margin": 16.72,
            "gross_margin_4q_avg": 17.17,
            "net_income": 6815,
            "revenue": 591676,
            "common_shares": 612515,
            "book_valuer_per_share": 23.95,
            "book_valuer_per_share_4q_avg": 24.02,
            "equity": 1466856,
            "current_ratio": 207.21,
            "debt_ratio": 40.57,
            "inventory_turnover_ratio": 0.83,
            "account_receivable_turnover_ratio": 0.76,
            "reinvestment_rate": null,
            "research_to_sale_ratio": 7.16,
            "price_fair": 1.12,
            "eps_avg_yearly": 0.37,
            "eps_latest_yearly": 0.12,
            "eps_growth_yearly": -64.09
        },
        "20161": {
            "year_quarter": 20161,
            "year": 2016,
            "quarter": 1,
            "eps": 0.11,
            "eps_growth_year": null,
            "eps_4q": -0.26,
            "eps_4q_growth_year": -378.97,
            "roe": 0.45,
            "roe_4q": -1.09,
            "gross_profit": 95441,
            "gross_margin": 18.56,
            "gross_margin_4q_avg": 16.7,
            "net_income": 6591,
            "revenue": 514198,
            "common_shares": 612515,
            "book_valuer_per_share": 24.05,
            "book_valuer_per_share_4q_avg": 23.94,
            "equity": 1473341,
            "current_ratio": 236.45,
            "debt_ratio": 35.03,
            "inventory_turnover_ratio": 0.69,
            "account_receivable_turnover_ratio": 0.61,
            "reinvestment_rate": 35.78,
            "research_to_sale_ratio": 7.36,
            "price_fair": 1.14,
            "eps_avg_yearly": 0.38,
            "eps_latest_yearly": 0.44,
            "eps_growth_yearly": -57.68
        },
        "20162": {
            "year_quarter": 20162,
            "year": 2016,
            "quarter": 2,
            "eps": 0.42,
            "eps_growth_year": null,
            "eps_4q": 0.58,
            "eps_4q_growth_year": null,
            "roe": 1.72,
            "roe_4q": 2.3899999999999997,
            "gross_profit": 118200,
            "gross_margin": 20.14,
            "gross_margin_4q_avg": 17.41,
            "net_income": 25574,
            "revenue": 586968,
            "common_shares": 612515,
            "book_valuer_per_share": 24.46,
            "book_valuer_per_share_4q_avg": 24.08,
            "equity": 1498467,
            "current_ratio": 223.63,
            "debt_ratio": 37.5,
            "inventory_turnover_ratio": 0.79,
            "account_receivable_turnover_ratio": 0.7,
            "reinvestment_rate": 19.85,
            "research_to_sale_ratio": 6.58,
            "price_fair": 17.44,
            "eps_avg_yearly": 0.5,
            "eps_latest_yearly": 1.68,
            "eps_growth_yearly": 50.05
        },
        "20163": {
            "year_quarter": 20163,
            "year": 2016,
            "quarter": 3,
            "eps": 0.11,
            "eps_growth_year": null,
            "eps_4q": 0.74,
            "eps_4q_growth_year": null,
            "roe": 0.44,
            "roe_4q": 3.08,
            "gross_profit": 104201,
            "gross_margin": 16.65,
            "gross_margin_4q_avg": 18.02,
            "net_income": 6647,
            "revenue": 625737,
            "common_shares": 612515,
            "book_valuer_per_share": 24.56,
            "book_valuer_per_share_4q_avg": 24.26,
            "equity": 1504400,
            "current_ratio": 217.02,
            "debt_ratio": 38.85,
            "inventory_turnover_ratio": 0.94,
            "account_receivable_turnover_ratio": 0.69,
            "reinvestment_rate": 26.14,
            "research_to_sale_ratio": 6.25,
            "price_fair": 15.43,
            "eps_avg_yearly": 0.49,
            "eps_latest_yearly": 0.44,
            "eps_growth_yearly": 21.27
        },
        "20164": {
            "year_quarter": 20164,
            "year": 2016,
            "quarter": 4,
            "eps": 0.47,
            "eps_growth_year": 322.73,
            "eps_4q": 1.1,
            "eps_4q_growth_year": null,
            "roe": 1.9,
            "roe_4q": 4.51,
            "gross_profit": 110536,
            "gross_margin": 17.36,
            "gross_margin_4q_avg": 18.18,
            "net_income": 28809,
            "revenue": 636798,
            "common_shares": 612515,
            "book_valuer_per_share": 25.04,
            "book_valuer_per_share_4q_avg": 24.53,
            "equity": 1533482,
            "current_ratio": 233.6,
            "debt_ratio": 35.83,
            "inventory_turnover_ratio": 1.01,
            "account_receivable_turnover_ratio": 0.64,
            "reinvestment_rate": 20.5,
            "research_to_sale_ratio": 5.74,
            "price_fair": 21,
            "eps_avg_yearly": 0.6,
            "eps_latest_yearly": 1.88,
            "eps_growth_yearly": 149.41
        },
        "20171": {
            "year_quarter": 20171,
            "year": 2017,
            "quarter": 1,
            "eps": 0.12,
            "eps_growth_year": 9.09,
            "eps_4q": 1.12,
            "eps_4q_growth_year": null,
            "roe": 0.48,
            "roe_4q": 4.54,
            "gross_profit": 103969,
            "gross_margin": 19.52,
            "gross_margin_4q_avg": 18.42,
            "net_income": 7391,
            "revenue": 532579,
            "common_shares": 612515,
            "book_valuer_per_share": 25.14,
            "book_valuer_per_share_4q_avg": 24.8,
            "equity": 1539787,
            "current_ratio": 281.69,
            "debt_ratio": 29.22,
            "inventory_turnover_ratio": 0.81,
            "account_receivable_turnover_ratio": 0.56,
            "reinvestment_rate": 22.89,
            "research_to_sale_ratio": 6.81,
            "price_fair": 21.12,
            "eps_avg_yearly": 0.6,
            "eps_latest_yearly": 0.48,
            "eps_growth_yearly": 133.48
        },
        "20172": {
            "year_quarter": 20172,
            "year": 2017,
            "quarter": 2,
            "eps": 0.12,
            "eps_growth_year": -71.43,
            "eps_4q": 0.81,
            "eps_4q_growth_year": 41.09,
            "roe": 0.46,
            "roe_4q": 3.28,
            "gross_profit": 100902,
            "gross_margin": 18.33,
            "gross_margin_4q_avg": 17.97,
            "net_income": 7068,
            "revenue": 550362,
            "common_shares": 612515,
            "book_valuer_per_share": 25.26,
            "book_valuer_per_share_4q_avg": 25,
            "equity": 1547317,
            "current_ratio": 288.96,
            "debt_ratio": 28.4,
            "inventory_turnover_ratio": 0.85,
            "account_receivable_turnover_ratio": 0.64,
            "reinvestment_rate": 28.43,
            "research_to_sale_ratio": 6.95,
            "price_fair": 20.88,
            "eps_avg_yearly": 0.6,
            "eps_latest_yearly": 0.48,
            "eps_growth_yearly": 124.39
        },
        "20173": {
            "year_quarter": 20173,
            "year": 2017,
            "quarter": 3,
            "eps": 0.95,
            "eps_growth_year": 763.64,
            "eps_4q": 1.66,
            "eps_4q_growth_year": 122.26,
            "roe": 3.69,
            "roe_4q": 6.530000000000001,
            "gross_profit": 157573,
            "gross_margin": 22.2,
            "gross_margin_4q_avg": 19.35,
            "net_income": 58143,
            "revenue": 709834,
            "common_shares": 612515,
            "book_valuer_per_share": 26.22,
            "book_valuer_per_share_4q_avg": 25.42,
            "equity": 1605775,
            "current_ratio": 331.2,
            "debt_ratio": 24.71,
            "inventory_turnover_ratio": 1.17,
            "account_receivable_turnover_ratio": 0.78,
            "reinvestment_rate": 23.58,
            "research_to_sale_ratio": 5.66,
            "price_fair": 30.45,
            "eps_avg_yearly": 0.87,
            "eps_latest_yearly": 3.8,
            "eps_growth_yearly": 357.32
        },
        "20174": {
            "year_quarter": 20174,
            "year": 2017,
            "quarter": 4,
            "eps": 0.32,
            "eps_growth_year": -31.91,
            "eps_4q": 1.51,
            "eps_4q_growth_year": 36.37,
            "roe": 1.21,
            "roe_4q": 5.84,
            "gross_profit": 127793,
            "gross_margin": 20.57,
            "gross_margin_4q_avg": 20.16,
            "net_income": 19615,
            "revenue": 621242,
            "common_shares": 612515,
            "book_valuer_per_share": 26.54,
            "book_valuer_per_share_4q_avg": 25.79,
            "equity": 1625812,
            "current_ratio": 277.81,
            "debt_ratio": 29.74,
            "inventory_turnover_ratio": 1.13,
            "account_receivable_turnover_ratio": 0.64,
            "reinvestment_rate": 27.15,
            "research_to_sale_ratio": 6.85,
            "price_fair": 33.48,
            "eps_avg_yearly": 0.96,
            "eps_latest_yearly": 1.28,
            "eps_growth_yearly": 353.17
        },
        "20181": {
            "year_quarter": 20181,
            "year": 2018,
            "quarter": 1,
            "eps": 0.35,
            "eps_growth_year": 191.67,
            "eps_4q": 1.73,
            "eps_4q_growth_year": 55.24,
            "roe": 1.31,
            "roe_4q": 6.67,
            "gross_profit": 124073,
            "gross_margin": 21.17,
            "gross_margin_4q_avg": 20.57,
            "net_income": 21392,
            "revenue": 586133,
            "common_shares": 612515,
            "book_valuer_per_share": 26.9,
            "book_valuer_per_share_4q_avg": 26.23,
            "equity": 1647758,
            "current_ratio": 346.41,
            "debt_ratio": 23.55,
            "inventory_turnover_ratio": 1.06,
            "account_receivable_turnover_ratio": 0.64,
            "reinvestment_rate": 23.1,
            "research_to_sale_ratio": 5.85,
            "price_fair": 36.63,
            "eps_avg_yearly": 1.05,
            "eps_latest_yearly": 1.4,
            "eps_growth_yearly": 345.18
        },
        "20182": {
            "year_quarter": 20182,
            "year": 2018,
            "quarter": 2,
            "eps": 0.97,
            "eps_growth_year": 708.33,
            "eps_4q": 2.59,
            "eps_4q_growth_year": 217.73,
            "roe": 3.58,
            "roe_4q": 9.790000000000001,
            "gross_profit": 138721,
            "gross_margin": 22.03,
            "gross_margin_4q_avg": 21.49,
            "net_income": 59447,
            "revenue": 629731,
            "common_shares": 612515,
            "book_valuer_per_share": 27.37,
            "book_valuer_per_share_4q_avg": 26.76,
            "equity": 1676267,
            "current_ratio": 286.83,
            "debt_ratio": 28.75,
            "inventory_turnover_ratio": 1.18,
            "account_receivable_turnover_ratio": 0.71,
            "reinvestment_rate": 20.64,
            "research_to_sale_ratio": 5.47,
            "price_fair": 46.78,
            "eps_avg_yearly": 1.34,
            "eps_latest_yearly": 3.88,
            "eps_growth_yearly": 395.89
        },
        "20183": {
            "year_quarter": 20183,
            "year": 2018,
            "quarter": 3,
            "eps": 0.98,
            "eps_growth_year": 3.16,
            "eps_4q": 2.62,
            "eps_4q_growth_year": 58.4,
            "roe": 3.53,
            "roe_4q": 9.629999999999999,
            "gross_profit": 164085,
            "gross_margin": 24.95,
            "gross_margin_4q_avg": 22.18,
            "net_income": 60178,
            "revenue": 657699,
            "common_shares": 612515,
            "book_valuer_per_share": 28.33,
            "book_valuer_per_share_4q_avg": 27.29,
            "equity": 1735500,
            "current_ratio": 285.38,
            "debt_ratio": 29.09,
            "inventory_turnover_ratio": 1.18,
            "account_receivable_turnover_ratio": 0.69,
            "reinvestment_rate": 17.57,
            "research_to_sale_ratio": 5.3,
            "price_fair": 57.75,
            "eps_avg_yearly": 1.65,
            "eps_latest_yearly": 3.92,
            "eps_growth_yearly": 416.24
        },
        "20184": {
            "year_quarter": 20184,
            "year": 2018,
            "quarter": 4,
            "eps": 0.2,
            "eps_growth_year": -36.91,
            "eps_4q": 2.5,
            "eps_4q_growth_year": 66.34,
            "roe": 0.71,
            "roe_4q": 9.13,
            "gross_profit": 111329,
            "gross_margin": 20.71,
            "gross_margin_4q_avg": 22.22,
            "net_income": 12376,
            "revenue": 537549,
            "common_shares": 612515,
            "book_valuer_per_share": 28.58,
            "book_valuer_per_share_4q_avg": 27.8,
            "equity": 1750676,
            "current_ratio": 295.99,
            "debt_ratio": 27.94,
            "inventory_turnover_ratio": 0.89,
            "account_receivable_turnover_ratio": 0.6,
            "reinvestment_rate": 19.56,
            "research_to_sale_ratio": 6.54,
            "price_fair": 59.73,
            "eps_avg_yearly": 1.71,
            "eps_latest_yearly": 0.8,
            "eps_growth_yearly": 398.04
        },
        "20191": {
            "year_quarter": 20191,
            "year": 2019,
            "quarter": 1,
            "eps": 0.65,
            "eps_growth_year": 85.71,
            "eps_4q": 2.8,
            "eps_4q_growth_year": 61.57,
            "roe": 2.24,
            "roe_4q": 10.06,
            "gross_profit": 131543,
            "gross_margin": 21.79,
            "gross_margin_4q_avg": 22.37,
            "net_income": 39615,
            "revenue": 603758,
            "common_shares": 612515,
            "book_valuer_per_share": 29.24,
            "book_valuer_per_share_4q_avg": 28.38,
            "equity": 1790978,
            "current_ratio": 291.56,
            "debt_ratio": 28.43,
            "inventory_turnover_ratio": 0.85,
            "account_receivable_turnover_ratio": 0.71,
            "reinvestment_rate": 5.9,
            "research_to_sale_ratio": 4.97,
            "price_fair": 62.14,
            "eps_avg_yearly": 1.78,
            "eps_latest_yearly": 2.6,
            "eps_growth_yearly": 436.65
        },
        "20192": {
            "year_quarter": 20192,
            "year": 2019,
            "quarter": 2,
            "eps": 1.05,
            "eps_growth_year": 8.25,
            "eps_4q": 2.88,
            "eps_4q_growth_year": 11.09,
            "roe": 3.55,
            "roe_4q": 10.03,
            "gross_profit": 171571,
            "gross_margin": 23.38,
            "gross_margin_4q_avg": 22.71,
            "net_income": 64021,
            "revenue": 733804,
            "common_shares": 612515,
            "book_valuer_per_share": 29.58,
            "book_valuer_per_share_4q_avg": 28.93,
            "equity": 1811741,
            "current_ratio": 278.15,
            "debt_ratio": 29.9,
            "inventory_turnover_ratio": 0.96,
            "account_receivable_turnover_ratio": 0.75,
            "reinvestment_rate": -6.52,
            "research_to_sale_ratio": 4.02,
            "price_fair": 68.2,
            "eps_avg_yearly": 1.95,
            "eps_latest_yearly": 4.2,
            "eps_growth_yearly": 423.05
        },
        "20193": {
            "year_quarter": 20193,
            "year": 2019,
            "quarter": 3,
            "eps": 1.12,
            "eps_growth_year": 14.29,
            "eps_4q": 3.01,
            "eps_4q_growth_year": 14.81,
            "roe": 3.71,
            "roe_4q": 10.21,
            "gross_profit": 176865,
            "gross_margin": 22.86,
            "gross_margin_4q_avg": 22.19,
            "net_income": 68408,
            "revenue": 773848,
            "common_shares": 612515,
            "book_valuer_per_share": 30.68,
            "book_valuer_per_share_4q_avg": 29.52,
            "equity": 1879007,
            "current_ratio": 293.43,
            "debt_ratio": 28.4,
            "inventory_turnover_ratio": 1.1,
            "account_receivable_turnover_ratio": 0.7,
            "reinvestment_rate": -4.64,
            "research_to_sale_ratio": 4.21,
            "price_fair": 74.11,
            "eps_avg_yearly": 2.12,
            "eps_latest_yearly": 4.48,
            "eps_growth_yearly": 396.62
        },
        "20194": {
            "year_quarter": 20194,
            "year": 2019,
            "quarter": 4,
            "eps": 0.36,
            "eps_growth_year": 77.08,
            "eps_4q": 3.17,
            "eps_4q_growth_year": 26.45,
            "roe": 1.16,
            "roe_4q": 10.66,
            "gross_profit": 148623,
            "gross_margin": 21.32,
            "gross_margin_4q_avg": 22.34,
            "net_income": 21916,
            "revenue": 697014,
            "common_shares": 612515,
            "book_valuer_per_share": 30.97,
            "book_valuer_per_share_4q_avg": 30.12,
            "equity": 1897218,
            "current_ratio": 360.79,
            "debt_ratio": 22.85,
            "inventory_turnover_ratio": 1.1,
            "account_receivable_turnover_ratio": 0.62,
            "reinvestment_rate": -3.41,
            "research_to_sale_ratio": 5.08,
            "price_fair": 72.63,
            "eps_avg_yearly": 2.08,
            "eps_latest_yearly": 1.44,
            "eps_growth_yearly": 354.87
        },
        "20201": {
            "year_quarter": 20201,
            "year": 2020,
            "quarter": 1,
            "eps": 0.43,
            "eps_growth_year": -33.85,
            "eps_4q": 2.95,
            "eps_4q_growth_year": 5.44,
            "roe": 1.39,
            "roe_4q": 9.809999999999999,
            "gross_profit": 110441,
            "gross_margin": 21.87,
            "gross_margin_4q_avg": 22.36,
            "net_income": 26613,
            "revenue": 504976,
            "common_shares": 612515,
            "book_valuer_per_share": 31.4,
            "book_valuer_per_share_4q_avg": 30.66,
            "equity": 1923464,
            "current_ratio": 379.79,
            "debt_ratio": 21.73,
            "inventory_turnover_ratio": 0.73,
            "account_receivable_turnover_ratio": 0.5,
            "reinvestment_rate": -2.48,
            "research_to_sale_ratio": 6.02,
            "price_fair": 75.43,
            "eps_avg_yearly": 2.16,
            "eps_latest_yearly": 1.72,
            "eps_growth_yearly": 359.73
        },
        "20202": {
            "year_quarter": 20202,
            "year": 2020,
            "quarter": 2,
            "eps": 0.77,
            "eps_growth_year": -26.67,
            "eps_4q": 2.68,
            "eps_4q_growth_year": -6.87,
            "roe": 2.46,
            "roe_4q": 8.719999999999999,
            "gross_profit": 170521,
            "gross_margin": 26.6,
            "gross_margin_4q_avg": 23.16,
            "net_income": 47145,
            "revenue": 641145,
            "common_shares": 612515,
            "book_valuer_per_share": 31.17,
            "book_valuer_per_share_4q_avg": 31.06,
            "equity": 1909091,
            "current_ratio": 357.13,
            "debt_ratio": 23.11,
            "inventory_turnover_ratio": 0.82,
            "account_receivable_turnover_ratio": 0.71,
            "reinvestment_rate": -2.1,
            "research_to_sale_ratio": 5.28,
            "price_fair": 78.49,
            "eps_avg_yearly": 2.24,
            "eps_latest_yearly": 3.08,
            "eps_growth_yearly": 309.04
        },
        "20203": {
            "year_quarter": 20203,
            "year": 2020,
            "quarter": 3,
            "eps": 0.95,
            "eps_growth_year": -15.18,
            "eps_4q": 2.5,
            "eps_4q_growth_year": -16.86,
            "roe": 2.97,
            "roe_4q": 7.9799999999999995,
            "gross_profit": 177813,
            "gross_margin": 27.14,
            "gross_margin_4q_avg": 24.23,
            "net_income": 57656,
            "revenue": 655242,
            "common_shares": 612515,
            "book_valuer_per_share": 32.12,
            "book_valuer_per_share_4q_avg": 31.42,
            "equity": 1967120,
            "current_ratio": 401.17,
            "debt_ratio": 20.56,
            "inventory_turnover_ratio": 0.86,
            "account_receivable_turnover_ratio": 0.74,
            "reinvestment_rate": -1.45,
            "research_to_sale_ratio": 5.07,
            "price_fair": 85.84,
            "eps_avg_yearly": 2.45,
            "eps_latest_yearly": 3.8,
            "eps_growth_yearly": 333.34
        },
        "20204": {
            "year_quarter": 20204,
            "year": 2020,
            "quarter": 4,
            "eps": 0.89,
            "eps_growth_year": 148.75,
            "eps_4q": 3.04,
            "eps_4q_growth_year": -4.14,
            "roe": 2.73,
            "roe_4q": 9.55,
            "gross_profit": 154431,
            "gross_margin": 22.74,
            "gross_margin_4q_avg": 24.59,
            "net_income": 54517,
            "revenue": 679036,
            "common_shares": 612515,
            "book_valuer_per_share": 33,
            "book_valuer_per_share_4q_avg": 31.92,
            "equity": 2021493,
            "current_ratio": 454.74,
            "debt_ratio": 18.11,
            "inventory_turnover_ratio": 1.09,
            "account_receivable_turnover_ratio": 0.75,
            "reinvestment_rate": -0.36,
            "research_to_sale_ratio": 3.67,
            "price_fair": 89.51,
            "eps_avg_yearly": 2.56,
            "eps_latest_yearly": 3.56,
            "eps_growth_yearly": 249.94
        },
        "20211": {
            "year_quarter": 20211,
            "year": 2021,
            "quarter": 1,
            "eps": 1.47,
            "eps_growth_year": 241.86,
            "eps_4q": 4.07,
            "eps_4q_growth_year": 37.87,
            "roe": 4.36,
            "roe_4q": 12.52,
            "gross_profit": 214974,
            "gross_margin": 28.8,
            "gross_margin_4q_avg": 26.32,
            "net_income": 90175,
            "revenue": 746564,
            "common_shares": 612515,
            "book_valuer_per_share": 34.47,
            "book_valuer_per_share_4q_avg": 32.69,
            "equity": 2111512,
            "current_ratio": 412.93,
            "debt_ratio": 20.22,
            "inventory_turnover_ratio": 1.34,
            "account_receivable_turnover_ratio": 0.81,
            "reinvestment_rate": -0.31,
            "research_to_sale_ratio": 4.04,
            "price_fair": 101.33,
            "eps_avg_yearly": 2.9,
            "eps_latest_yearly": 5.88,
            "eps_growth_yearly": 284.85
        },
        "20212": {
            "year_quarter": 20212,
            "year": 2021,
            "quarter": 2,
            "eps": 1.35,
            "eps_growth_year": 75.32,
            "eps_4q": 4.66,
            "eps_4q_growth_year": 73.78,
            "roe": 3.85,
            "roe_4q": 13.910000000000002,
            "gross_profit": 203968,
            "gross_margin": 29.53,
            "gross_margin_4q_avg": 27.05,
            "net_income": 82788,
            "revenue": 690787,
            "common_shares": 612515,
            "book_valuer_per_share": 35.82,
            "book_valuer_per_share_4q_avg": 33.85,
            "equity": 2194150,
            "current_ratio": 399.74,
            "debt_ratio": 20.36,
            "inventory_turnover_ratio": 1.38,
            "account_receivable_turnover_ratio": 0.74,
            "reinvestment_rate": -0.16,
            "research_to_sale_ratio": 4.75,
            "price_fair": 112.09,
            "eps_avg_yearly": 3.2,
            "eps_latest_yearly": 5.4,
            "eps_growth_yearly": 282.81
        },
        "20213": {
            "year_quarter": 20213,
            "year": 2021,
            "quarter": 3,
            "eps": 1.38,
            "eps_growth_year": 45.26,
            "eps_4q": 5.09,
            "eps_4q_growth_year": 103.52,
            "roe": 3.83,
            "roe_4q": 14.77,
            "gross_profit": 203501,
            "gross_margin": 29.3,
            "gross_margin_4q_avg": 27.59,
            "net_income": 84576,
            "revenue": 694428,
            "common_shares": 612515,
            "book_valuer_per_share": 36.2,
            "book_valuer_per_share_4q_avg": 34.87,
            "equity": 2217455,
            "current_ratio": 357.74,
            "debt_ratio": 22.9,
            "inventory_turnover_ratio": 1.38,
            "account_receivable_turnover_ratio": 0.73,
            "reinvestment_rate": -0.37,
            "research_to_sale_ratio": 5.28,
            "price_fair": 115.85,
            "eps_avg_yearly": 3.31,
            "eps_latest_yearly": 5.52,
            "eps_growth_yearly": 110.45
        },
        "20214": {
            "year_quarter": 20214,
            "year": 2021,
            "quarter": 4,
            "eps": 1.58,
            "eps_growth_year": 77.06,
            "eps_4q": 5.78,
            "eps_4q_growth_year": 90.43,
            "roe": 4.26,
            "roe_4q": 16.3,
            "gross_profit": 222691,
            "gross_margin": 30.62,
            "gross_margin_4q_avg": 29.56,
            "net_income": 96529,
            "revenue": 727191,
            "common_shares": 612515,
            "book_valuer_per_share": 37.77,
            "book_valuer_per_share_4q_avg": 36.07,
            "equity": 2313567,
            "current_ratio": 321.6,
            "debt_ratio": 26.23,
            "inventory_turnover_ratio": 1.32,
            "account_receivable_turnover_ratio": 0.75,
            "reinvestment_rate": -1.8,
            "research_to_sale_ratio": 5.58,
            "price_fair": 126.88,
            "eps_avg_yearly": 3.63,
            "eps_latest_yearly": 6.32,
            "eps_growth_yearly": 130.65
        },
        "20221": {
            "year_quarter": 20221,
            "year": 2022,
            "quarter": 1,
            "eps": 2.48,
            "eps_growth_year": 68.71,
            "eps_4q": 6.79,
            "eps_4q_growth_year": 66.61,
            "roe": 6.45,
            "roe_4q": 18.39,
            "gross_profit": 239564,
            "gross_margin": 31.22,
            "gross_margin_4q_avg": 30.17,
            "net_income": 151797,
            "revenue": 767306,
            "common_shares": 612515,
            "book_valuer_per_share": 39.06,
            "book_valuer_per_share_4q_avg": 37.21,
            "equity": 2392761,
            "current_ratio": 345.43,
            "debt_ratio": 24.19,
            "inventory_turnover_ratio": 1.31,
            "account_receivable_turnover_ratio": 0.75,
            "reinvestment_rate": -1.39,
            "research_to_sale_ratio": 4.97,
            "price_fair": 145.51,
            "eps_avg_yearly": 4.16,
            "eps_latest_yearly": 9.92,
            "eps_growth_yearly": 142.55
        },
        "20222": {
            "year_quarter": 20222,
            "year": 2022,
            "quarter": 2,
            "eps": 2.39,
            "eps_growth_year": 77.04,
            "eps_4q": 7.83,
            "eps_4q_growth_year": 68.2,
            "roe": 5.95,
            "roe_4q": 20.490000000000002,
            "gross_profit": 242457,
            "gross_margin": 33.07,
            "gross_margin_4q_avg": 31.05,
            "net_income": 146709,
            "revenue": 733158,
            "common_shares": 612515,
            "book_valuer_per_share": 41.45,
            "book_valuer_per_share_4q_avg": 38.62,
            "equity": 2539135,
            "current_ratio": 332.44,
            "debt_ratio": 25.42,
            "inventory_turnover_ratio": 1.04,
            "account_receivable_turnover_ratio": 0.71,
            "reinvestment_rate": -0.61,
            "research_to_sale_ratio": 6.46,
            "price_fair": 157.94,
            "eps_avg_yearly": 4.51,
            "eps_latest_yearly": 9.56,
            "eps_growth_yearly": 97.35
        },
        "20223": {
            "year_quarter": 20223,
            "year": 2022,
            "quarter": 3,
            "eps": 1.71,
            "eps_growth_year": 23.91,
            "eps_4q": 8.16,
            "eps_4q_growth_year": 60.19,
            "roe": 4.05,
            "roe_4q": 20.71,
            "gross_profit": 175680,
            "gross_margin": 31.64,
            "gross_margin_4q_avg": 31.64,
            "net_income": 104860,
            "revenue": 555258,
            "common_shares": 612515,
            "book_valuer_per_share": 43.16,
            "book_valuer_per_share_4q_avg": 40.36,
            "equity": 2643778,
            "current_ratio": 357.69,
            "debt_ratio": 23.11,
            "inventory_turnover_ratio": 0.6,
            "account_receivable_turnover_ratio": 0.61,
            "reinvestment_rate": 5.52,
            "research_to_sale_ratio": 7.73,
            "price_fair": 164.33,
            "eps_avg_yearly": 4.7,
            "eps_latest_yearly": 6.84,
            "eps_growth_yearly": 89.98
        },
        "20224": {
            "year_quarter": 20224,
            "year": 2022,
            "quarter": 4,
            "eps": 0.49,
            "eps_growth_year": -68.79,
            "eps_4q": 7.08,
            "eps_4q_growth_year": 22.43,
            "roe": 1.13,
            "roe_4q": 17.58,
            "gross_profit": 150388,
            "gross_margin": 26.96,
            "gross_margin_4q_avg": 30.72,
            "net_income": 30126,
            "revenue": 557761,
            "common_shares": 612515,
            "book_valuer_per_share": 43.67,
            "book_valuer_per_share_4q_avg": 41.84,
            "equity": 2674930,
            "current_ratio": 375.85,
            "debt_ratio": 22.01,
            "inventory_turnover_ratio": 0.52,
            "account_receivable_turnover_ratio": 0.72,
            "reinvestment_rate": 4.64,
            "research_to_sale_ratio": 9.09,
            "price_fair": 166.86,
            "eps_avg_yearly": 4.77,
            "eps_latest_yearly": 1.96,
            "eps_growth_yearly": 92.04
        },
        "20231": {
            "year_quarter": 20231,
            "year": 2023,
            "quarter": 1,
            "eps": 0.69,
            "eps_growth_year": -72.18,
            "eps_4q": 5.29,
            "eps_4q_growth_year": -22.12,
            "roe": 1.57,
            "roe_4q": 12.7,
            "gross_profit": 143624,
            "gross_margin": 24.06,
            "gross_margin_4q_avg": 28.93,
            "net_income": 42064,
            "revenue": 597058,
            "common_shares": 612515,
            "book_valuer_per_share": 43.96,
            "book_valuer_per_share_4q_avg": 43.06,
            "equity": 2692742,
            "current_ratio": 477.7,
            "debt_ratio": 17.21,
            "inventory_turnover_ratio": 0.59,
            "account_receivable_turnover_ratio": 0.77,
            "reinvestment_rate": 8.04,
            "research_to_sale_ratio": 6.65,
            "price_fair": 167.21,
            "eps_avg_yearly": 4.78,
            "eps_latest_yearly": 2.76,
            "eps_growth_yearly": 46
        }
    },
    "months": {
        "2004-06": {
            "month": "2004-06",
            "price": "26.20",
            "revenue": 64624
        },
        "2004-07": {
            "month": "2004-07",
            "price": "29.57",
            "revenue": 78098
        },
        "2004-08": {
            "month": "2004-08",
            "price": "28.20",
            "revenue": 94979
        },
        "2004-11": {
            "month": "2004-11",
            "price": "23.70",
            "revenue": 88900
        },
        "2004-12": {
            "month": "2004-12",
            "price": "20.95",
            "revenue": 77482
        },
        "2005-02": {
            "month": "2005-02",
            "price": "20.10",
            "revenue": 53832
        },
        "2005-08": {
            "month": "2005-08",
            "price": "20.75",
            "revenue": 108095
        },
        "2006-02": {
            "month": "2006-02",
            "price": "24.58",
            "revenue": 128453
        },
        "2006-03": {
            "month": "2006-03",
            "price": "36.56",
            "revenue": 132930
        },
        "2006-04": {
            "month": "2006-04",
            "price": "47.02",
            "revenue": 144915
        },
        "2006-05": {
            "month": "2006-05",
            "price": "56.36",
            "revenue": 158551
        },
        "2006-06": {
            "month": "2006-06",
            "price": "61.76",
            "revenue": 147513
        },
        "2006-07": {
            "month": "2006-07",
            "price": "63.62",
            "revenue": 187433
        },
        "2006-08": {
            "month": "2006-08",
            "price": "51.87",
            "revenue": 236319
        },
        "2006-09": {
            "month": "2006-09",
            "price": "63.00",
            "revenue": 241822
        },
        "2006-10": {
            "month": "2006-10",
            "price": "73.76",
            "revenue": 258683
        },
        "2006-11": {
            "month": "2006-11",
            "price": "96.31",
            "revenue": 224671
        },
        "2006-12": {
            "month": "2006-12",
            "price": "130.24",
            "revenue": 157482
        },
        "2007-01": {
            "month": "2007-01",
            "price": "136.62",
            "revenue": 206137
        },
        "2007-02": {
            "month": "2007-02",
            "price": "138.91",
            "revenue": 155354
        },
        "2007-03": {
            "month": "2007-03",
            "price": "136.85",
            "revenue": 234150
        },
        "2007-04": {
            "month": "2007-04",
            "price": "142.09",
            "revenue": 290601
        },
        "2007-05": {
            "month": "2007-05",
            "price": "173.10",
            "revenue": 239291
        },
        "2007-06": {
            "month": "2007-06",
            "price": "227.64",
            "revenue": 227320
        },
        "2007-07": {
            "month": "2007-07",
            "price": "231.20",
            "revenue": 322214
        },
        "2007-08": {
            "month": "2007-08",
            "price": "176.85",
            "revenue": 388027
        },
        "2007-09": {
            "month": "2007-09",
            "price": "156.22",
            "revenue": 365838
        },
        "2007-10": {
            "month": "2007-10",
            "price": "161.14",
            "revenue": 320129
        },
        "2007-11": {
            "month": "2007-11",
            "price": "137.23",
            "revenue": 205627
        },
        "2007-12": {
            "month": "2007-12",
            "price": "106.60",
            "revenue": 183067
        },
        "2008-01": {
            "month": "2008-01",
            "price": "89.42",
            "revenue": 318137
        },
        "2008-02": {
            "month": "2008-02",
            "price": "83.28",
            "revenue": 219484
        },
        "2008-03": {
            "month": "2008-03",
            "price": "87.57",
            "revenue": 312417
        },
        "2008-04": {
            "month": "2008-04",
            "price": "99.46",
            "revenue": 244491
        },
        "2008-05": {
            "month": "2008-05",
            "price": "103.59",
            "revenue": 208550
        },
        "2008-06": {
            "month": "2008-06",
            "price": "79.79",
            "revenue": 205621
        },
        "2008-07": {
            "month": "2008-07",
            "price": "66.78",
            "revenue": 232898
        },
        "2008-08": {
            "month": "2008-08",
            "price": "67.89",
            "revenue": 245468
        },
        "2008-09": {
            "month": "2008-09",
            "price": "36.13",
            "revenue": 300772
        },
        "2008-10": {
            "month": "2008-10",
            "price": "31.10",
            "revenue": 197764
        },
        "2008-11": {
            "month": "2008-11",
            "price": "22.00",
            "revenue": 151625
        },
        "2008-12": {
            "month": "2008-12",
            "price": "19.08",
            "revenue": 142647
        },
        "2009-01": {
            "month": "2009-01",
            "price": "19.97",
            "revenue": 147399
        },
        "2009-02": {
            "month": "2009-02",
            "price": "22.78",
            "revenue": 234886
        },
        "2009-03": {
            "month": "2009-03",
            "price": "30.07",
            "revenue": 291072
        },
        "2009-04": {
            "month": "2009-04",
            "price": "33.69",
            "revenue": 294592
        },
        "2009-05": {
            "month": "2009-05",
            "price": "37.42",
            "revenue": 238927
        },
        "2009-06": {
            "month": "2009-06",
            "price": "32.63",
            "revenue": 261309
        },
        "2009-07": {
            "month": "2009-07",
            "price": "39.72",
            "revenue": 270147
        },
        "2009-08": {
            "month": "2009-08",
            "price": "54.14",
            "revenue": 292031
        },
        "2009-09": {
            "month": "2009-09",
            "price": "53.78",
            "revenue": 275440
        },
        "2009-10": {
            "month": "2009-10",
            "price": "53.40",
            "revenue": 218091
        },
        "2009-11": {
            "month": "2009-11",
            "price": "49.65",
            "revenue": 212801
        },
        "2009-12": {
            "month": "2009-12",
            "price": "57.24",
            "revenue": 233006
        },
        "2010-01": {
            "month": "2010-01",
            "price": "54.46",
            "revenue": 294705
        },
        "2010-02": {
            "month": "2010-02",
            "price": "51.65",
            "revenue": 216004
        },
        "2010-03": {
            "month": "2010-03",
            "price": "54.80",
            "revenue": 295645
        },
        "2010-04": {
            "month": "2010-04",
            "price": "52.41",
            "revenue": 283002
        },
        "2010-05": {
            "month": "2010-05",
            "price": "41.94",
            "revenue": 268329
        },
        "2010-06": {
            "month": "2010-06",
            "price": "39.02",
            "revenue": 272246
        },
        "2010-07": {
            "month": "2010-07",
            "price": "40.20",
            "revenue": 269340
        },
        "2010-08": {
            "month": "2010-08",
            "price": "39.46",
            "revenue": 314768
        },
        "2010-09": {
            "month": "2010-09",
            "price": "37.44",
            "revenue": 297382
        },
        "2010-10": {
            "month": "2010-10",
            "price": "34.67",
            "revenue": 266667
        },
        "2010-11": {
            "month": "2010-11",
            "price": "30.21",
            "revenue": 321196
        },
        "2010-12": {
            "month": "2010-12",
            "price": "33.28",
            "revenue": 299921
        },
        "2011-01": {
            "month": "2011-01",
            "price": "33.15",
            "revenue": 312189
        },
        "2011-02": {
            "month": "2011-02",
            "price": "31.41",
            "revenue": 263945
        },
        "2011-03": {
            "month": "2011-03",
            "price": "28.38",
            "revenue": 319489
        },
        "2011-04": {
            "month": "2011-04",
            "price": "27.01",
            "revenue": 394855
        },
        "2011-05": {
            "month": "2011-05",
            "price": "27.75",
            "revenue": 301396
        },
        "2011-06": {
            "month": "2011-06",
            "price": "26.37",
            "revenue": 262601
        },
        "2011-07": {
            "month": "2011-07",
            "price": "20.89",
            "revenue": 251287
        },
        "2011-08": {
            "month": "2011-08",
            "price": "17.10",
            "revenue": 297341
        },
        "2011-09": {
            "month": "2011-09",
            "price": "15.47",
            "revenue": 251132
        },
        "2011-10": {
            "month": "2011-10",
            "price": "15.81",
            "revenue": 224221
        },
        "2011-11": {
            "month": "2011-11",
            "price": "14.08",
            "revenue": 229877
        },
        "2011-12": {
            "month": "2011-12",
            "price": "12.08",
            "revenue": 232328
        },
        "2012-01": {
            "month": "2012-01",
            "price": "12.23",
            "revenue": 201468
        },
        "2012-02": {
            "month": "2012-02",
            "price": "16.38",
            "revenue": 182274
        },
        "2012-03": {
            "month": "2012-03",
            "price": "16.09",
            "revenue": 228656
        },
        "2012-04": {
            "month": "2012-04",
            "price": "13.30",
            "revenue": 232136
        },
        "2012-05": {
            "month": "2012-05",
            "price": "12.87",
            "revenue": 244993
        },
        "2012-06": {
            "month": "2012-06",
            "price": "12.22",
            "revenue": 212227
        },
        "2012-07": {
            "month": "2012-07",
            "price": "12.08",
            "revenue": 246624
        },
        "2012-08": {
            "month": "2012-08",
            "price": "11.65",
            "revenue": 262546
        },
        "2012-09": {
            "month": "2012-09",
            "price": "12.99",
            "revenue": 299778
        },
        "2012-10": {
            "month": "2012-10",
            "price": "12.66",
            "revenue": 229782
        },
        "2012-11": {
            "month": "2012-11",
            "price": "11.75",
            "revenue": 251680
        },
        "2012-12": {
            "month": "2012-12",
            "price": "12.75",
            "revenue": 219084
        },
        "2013-01": {
            "month": "2013-01",
            "price": "13.66",
            "revenue": 244536
        },
        "2013-02": {
            "month": "2013-02",
            "price": "13.57",
            "revenue": 150655
        },
        "2013-03": {
            "month": "2013-03",
            "price": "14.05",
            "revenue": 198298
        },
        "2013-04": {
            "month": "2013-04",
            "price": "15.05",
            "revenue": 216571
        },
        "2013-05": {
            "month": "2013-05",
            "price": "15.70",
            "revenue": 197602
        },
        "2013-06": {
            "month": "2013-06",
            "price": "15.04",
            "revenue": 194511
        },
        "2013-07": {
            "month": "2013-07",
            "price": "15.56",
            "revenue": 223363
        },
        "2013-08": {
            "month": "2013-08",
            "price": "15.78",
            "revenue": 211987
        },
        "2013-09": {
            "month": "2013-09",
            "price": "16.18",
            "revenue": 219358
        },
        "2013-10": {
            "month": "2013-10",
            "price": "16.61",
            "revenue": 197558
        },
        "2013-11": {
            "month": "2013-11",
            "price": "14.93",
            "revenue": 227544
        },
        "2013-12": {
            "month": "2013-12",
            "price": "15.96",
            "revenue": 221580
        },
        "2014-01": {
            "month": "2014-01",
            "price": "21.95",
            "revenue": 230394
        },
        "2014-02": {
            "month": "2014-02",
            "price": "21.66",
            "revenue": 160984
        },
        "2014-03": {
            "month": "2014-03",
            "price": "24.69",
            "revenue": 198602
        },
        "2014-04": {
            "month": "2014-04",
            "price": "23.30",
            "revenue": 237202
        },
        "2014-05": {
            "month": "2014-05",
            "price": "22.63",
            "revenue": 209595
        },
        "2014-06": {
            "month": "2014-06",
            "price": "23.42",
            "revenue": 201195
        },
        "2014-07": {
            "month": "2014-07",
            "price": "22.22",
            "revenue": 212878
        },
        "2014-08": {
            "month": "2014-08",
            "price": "19.20",
            "revenue": 201871
        },
        "2014-09": {
            "month": "2014-09",
            "price": "17.97",
            "revenue": 195557
        },
        "2014-10": {
            "month": "2014-10",
            "price": "15.94",
            "revenue": 159619
        },
        "2014-11": {
            "month": "2014-11",
            "price": "14.96",
            "revenue": 169635
        },
        "2014-12": {
            "month": "2014-12",
            "price": "16.33",
            "revenue": 188026
        },
        "2015-01": {
            "month": "2015-01",
            "price": "17.45",
            "revenue": 165994
        },
        "2015-02": {
            "month": "2015-02",
            "price": "17.44",
            "revenue": 130965
        },
        "2015-03": {
            "month": "2015-03",
            "price": "17.54",
            "revenue": 144291
        },
        "2015-04": {
            "month": "2015-04",
            "price": "16.31",
            "revenue": 156357
        },
        "2015-05": {
            "month": "2015-05",
            "price": "14.06",
            "revenue": 136954
        },
        "2015-06": {
            "month": "2015-06",
            "price": "12.08",
            "revenue": 130181
        },
        "2015-07": {
            "month": "2015-07",
            "price": "11.62",
            "revenue": 143974
        },
        "2015-08": {
            "month": "2015-08",
            "price": "9.90",
            "revenue": 193978
        },
        "2015-09": {
            "month": "2015-09",
            "price": "10.82",
            "revenue": 229544
        },
        "2015-10": {
            "month": "2015-10",
            "price": "12.13",
            "revenue": 183137
        },
        "2015-11": {
            "month": "2015-11",
            "price": "11.37",
            "revenue": 208066
        },
        "2015-12": {
            "month": "2015-12",
            "price": "11.46",
            "revenue": 200618
        },
        "2016-01": {
            "month": "2016-01",
            "price": "10.56",
            "revenue": 202350
        },
        "2016-02": {
            "month": "2016-02",
            "price": "10.83",
            "revenue": 124060
        },
        "2016-03": {
            "month": "2016-03",
            "price": "12.04",
            "revenue": 187787
        },
        "2016-04": {
            "month": "2016-04",
            "price": "13.23",
            "revenue": 185280
        },
        "2016-05": {
            "month": "2016-05",
            "price": "12.19",
            "revenue": 204525
        },
        "2016-06": {
            "month": "2016-06",
            "price": "13.36",
            "revenue": 197163
        },
        "2016-07": {
            "month": "2016-07",
            "price": "14.56",
            "revenue": 195418
        },
        "2016-08": {
            "month": "2016-08",
            "price": "15.83",
            "revenue": 211404
        },
        "2016-09": {
            "month": "2016-09",
            "price": "16.18",
            "revenue": 218916
        },
        "2016-10": {
            "month": "2016-10",
            "price": "15.88",
            "revenue": 199224
        },
        "2016-11": {
            "month": "2016-11",
            "price": "13.13",
            "revenue": 217882
        },
        "2016-12": {
            "month": "2016-12",
            "price": "13.74",
            "revenue": 219692
        },
        "2017-01": {
            "month": "2017-01",
            "price": "14.20",
            "revenue": 213115
        },
        "2017-02": {
            "month": "2017-02",
            "price": "14.81",
            "revenue": 134465
        },
        "2017-03": {
            "month": "2017-03",
            "price": "16.33",
            "revenue": 184999
        },
        "2017-04": {
            "month": "2017-04",
            "price": "19.84",
            "revenue": 177996
        },
        "2017-05": {
            "month": "2017-05",
            "price": "19.57",
            "revenue": 175622
        },
        "2017-06": {
            "month": "2017-06",
            "price": "19.52",
            "revenue": 196744
        },
        "2017-07": {
            "month": "2017-07",
            "price": "18.72",
            "revenue": 232316
        },
        "2017-08": {
            "month": "2017-08",
            "price": "20.20",
            "revenue": 235961
        },
        "2017-09": {
            "month": "2017-09",
            "price": "21.58",
            "revenue": 241557
        },
        "2017-10": {
            "month": "2017-10",
            "price": "25.55",
            "revenue": 193566
        },
        "2017-11": {
            "month": "2017-11",
            "price": "40.82",
            "revenue": 225619
        },
        "2017-12": {
            "month": "2017-12",
            "price": "40.56",
            "revenue": 202057
        },
        "2018-01": {
            "month": "2018-01",
            "price": "42.52",
            "revenue": 231298
        },
        "2018-02": {
            "month": "2018-02",
            "price": "40.57",
            "revenue": 153670
        },
        "2018-03": {
            "month": "2018-03",
            "price": "41.72",
            "revenue": 201164
        },
        "2018-04": {
            "month": "2018-04",
            "price": "38.76",
            "revenue": 203837
        },
        "2018-05": {
            "month": "2018-05",
            "price": "38.31",
            "revenue": 215745
        },
        "2018-06": {
            "month": "2018-06",
            "price": "51.64",
            "revenue": 210150
        },
        "2018-07": {
            "month": "2018-07",
            "price": "50.55",
            "revenue": 218628
        },
        "2018-08": {
            "month": "2018-08",
            "price": "42.77",
            "revenue": 233488
        },
        "2018-09": {
            "month": "2018-09",
            "price": "37.60",
            "revenue": 205582
        },
        "2018-10": {
            "month": "2018-10",
            "price": "30.18",
            "revenue": 195835
        },
        "2018-11": {
            "month": "2018-11",
            "price": "30.30",
            "revenue": 186388
        },
        "2018-12": {
            "month": "2018-12",
            "price": "34.36",
            "revenue": 155327
        },
        "2019-01": {
            "month": "2019-01",
            "price": "34.21",
            "revenue": 215511
        },
        "2019-02": {
            "month": "2019-02",
            "price": "36.60",
            "revenue": 168668
        },
        "2019-03": {
            "month": "2019-03",
            "price": "34.96",
            "revenue": 219579
        },
        "2019-04": {
            "month": "2019-04",
            "price": "33.22",
            "revenue": 245291
        },
        "2019-05": {
            "month": "2019-05",
            "price": "29.99",
            "revenue": 247984
        },
        "2019-06": {
            "month": "2019-06",
            "price": "31.34",
            "revenue": 240530
        },
        "2019-07": {
            "month": "2019-07",
            "price": "35.35",
            "revenue": 261709
        },
        "2019-08": {
            "month": "2019-08",
            "price": "40.63",
            "revenue": 242736
        },
        "2019-09": {
            "month": "2019-09",
            "price": "45.20",
            "revenue": 269404
        },
        "2019-10": {
            "month": "2019-10",
            "price": "47.83",
            "revenue": 223019
        },
        "2019-11": {
            "month": "2019-11",
            "price": "47.66",
            "revenue": 246904
        },
        "2019-12": {
            "month": "2019-12",
            "price": "48.76",
            "revenue": 227091
        },
        "2020-01": {
            "month": "2020-01",
            "price": "47.39",
            "revenue": 177231
        },
        "2020-02": {
            "month": "2020-02",
            "price": "42.87",
            "revenue": 125267
        },
        "2020-03": {
            "month": "2020-03",
            "price": "34.35",
            "revenue": 202478
        },
        "2020-04": {
            "month": "2020-04",
            "price": "34.16",
            "revenue": 246027
        },
        "2020-05": {
            "month": "2020-05",
            "price": "38.62",
            "revenue": 208139
        },
        "2020-06": {
            "month": "2020-06",
            "price": "39.46",
            "revenue": 186978
        },
        "2020-07": {
            "month": "2020-07",
            "price": "37.52",
            "revenue": 194756
        },
        "2020-08": {
            "month": "2020-08",
            "price": "35.65",
            "revenue": 211259
        },
        "2020-09": {
            "month": "2020-09",
            "price": "37.12",
            "revenue": 249228
        },
        "2020-10": {
            "month": "2020-10",
            "price": "38.25",
            "revenue": 211449
        },
        "2020-11": {
            "month": "2020-11",
            "price": "39.40",
            "revenue": 237561
        },
        "2020-12": {
            "month": "2020-12",
            "price": "44.23",
            "revenue": 230025
        },
        "2021-01": {
            "month": "2021-01",
            "price": "47.65",
            "revenue": 294926
        },
        "2021-02": {
            "month": "2021-02",
            "price": "47.33",
            "revenue": 190930
        },
        "2021-03": {
            "month": "2021-03",
            "price": "52.60",
            "revenue": 260708
        },
        "2021-04": {
            "month": "2021-04",
            "price": "63.39",
            "revenue": 243898
        },
        "2021-05": {
            "month": "2021-05",
            "price": "58.48",
            "revenue": 220590
        },
        "2021-06": {
            "month": "2021-06",
            "price": "66.69",
            "revenue": 226300
        },
        "2021-07": {
            "month": "2021-07",
            "price": "82.55",
            "revenue": 235434
        },
        "2021-08": {
            "month": "2021-08",
            "price": "78.11",
            "revenue": 234537
        },
        "2021-09": {
            "month": "2021-09",
            "price": "72.35",
            "revenue": 224457
        },
        "2021-10": {
            "month": "2021-10",
            "price": "66.52",
            "revenue": 243333
        },
        "2021-11": {
            "month": "2021-11",
            "price": "79.45",
            "revenue": 256290
        },
        "2021-12": {
            "month": "2021-12",
            "price": "79.86",
            "revenue": 227567
        },
        "2022-01": {
            "month": "2022-01",
            "price": "73.90",
            "revenue": 288276
        },
        "2022-02": {
            "month": "2022-02",
            "price": "70.29",
            "revenue": 229011
        },
        "2022-03": {
            "month": "2022-03",
            "price": "68.82",
            "revenue": 250020
        },
        "2022-04": {
            "month": "2022-04",
            "price": "61.63",
            "revenue": 254418
        },
        "2022-05": {
            "month": "2022-05",
            "price": "65.00",
            "revenue": 234591
        },
        "2022-06": {
            "month": "2022-06",
            "price": "67.96",
            "revenue": 244149
        },
        "2022-07": {
            "month": "2022-07",
            "price": "59.79",
            "revenue": 203686
        },
        "2022-08": {
            "month": "2022-08",
            "price": "62.89",
            "revenue": 168496
        },
        "2022-09": {
            "month": "2022-09",
            "price": "55.60",
            "revenue": 183076
        },
        "2022-10": {
            "month": "2022-10",
            "price": "46.97",
            "revenue": 185208
        },
        "2022-11": {
            "month": "2022-11",
            "price": "52.80",
            "revenue": 202636
        },
        "2022-12": {
            "month": "2022-12",
            "price": "56.20",
            "revenue": 169916
        },
        "2023-01": {
            "month": "2023-01",
            "price": "54.42",
            "revenue": 198568
        },
        "2023-02": {
            "month": "2023-02",
            "price": "57.79",
            "revenue": 180014
        },
        "2023-03": {
            "month": "2023-03",
            "price": "57.12",
            "revenue": 218476
        },
        "2023-04": {
            "month": "2023-04",
            "price": "57.55",
            "revenue": 189563
        },
        "2023-05": {
            "month": "2023-05",
            "price": "52.68",
            "revenue": 194488
        }
    }
}
