{
    "summary": {
        "stock_name": "同泰",
        "stock_id": "3321",
        "category": "電子零組件",
        "main_business": "多層及軟式印刷電路板之製造加工及買賣業務<br>電子零組件之製造加工及買賣業務<br>CC01050資料儲存及處理設備製造業",
        "website_url": "http://www.uniflex.com.tw",
        "ceo": "曾山一",
        "pe_ratio": -6,
        "report_year_from": 2003,
        "report_year_to": 2023,
        "age": 21,
        "eps_negative_percentage": 73,
        "eps_growth_avg": {
            "last_all": -44.71,
            "last_2y": null,
            "last_4y": null,
            "last_8y": null,
            "last_12y": null,
            "last_16y": null,
            "last_20y": null,
            "at_2006_last_3y": null,
            "at_2007_last_3y": null,
            "at_2008_last_3y": null,
            "at_2009_last_3y": null,
            "at_2010_last_3y": null,
            "at_2011_last_3y": null,
            "at_2012_last_3y": null,
            "at_2013_last_3y": null,
            "at_2014_last_3y": null,
            "at_2015_last_3y": null,
            "at_2016_last_3y": null,
            "at_2017_last_3y": null,
            "at_2018_last_3y": null,
            "at_2019_last_3y": -100,
            "at_2020_last_3y": null,
            "at_2021_last_3y": null,
            "at_2022_last_3y": null,
            "at_2023_last_3y": null,
            "at_2024_last_3y": null,
            "at_2006_last_all": null,
            "at_2007_last_all": null,
            "at_2008_last_all": null,
            "at_2009_last_all": null,
            "at_2010_last_all": null,
            "at_2011_last_all": null,
            "at_2012_last_all": null,
            "at_2013_last_all": null,
            "at_2014_last_all": null,
            "at_2015_last_all": -17.07,
            "at_2016_last_all": -44.71,
            "at_2017_last_all": -44.71,
            "at_2018_last_all": -44.71,
            "at_2019_last_all": -44.71,
            "at_2020_last_all": -44.71,
            "at_2021_last_all": -44.71,
            "at_2022_last_all": -44.71,
            "at_2023_last_all": -44.71,
            "at_2024_last_all": -44.71
        },
        "latest_eps": -2.79,
        "latest_price": 16.9,
        "latest_roe": -43.52,
        "latest_gross_margin": -2.74,
        "latest_equity": 652078,
        "latest_revenue": 377383,
        "latest_gross_profit": -10330,
        "latest_net_income": -110431,
        "latest_debt_ratio": 66.37,
        "latest_current_ratio": 141.85,
        "latest_account_receivable_turnover_ratio": 0.51,
        "latest_inventory_turnover_ratio": 1.89,
        "latest_reinvestment_rate": null,
        "latest_research_to_sale_ratio": 5.39
    },
    "eps_dividends": {
        "2001": {
            "cash": 0,
            "stock": 0,
            "eps": 0
        },
        "2002": {
            "cash": 0,
            "stock": 0,
            "eps": 0
        },
        "2003": {
            "cash": 0,
            "stock": 0,
            "eps": 5.63
        },
        "2004": {
            "cash": 0.25,
            "stock": 5.1,
            "eps": 1.61
        },
        "2005": {
            "cash": 0.15,
            "stock": 3.5,
            "eps": 0
        },
        "2006": {
            "cash": 0,
            "stock": 0,
            "eps": 0
        },
        "2007": {
            "cash": 0.1,
            "stock": 1.9,
            "eps": 0
        },
        "2008": {
            "cash": 0,
            "stock": 0,
            "eps": 0
        },
        "2009": {
            "cash": 0,
            "stock": 0,
            "eps": 0
        },
        "2010": {
            "cash": 0,
            "stock": 0,
            "eps": 0
        },
        "2011": {
            "cash": 0,
            "stock": 0,
            "eps": 0
        },
        "2012": {
            "cash": 0,
            "stock": 0,
            "eps": 0
        },
        "2013": {
            "cash": 0,
            "stock": 0,
            "eps": 0
        },
        "2014": {
            "cash": 0.5,
            "stock": 0,
            "eps": 0
        },
        "2015": {
            "cash": 1.2,
            "stock": 0,
            "eps": 2.21
        },
        "2016": {
            "cash": 1.7,
            "stock": 0,
            "eps": -2.68
        },
        "2017": {
            "cash": 0,
            "stock": 0,
            "eps": -2.86
        },
        "2018": {
            "cash": 0,
            "stock": 0,
            "eps": -3.53
        },
        "2019": {
            "cash": 0,
            "stock": 0,
            "eps": -3.43
        },
        "2020": {
            "cash": 0,
            "stock": 0,
            "eps": -2.05
        },
        "2021": {
            "cash": 0,
            "stock": 0,
            "eps": -0.55
        },
        "2022": {
            "cash": 0,
            "stock": 0,
            "eps": -1.71
        },
        "2023": {
            "cash": 0,
            "stock": 0,
            "eps": -2.66
        }
    },
    "dividends": {
        "2004-04-02": {
            "cash": 0.25,
            "stock": 5.1
        },
        "2005-03-07": {
            "cash": 0.15,
            "stock": 3.5
        },
        "2007-04-04": {
            "cash": 0.1,
            "stock": 1.9
        },
        "2014-05-23": {
            "cash": 0.5,
            "stock": 0
        },
        "2015-08-14": {
            "cash": 1.2,
            "stock": 0
        },
        "2016-07-15": {
            "cash": 1.7,
            "stock": 0
        }
    },
    "prices": {
        "200101": "無",
        "200102": "無",
        "200103": "無",
        "200104": "無",
        "200105": "無",
        "200106": "無",
        "200107": "無",
        "200108": "無",
        "200109": "無",
        "200110": "無",
        "200111": "無",
        "200112": "無",
        "200201": "無",
        "200202": "無",
        "200203": "無",
        "200204": "無",
        "200205": "無",
        "200206": "無",
        "200207": "無",
        "200208": "無",
        "200209": "無",
        "200210": "無",
        "200211": "無",
        "200212": "無",
        "200301": "無",
        "200302": "無",
        "200303": "無",
        "200304": "無",
        "200305": "無",
        "200306": "無",
        "200307": "無",
        "200308": "無",
        "200309": "無",
        "200310": "無",
        "200311": "無",
        "200312": "無",
        "200401": "無",
        "200402": "無",
        "200403": "無",
        "200404": "無",
        "200405": "138.39",
        "200406": "123.17",
        "200407": "91.78",
        "200408": "71.65",
        "200409": "63.94",
        "200410": "62.04",
        "200411": "38.39",
        "200412": "28.18",
        "200501": "21.37",
        "200502": "19.66",
        "200503": "25.86",
        "200504": "28.92",
        "200505": "24.81",
        "200506": "20.34",
        "200507": "19.22",
        "200508": "16.64",
        "200509": "12.34",
        "200510": "12.19",
        "200511": "11.58",
        "200512": "14.29",
        "200601": "16.79",
        "200602": "17.48",
        "200603": "17.61",
        "200604": "21.16",
        "200605": "20.58",
        "200606": "17.86",
        "200607": "16.20",
        "200608": "15.06",
        "200609": "17.43",
        "200610": "16.28",
        "200611": "14.87",
        "200612": "14.29",
        "200701": "14.27",
        "200702": "13.50",
        "200703": "14.08",
        "200704": "15.76",
        "200705": "16.09",
        "200706": "16.42",
        "200707": "17.71",
        "200708": "16.55",
        "200709": "13.50",
        "200710": "13.01",
        "200711": "12.57",
        "200712": "12.18",
        "200801": "11.68",
        "200802": "10.08",
        "200803": "11.25",
        "200804": "10.91",
        "200805": "10.21",
        "200806": "9.37",
        "200807": "7.87",
        "200808": "8.25",
        "200809": "7.78",
        "200810": "5.74",
        "200811": "4.29",
        "200812": "4.21",
        "200901": "3.61",
        "200902": "5.10",
        "200903": "4.14",
        "200904": "3.06",
        "200905": "無",
        "200906": "無",
        "200907": "無",
        "200908": "無",
        "200909": "無",
        "200910": "無",
        "200911": "無",
        "200912": "無",
        "201001": "無",
        "201002": "無",
        "201003": "無",
        "201004": "無",
        "201005": "無",
        "201006": "無",
        "201007": "無",
        "201008": "無",
        "201009": "無",
        "201010": "無",
        "201011": "無",
        "201012": "無",
        "201101": "無",
        "201102": "無",
        "201103": "無",
        "201104": "無",
        "201105": "無",
        "201106": "無",
        "201107": "無",
        "201108": "無",
        "201109": "無",
        "201110": "無",
        "201111": "無",
        "201112": "無",
        "201201": "無",
        "201202": "無",
        "201203": "無",
        "201204": "無",
        "201205": "無",
        "201206": "無",
        "201207": "無",
        "201208": "無",
        "201209": "無",
        "201210": "無",
        "201211": "無",
        "201212": "無",
        "201301": "無",
        "201302": "無",
        "201303": "無",
        "201304": "無",
        "201305": "無",
        "201306": "無",
        "201307": "無",
        "201308": "無",
        "201309": "無",
        "201310": "無",
        "201311": "無",
        "201312": "無",
        "201401": "無",
        "201402": "無",
        "201403": "無",
        "201404": "無",
        "201405": "無",
        "201406": "無",
        "201407": "無",
        "201408": "無",
        "201409": "無",
        "201410": "無",
        "201411": "無",
        "201412": "34.55",
        "201501": "36.71",
        "201502": "42.51",
        "201503": "47.80",
        "201504": "47.06",
        "201505": "45.71",
        "201506": "46.03",
        "201507": "43.03",
        "201508": "33.35",
        "201509": "32.75",
        "201510": "34.51",
        "201511": "37.05",
        "201512": "30.53",
        "201601": "27.21",
        "201602": "25.87",
        "201603": "28.40",
        "201604": "27.32",
        "201605": "23.50",
        "201606": "21.09",
        "201607": "17.84",
        "201608": "17.22",
        "201609": "17.23",
        "201610": "16.64",
        "201611": "14.46",
        "201612": "13.58",
        "201701": "14.35",
        "201702": "15.14",
        "201703": "14.68",
        "201704": "13.93",
        "201705": "12.61",
        "201706": "12.06",
        "201707": "15.81",
        "201708": "16.22",
        "201709": "15.91",
        "201710": "15.48",
        "201711": "14.22",
        "201712": "15.58",
        "201801": "17.21",
        "201802": "16.62",
        "201803": "16.06",
        "201804": "15.21",
        "201805": "12.33",
        "201806": "11.03",
        "201807": "11.46",
        "201808": "15.72",
        "201809": "15.33",
        "201810": "13.14",
        "201811": "11.73",
        "201812": "11.62",
        "201901": "10.01",
        "201902": "11.14",
        "201903": "13.75",
        "201904": "15.04",
        "201905": "15.06",
        "201906": "13.61",
        "201907": "13.06",
        "201908": "11.32",
        "201909": "11.19",
        "201910": "11.13",
        "201911": "14.47",
        "201912": "15.23",
        "202001": "14.35",
        "202002": "12.19",
        "202003": "8.61",
        "202004": "8.00",
        "202005": "10.27",
        "202006": "11.90",
        "202007": "19.06",
        "202008": "17.23",
        "202009": "15.72",
        "202010": "16.36",
        "202011": "15.77",
        "202012": "14.98",
        "202101": "13.56",
        "202102": "12.95",
        "202103": "14.05",
        "202104": "14.73",
        "202105": "12.80",
        "202106": "13.74",
        "202107": "13.97",
        "202108": "13.40",
        "202109": "12.41",
        "202110": "11.68",
        "202111": "13.10",
        "202112": "14.14",
        "202201": "13.18",
        "202202": "12.93",
        "202203": "12.60",
        "202204": "11.99",
        "202205": "11.02",
        "202206": "10.68",
        "202207": "9.53",
        "202208": "11.12",
        "202209": "9.89",
        "202210": "8.70",
        "202211": "8.67",
        "202212": "8.71",
        "202301": "8.94",
        "202302": "8.84",
        "202303": "6.65",
        "202304": "6.38",
        "202305": "6.26",
        "202306": "6.90",
        "202307": "6.87",
        "202308": "7.14",
        "202309": "14.90",
        "202310": "15.95",
        "202311": "15.82",
        "202312": "14.80",
        "202401": "13.67",
        "202402": "17.25",
        "202403": "18.21",
        "202404": "無"
    },
    "quarters": {
        "20011": {
            "year_quarter": 20011,
            "year": 2001,
            "quarter": 1,
            "eps": null,
            "eps_growth_year": null,
            "eps_4q": null,
            "eps_4q_growth_year": null,
            "roe": null,
            "roe_4q": 0,
            "gross_profit": null,
            "gross_margin": null,
            "gross_margin_4q_avg": 0,
            "net_income": null,
            "net_income_4q": null,
            "revenue": null,
            "revenue_4q": null,
            "common_shares": null,
            "book_valuer_per_share": null,
            "book_valuer_per_share_4q_avg": 0,
            "equity": null,
            "current_ratio": null,
            "debt_ratio": null,
            "inventory_turnover_ratio": null,
            "account_receivable_turnover_ratio": null,
            "reinvestment_rate": null,
            "research_to_sale_ratio": null,
            "price_fair": 0,
            "eps_avg_yearly": 0,
            "eps_latest_yearly": 0,
            "eps_growth_yearly": 0
        },
        "20012": {
            "year_quarter": 20012,
            "year": 2001,
            "quarter": 2,
            "eps": null,
            "eps_growth_year": null,
            "eps_4q": null,
            "eps_4q_growth_year": null,
            "roe": null,
            "roe_4q": 0,
            "gross_profit": null,
            "gross_margin": null,
            "gross_margin_4q_avg": 0,
            "net_income": null,
            "net_income_4q": null,
            "revenue": null,
            "revenue_4q": null,
            "common_shares": null,
            "book_valuer_per_share": null,
            "book_valuer_per_share_4q_avg": 0,
            "equity": null,
            "current_ratio": null,
            "debt_ratio": null,
            "inventory_turnover_ratio": null,
            "account_receivable_turnover_ratio": null,
            "reinvestment_rate": null,
            "research_to_sale_ratio": null,
            "price_fair": 0,
            "eps_avg_yearly": 0,
            "eps_latest_yearly": 0,
            "eps_growth_yearly": 0
        },
        "20013": {
            "year_quarter": 20013,
            "year": 2001,
            "quarter": 3,
            "eps": null,
            "eps_growth_year": null,
            "eps_4q": null,
            "eps_4q_growth_year": null,
            "roe": null,
            "roe_4q": 0,
            "gross_profit": null,
            "gross_margin": null,
            "gross_margin_4q_avg": 0,
            "net_income": null,
            "net_income_4q": null,
            "revenue": null,
            "revenue_4q": null,
            "common_shares": null,
            "book_valuer_per_share": null,
            "book_valuer_per_share_4q_avg": 0,
            "equity": null,
            "current_ratio": null,
            "debt_ratio": null,
            "inventory_turnover_ratio": null,
            "account_receivable_turnover_ratio": null,
            "reinvestment_rate": null,
            "research_to_sale_ratio": null,
            "price_fair": 0,
            "eps_avg_yearly": 0,
            "eps_latest_yearly": 0,
            "eps_growth_yearly": 0
        },
        "20014": {
            "year_quarter": 20014,
            "year": 2001,
            "quarter": 4,
            "eps": null,
            "eps_growth_year": null,
            "eps_4q": null,
            "eps_4q_growth_year": null,
            "roe": null,
            "roe_4q": 0,
            "gross_profit": null,
            "gross_margin": null,
            "gross_margin_4q_avg": 0,
            "net_income": null,
            "net_income_4q": null,
            "revenue": null,
            "revenue_4q": null,
            "common_shares": 230000,
            "book_valuer_per_share": 6.7,
            "book_valuer_per_share_4q_avg": 1.68,
            "equity": 154124,
            "current_ratio": 104.37,
            "debt_ratio": 54,
            "inventory_turnover_ratio": null,
            "account_receivable_turnover_ratio": null,
            "reinvestment_rate": null,
            "research_to_sale_ratio": null,
            "price_fair": 0,
            "eps_avg_yearly": 0,
            "eps_latest_yearly": 0,
            "eps_growth_yearly": 0
        },
        "20021": {
            "year_quarter": 20021,
            "year": 2002,
            "quarter": 1,
            "eps": null,
            "eps_growth_year": null,
            "eps_4q": null,
            "eps_4q_growth_year": null,
            "roe": null,
            "roe_4q": 0,
            "gross_profit": null,
            "gross_margin": null,
            "gross_margin_4q_avg": 0,
            "net_income": null,
            "net_income_4q": null,
            "revenue": null,
            "revenue_4q": null,
            "common_shares": null,
            "book_valuer_per_share": null,
            "book_valuer_per_share_4q_avg": 1.68,
            "equity": null,
            "current_ratio": null,
            "debt_ratio": null,
            "inventory_turnover_ratio": null,
            "account_receivable_turnover_ratio": null,
            "reinvestment_rate": null,
            "research_to_sale_ratio": null,
            "price_fair": 0,
            "eps_avg_yearly": 0,
            "eps_latest_yearly": 0,
            "eps_growth_yearly": 0
        },
        "20022": {
            "year_quarter": 20022,
            "year": 2002,
            "quarter": 2,
            "eps": null,
            "eps_growth_year": null,
            "eps_4q": null,
            "eps_4q_growth_year": null,
            "roe": null,
            "roe_4q": 0,
            "gross_profit": null,
            "gross_margin": null,
            "gross_margin_4q_avg": 0,
            "net_income": null,
            "net_income_4q": null,
            "revenue": null,
            "revenue_4q": null,
            "common_shares": null,
            "book_valuer_per_share": null,
            "book_valuer_per_share_4q_avg": 1.68,
            "equity": null,
            "current_ratio": null,
            "debt_ratio": null,
            "inventory_turnover_ratio": null,
            "account_receivable_turnover_ratio": null,
            "reinvestment_rate": null,
            "research_to_sale_ratio": null,
            "price_fair": 0,
            "eps_avg_yearly": 0,
            "eps_latest_yearly": 0,
            "eps_growth_yearly": 0
        },
        "20023": {
            "year_quarter": 20023,
            "year": 2002,
            "quarter": 3,
            "eps": null,
            "eps_growth_year": null,
            "eps_4q": null,
            "eps_4q_growth_year": null,
            "roe": null,
            "roe_4q": 0,
            "gross_profit": null,
            "gross_margin": null,
            "gross_margin_4q_avg": 0,
            "net_income": null,
            "net_income_4q": null,
            "revenue": null,
            "revenue_4q": null,
            "common_shares": null,
            "book_valuer_per_share": null,
            "book_valuer_per_share_4q_avg": 1.68,
            "equity": null,
            "current_ratio": null,
            "debt_ratio": null,
            "inventory_turnover_ratio": null,
            "account_receivable_turnover_ratio": null,
            "reinvestment_rate": null,
            "research_to_sale_ratio": null,
            "price_fair": 0,
            "eps_avg_yearly": 0,
            "eps_latest_yearly": 0,
            "eps_growth_yearly": 0
        },
        "20024": {
            "year_quarter": 20024,
            "year": 2002,
            "quarter": 4,
            "eps": null,
            "eps_growth_year": null,
            "eps_4q": null,
            "eps_4q_growth_year": null,
            "roe": null,
            "roe_4q": 0,
            "gross_profit": null,
            "gross_margin": null,
            "gross_margin_4q_avg": 0,
            "net_income": null,
            "net_income_4q": null,
            "revenue": null,
            "revenue_4q": null,
            "common_shares": 270000,
            "book_valuer_per_share": 10.22,
            "book_valuer_per_share_4q_avg": 2.56,
            "equity": 275870,
            "current_ratio": 165.31,
            "debt_ratio": 45.61,
            "inventory_turnover_ratio": null,
            "account_receivable_turnover_ratio": null,
            "reinvestment_rate": null,
            "research_to_sale_ratio": null,
            "price_fair": 0,
            "eps_avg_yearly": 0,
            "eps_latest_yearly": 0,
            "eps_growth_yearly": 0
        },
        "20031": {
            "year_quarter": 20031,
            "year": 2003,
            "quarter": 1,
            "eps": null,
            "eps_growth_year": null,
            "eps_4q": null,
            "eps_4q_growth_year": null,
            "roe": null,
            "roe_4q": 0,
            "gross_profit": null,
            "gross_margin": null,
            "gross_margin_4q_avg": 0,
            "net_income": null,
            "net_income_4q": null,
            "revenue": null,
            "revenue_4q": null,
            "common_shares": null,
            "book_valuer_per_share": null,
            "book_valuer_per_share_4q_avg": 2.56,
            "equity": null,
            "current_ratio": null,
            "debt_ratio": null,
            "inventory_turnover_ratio": null,
            "account_receivable_turnover_ratio": null,
            "reinvestment_rate": null,
            "research_to_sale_ratio": null,
            "price_fair": 0,
            "eps_avg_yearly": 0,
            "eps_latest_yearly": 0,
            "eps_growth_yearly": 0
        },
        "20032": {
            "year_quarter": 20032,
            "year": 2003,
            "quarter": 2,
            "eps": null,
            "eps_growth_year": null,
            "eps_4q": null,
            "eps_4q_growth_year": null,
            "roe": null,
            "roe_4q": 0,
            "gross_profit": null,
            "gross_margin": null,
            "gross_margin_4q_avg": 0,
            "net_income": null,
            "net_income_4q": null,
            "revenue": null,
            "revenue_4q": null,
            "common_shares": null,
            "book_valuer_per_share": null,
            "book_valuer_per_share_4q_avg": 2.56,
            "equity": null,
            "current_ratio": null,
            "debt_ratio": null,
            "inventory_turnover_ratio": null,
            "account_receivable_turnover_ratio": null,
            "reinvestment_rate": null,
            "research_to_sale_ratio": null,
            "price_fair": 0,
            "eps_avg_yearly": 0,
            "eps_latest_yearly": 0,
            "eps_growth_yearly": 0
        },
        "20033": {
            "year_quarter": 20033,
            "year": 2003,
            "quarter": 3,
            "eps": 2.74,
            "eps_growth_year": null,
            "eps_4q": null,
            "eps_4q_growth_year": null,
            "roe": 18.61,
            "roe_4q": 18.61,
            "gross_profit": 117306,
            "gross_margin": 40.17,
            "gross_margin_4q_avg": 10.04,
            "net_income": 73929,
            "net_income_4q": null,
            "revenue": 292059,
            "revenue_4q": null,
            "common_shares": 270000,
            "book_valuer_per_share": 14.71,
            "book_valuer_per_share_4q_avg": 6.23,
            "equity": 397230,
            "current_ratio": 148.76,
            "debt_ratio": 51.62,
            "inventory_turnover_ratio": 1.01,
            "account_receivable_turnover_ratio": null,
            "reinvestment_rate": null,
            "research_to_sale_ratio": null,
            "price_fair": 0,
            "eps_avg_yearly": 0,
            "eps_latest_yearly": 0,
            "eps_growth_yearly": 0
        },
        "20034": {
            "year_quarter": 20034,
            "year": 2003,
            "quarter": 4,
            "eps": 2.89,
            "eps_growth_year": null,
            "eps_4q": null,
            "eps_4q_growth_year": null,
            "roe": 15,
            "roe_4q": 33.61,
            "gross_profit": 123337,
            "gross_margin": 27.12,
            "gross_margin_4q_avg": 16.82,
            "net_income": 78988,
            "net_income_4q": null,
            "revenue": 454829,
            "revenue_4q": null,
            "common_shares": 360000,
            "book_valuer_per_share": 18.21,
            "book_valuer_per_share_4q_avg": 8.23,
            "equity": 655605,
            "current_ratio": 184.27,
            "debt_ratio": 44.37,
            "inventory_turnover_ratio": 1.9,
            "account_receivable_turnover_ratio": null,
            "reinvestment_rate": null,
            "research_to_sale_ratio": null,
            "price_fair": 368.74,
            "eps_avg_yearly": 11.56,
            "eps_latest_yearly": 11.56,
            "eps_growth_yearly": 21.9
        },
        "20041": {
            "year_quarter": 20041,
            "year": 2004,
            "quarter": 1,
            "eps": null,
            "eps_growth_year": null,
            "eps_4q": null,
            "eps_4q_growth_year": null,
            "roe": null,
            "roe_4q": 33.61,
            "gross_profit": null,
            "gross_margin": null,
            "gross_margin_4q_avg": 16.82,
            "net_income": null,
            "net_income_4q": null,
            "revenue": null,
            "revenue_4q": null,
            "common_shares": null,
            "book_valuer_per_share": null,
            "book_valuer_per_share_4q_avg": 8.23,
            "equity": null,
            "current_ratio": null,
            "debt_ratio": null,
            "inventory_turnover_ratio": null,
            "account_receivable_turnover_ratio": null,
            "reinvestment_rate": null,
            "research_to_sale_ratio": null,
            "price_fair": 368.74,
            "eps_avg_yearly": 11.56,
            "eps_latest_yearly": 11.56,
            "eps_growth_yearly": 21.9
        },
        "20042": {
            "year_quarter": 20042,
            "year": 2004,
            "quarter": 2,
            "eps": null,
            "eps_growth_year": null,
            "eps_4q": null,
            "eps_4q_growth_year": null,
            "roe": null,
            "roe_4q": 33.61,
            "gross_profit": null,
            "gross_margin": null,
            "gross_margin_4q_avg": 16.82,
            "net_income": null,
            "net_income_4q": null,
            "revenue": null,
            "revenue_4q": null,
            "common_shares": null,
            "book_valuer_per_share": null,
            "book_valuer_per_share_4q_avg": 8.23,
            "equity": null,
            "current_ratio": null,
            "debt_ratio": null,
            "inventory_turnover_ratio": null,
            "account_receivable_turnover_ratio": null,
            "reinvestment_rate": null,
            "research_to_sale_ratio": null,
            "price_fair": 368.74,
            "eps_avg_yearly": 11.56,
            "eps_latest_yearly": 11.56,
            "eps_growth_yearly": 21.9
        },
        "20043": {
            "year_quarter": 20043,
            "year": 2004,
            "quarter": 3,
            "eps": 1.54,
            "eps_growth_year": -43.8,
            "eps_4q": null,
            "eps_4q_growth_year": null,
            "roe": 6.56,
            "roe_4q": 21.56,
            "gross_profit": 99713,
            "gross_margin": 22.67,
            "gross_margin_4q_avg": 12.45,
            "net_income": 55461,
            "net_income_4q": null,
            "revenue": 439905,
            "revenue_4q": null,
            "common_shares": 360000,
            "book_valuer_per_share": 23.5,
            "book_valuer_per_share_4q_avg": 10.43,
            "equity": 845949,
            "current_ratio": 106.43,
            "debt_ratio": 54.96,
            "inventory_turnover_ratio": 1.61,
            "account_receivable_turnover_ratio": null,
            "reinvestment_rate": null,
            "research_to_sale_ratio": null,
            "price_fair": 368.74,
            "eps_avg_yearly": 11.56,
            "eps_latest_yearly": 11.56,
            "eps_growth_yearly": 21.9
        },
        "20044": {
            "year_quarter": 20044,
            "year": 2004,
            "quarter": 4,
            "eps": 0.07,
            "eps_growth_year": -97.58,
            "eps_4q": null,
            "eps_4q_growth_year": null,
            "roe": 0.46,
            "roe_4q": 7.02,
            "gross_profit": 67266,
            "gross_margin": 16.88,
            "gross_margin_4q_avg": 9.89,
            "net_income": 3963,
            "net_income_4q": null,
            "revenue": 398446,
            "revenue_4q": null,
            "common_shares": 565600,
            "book_valuer_per_share": 14.79,
            "book_valuer_per_share_4q_avg": 9.57,
            "equity": 883898,
            "current_ratio": 132.79,
            "debt_ratio": 55.44,
            "inventory_turnover_ratio": 1.62,
            "account_receivable_turnover_ratio": null,
            "reinvestment_rate": null,
            "research_to_sale_ratio": null,
            "price_fair": 17.76,
            "eps_avg_yearly": 5.92,
            "eps_latest_yearly": 0.28,
            "eps_growth_yearly": -179.96
        },
        "20051": {
            "year_quarter": 20051,
            "year": 2005,
            "quarter": 1,
            "eps": null,
            "eps_growth_year": null,
            "eps_4q": null,
            "eps_4q_growth_year": null,
            "roe": null,
            "roe_4q": 7.02,
            "gross_profit": null,
            "gross_margin": null,
            "gross_margin_4q_avg": 9.89,
            "net_income": null,
            "net_income_4q": null,
            "revenue": null,
            "revenue_4q": null,
            "common_shares": null,
            "book_valuer_per_share": null,
            "book_valuer_per_share_4q_avg": 9.57,
            "equity": null,
            "current_ratio": null,
            "debt_ratio": null,
            "inventory_turnover_ratio": null,
            "account_receivable_turnover_ratio": null,
            "reinvestment_rate": null,
            "research_to_sale_ratio": null,
            "price_fair": 17.76,
            "eps_avg_yearly": 5.92,
            "eps_latest_yearly": 0.28,
            "eps_growth_yearly": -179.96
        },
        "20052": {
            "year_quarter": 20052,
            "year": 2005,
            "quarter": 2,
            "eps": null,
            "eps_growth_year": null,
            "eps_4q": null,
            "eps_4q_growth_year": null,
            "roe": null,
            "roe_4q": 7.02,
            "gross_profit": null,
            "gross_margin": null,
            "gross_margin_4q_avg": 9.89,
            "net_income": null,
            "net_income_4q": null,
            "revenue": null,
            "revenue_4q": null,
            "common_shares": null,
            "book_valuer_per_share": null,
            "book_valuer_per_share_4q_avg": 9.57,
            "equity": null,
            "current_ratio": null,
            "debt_ratio": null,
            "inventory_turnover_ratio": null,
            "account_receivable_turnover_ratio": null,
            "reinvestment_rate": null,
            "research_to_sale_ratio": null,
            "price_fair": 17.76,
            "eps_avg_yearly": 5.92,
            "eps_latest_yearly": 0.28,
            "eps_growth_yearly": -179.96
        },
        "20053": {
            "year_quarter": 20053,
            "year": 2005,
            "quarter": 3,
            "eps": null,
            "eps_growth_year": null,
            "eps_4q": null,
            "eps_4q_growth_year": null,
            "roe": null,
            "roe_4q": 0.46,
            "gross_profit": null,
            "gross_margin": null,
            "gross_margin_4q_avg": 4.22,
            "net_income": null,
            "net_income_4q": null,
            "revenue": null,
            "revenue_4q": null,
            "common_shares": null,
            "book_valuer_per_share": null,
            "book_valuer_per_share_4q_avg": 3.7,
            "equity": null,
            "current_ratio": null,
            "debt_ratio": null,
            "inventory_turnover_ratio": null,
            "account_receivable_turnover_ratio": null,
            "reinvestment_rate": null,
            "research_to_sale_ratio": null,
            "price_fair": 17.76,
            "eps_avg_yearly": 5.92,
            "eps_latest_yearly": 0.28,
            "eps_growth_yearly": -179.96
        },
        "20054": {
            "year_quarter": 20054,
            "year": 2005,
            "quarter": 4,
            "eps": null,
            "eps_growth_year": null,
            "eps_4q": null,
            "eps_4q_growth_year": null,
            "roe": null,
            "roe_4q": 0,
            "gross_profit": null,
            "gross_margin": null,
            "gross_margin_4q_avg": 0,
            "net_income": null,
            "net_income_4q": null,
            "revenue": null,
            "revenue_4q": null,
            "common_shares": 782000,
            "book_valuer_per_share": 11.26,
            "book_valuer_per_share_4q_avg": 2.82,
            "equity": 933995,
            "current_ratio": 128.85,
            "debt_ratio": 68.56,
            "inventory_turnover_ratio": null,
            "account_receivable_turnover_ratio": null,
            "reinvestment_rate": null,
            "research_to_sale_ratio": null,
            "price_fair": 17.76,
            "eps_avg_yearly": 5.92,
            "eps_latest_yearly": 0.28,
            "eps_growth_yearly": -179.96
        },
        "20061": {
            "year_quarter": 20061,
            "year": 2006,
            "quarter": 1,
            "eps": null,
            "eps_growth_year": null,
            "eps_4q": null,
            "eps_4q_growth_year": null,
            "roe": null,
            "roe_4q": 0,
            "gross_profit": null,
            "gross_margin": null,
            "gross_margin_4q_avg": 0,
            "net_income": null,
            "net_income_4q": null,
            "revenue": null,
            "revenue_4q": null,
            "common_shares": null,
            "book_valuer_per_share": null,
            "book_valuer_per_share_4q_avg": 2.82,
            "equity": null,
            "current_ratio": null,
            "debt_ratio": null,
            "inventory_turnover_ratio": null,
            "account_receivable_turnover_ratio": null,
            "reinvestment_rate": null,
            "research_to_sale_ratio": null,
            "price_fair": 17.76,
            "eps_avg_yearly": 5.92,
            "eps_latest_yearly": 0.28,
            "eps_growth_yearly": -179.96
        },
        "20062": {
            "year_quarter": 20062,
            "year": 2006,
            "quarter": 2,
            "eps": null,
            "eps_growth_year": null,
            "eps_4q": null,
            "eps_4q_growth_year": null,
            "roe": null,
            "roe_4q": 0,
            "gross_profit": null,
            "gross_margin": null,
            "gross_margin_4q_avg": 0,
            "net_income": null,
            "net_income_4q": null,
            "revenue": null,
            "revenue_4q": null,
            "common_shares": null,
            "book_valuer_per_share": null,
            "book_valuer_per_share_4q_avg": 2.82,
            "equity": null,
            "current_ratio": null,
            "debt_ratio": null,
            "inventory_turnover_ratio": null,
            "account_receivable_turnover_ratio": null,
            "reinvestment_rate": null,
            "research_to_sale_ratio": null,
            "price_fair": 17.76,
            "eps_avg_yearly": 5.92,
            "eps_latest_yearly": 0.28,
            "eps_growth_yearly": -179.96
        },
        "20063": {
            "year_quarter": 20063,
            "year": 2006,
            "quarter": 3,
            "eps": null,
            "eps_growth_year": null,
            "eps_4q": null,
            "eps_4q_growth_year": null,
            "roe": null,
            "roe_4q": 0,
            "gross_profit": null,
            "gross_margin": null,
            "gross_margin_4q_avg": 0,
            "net_income": null,
            "net_income_4q": null,
            "revenue": null,
            "revenue_4q": null,
            "common_shares": null,
            "book_valuer_per_share": null,
            "book_valuer_per_share_4q_avg": 2.82,
            "equity": null,
            "current_ratio": null,
            "debt_ratio": null,
            "inventory_turnover_ratio": null,
            "account_receivable_turnover_ratio": null,
            "reinvestment_rate": null,
            "research_to_sale_ratio": null,
            "price_fair": 17.76,
            "eps_avg_yearly": 5.92,
            "eps_latest_yearly": 0.28,
            "eps_growth_yearly": -179.96
        },
        "20064": {
            "year_quarter": 20064,
            "year": 2006,
            "quarter": 4,
            "eps": null,
            "eps_growth_year": null,
            "eps_4q": null,
            "eps_4q_growth_year": null,
            "roe": null,
            "roe_4q": 0,
            "gross_profit": null,
            "gross_margin": null,
            "gross_margin_4q_avg": 0,
            "net_income": null,
            "net_income_4q": null,
            "revenue": null,
            "revenue_4q": null,
            "common_shares": 900000,
            "book_valuer_per_share": 13.33,
            "book_valuer_per_share_4q_avg": 3.33,
            "equity": 1231868,
            "current_ratio": 162.69,
            "debt_ratio": 62.02,
            "inventory_turnover_ratio": null,
            "account_receivable_turnover_ratio": null,
            "reinvestment_rate": null,
            "research_to_sale_ratio": null,
            "price_fair": 17.76,
            "eps_avg_yearly": 5.92,
            "eps_latest_yearly": 0.28,
            "eps_growth_yearly": -179.96
        },
        "20071": {
            "year_quarter": 20071,
            "year": 2007,
            "quarter": 1,
            "eps": null,
            "eps_growth_year": null,
            "eps_4q": null,
            "eps_4q_growth_year": null,
            "roe": null,
            "roe_4q": 0,
            "gross_profit": null,
            "gross_margin": null,
            "gross_margin_4q_avg": 0,
            "net_income": null,
            "net_income_4q": null,
            "revenue": null,
            "revenue_4q": null,
            "common_shares": null,
            "book_valuer_per_share": null,
            "book_valuer_per_share_4q_avg": 3.33,
            "equity": null,
            "current_ratio": null,
            "debt_ratio": null,
            "inventory_turnover_ratio": null,
            "account_receivable_turnover_ratio": null,
            "reinvestment_rate": null,
            "research_to_sale_ratio": null,
            "price_fair": 17.76,
            "eps_avg_yearly": 5.92,
            "eps_latest_yearly": 0.28,
            "eps_growth_yearly": -179.96
        },
        "20072": {
            "year_quarter": 20072,
            "year": 2007,
            "quarter": 2,
            "eps": null,
            "eps_growth_year": null,
            "eps_4q": null,
            "eps_4q_growth_year": null,
            "roe": null,
            "roe_4q": 0,
            "gross_profit": null,
            "gross_margin": null,
            "gross_margin_4q_avg": 0,
            "net_income": null,
            "net_income_4q": null,
            "revenue": null,
            "revenue_4q": null,
            "common_shares": null,
            "book_valuer_per_share": null,
            "book_valuer_per_share_4q_avg": 3.33,
            "equity": null,
            "current_ratio": null,
            "debt_ratio": null,
            "inventory_turnover_ratio": null,
            "account_receivable_turnover_ratio": null,
            "reinvestment_rate": null,
            "research_to_sale_ratio": null,
            "price_fair": 17.76,
            "eps_avg_yearly": 5.92,
            "eps_latest_yearly": 0.28,
            "eps_growth_yearly": -179.96
        },
        "20073": {
            "year_quarter": 20073,
            "year": 2007,
            "quarter": 3,
            "eps": null,
            "eps_growth_year": null,
            "eps_4q": null,
            "eps_4q_growth_year": null,
            "roe": null,
            "roe_4q": 0,
            "gross_profit": null,
            "gross_margin": null,
            "gross_margin_4q_avg": 0,
            "net_income": null,
            "net_income_4q": null,
            "revenue": null,
            "revenue_4q": null,
            "common_shares": null,
            "book_valuer_per_share": null,
            "book_valuer_per_share_4q_avg": 3.33,
            "equity": null,
            "current_ratio": null,
            "debt_ratio": null,
            "inventory_turnover_ratio": null,
            "account_receivable_turnover_ratio": null,
            "reinvestment_rate": null,
            "research_to_sale_ratio": null,
            "price_fair": 17.76,
            "eps_avg_yearly": 5.92,
            "eps_latest_yearly": 0.28,
            "eps_growth_yearly": -179.96
        },
        "20074": {
            "year_quarter": 20074,
            "year": 2007,
            "quarter": 4,
            "eps": null,
            "eps_growth_year": null,
            "eps_4q": null,
            "eps_4q_growth_year": null,
            "roe": null,
            "roe_4q": 0,
            "gross_profit": null,
            "gross_margin": null,
            "gross_margin_4q_avg": 0,
            "net_income": null,
            "net_income_4q": null,
            "revenue": null,
            "revenue_4q": null,
            "common_shares": 1075290,
            "book_valuer_per_share": 11.13,
            "book_valuer_per_share_4q_avg": 2.78,
            "equity": 1211956,
            "current_ratio": 144.5,
            "debt_ratio": 57.01,
            "inventory_turnover_ratio": null,
            "account_receivable_turnover_ratio": null,
            "reinvestment_rate": null,
            "research_to_sale_ratio": null,
            "price_fair": 0.84,
            "eps_avg_yearly": 0.28,
            "eps_latest_yearly": 0.28,
            "eps_growth_yearly": -381.82
        },
        "20081": {
            "year_quarter": 20081,
            "year": 2008,
            "quarter": 1,
            "eps": null,
            "eps_growth_year": null,
            "eps_4q": null,
            "eps_4q_growth_year": null,
            "roe": null,
            "roe_4q": 0,
            "gross_profit": null,
            "gross_margin": null,
            "gross_margin_4q_avg": 0,
            "net_income": null,
            "net_income_4q": null,
            "revenue": null,
            "revenue_4q": null,
            "common_shares": null,
            "book_valuer_per_share": null,
            "book_valuer_per_share_4q_avg": 2.78,
            "equity": null,
            "current_ratio": null,
            "debt_ratio": null,
            "inventory_turnover_ratio": null,
            "account_receivable_turnover_ratio": null,
            "reinvestment_rate": null,
            "research_to_sale_ratio": null,
            "price_fair": 0.84,
            "eps_avg_yearly": 0.28,
            "eps_latest_yearly": 0.28,
            "eps_growth_yearly": -381.82
        },
        "20082": {
            "year_quarter": 20082,
            "year": 2008,
            "quarter": 2,
            "eps": null,
            "eps_growth_year": null,
            "eps_4q": null,
            "eps_4q_growth_year": null,
            "roe": null,
            "roe_4q": 0,
            "gross_profit": null,
            "gross_margin": null,
            "gross_margin_4q_avg": 0,
            "net_income": null,
            "net_income_4q": null,
            "revenue": null,
            "revenue_4q": null,
            "common_shares": null,
            "book_valuer_per_share": null,
            "book_valuer_per_share_4q_avg": 2.78,
            "equity": null,
            "current_ratio": null,
            "debt_ratio": null,
            "inventory_turnover_ratio": null,
            "account_receivable_turnover_ratio": null,
            "reinvestment_rate": null,
            "research_to_sale_ratio": null,
            "price_fair": 0.84,
            "eps_avg_yearly": 0.28,
            "eps_latest_yearly": 0.28,
            "eps_growth_yearly": -381.82
        },
        "20083": {
            "year_quarter": 20083,
            "year": 2008,
            "quarter": 3,
            "eps": null,
            "eps_growth_year": null,
            "eps_4q": null,
            "eps_4q_growth_year": null,
            "roe": null,
            "roe_4q": 0,
            "gross_profit": null,
            "gross_margin": null,
            "gross_margin_4q_avg": 0,
            "net_income": null,
            "net_income_4q": null,
            "revenue": null,
            "revenue_4q": null,
            "common_shares": null,
            "book_valuer_per_share": null,
            "book_valuer_per_share_4q_avg": 2.78,
            "equity": null,
            "current_ratio": null,
            "debt_ratio": null,
            "inventory_turnover_ratio": null,
            "account_receivable_turnover_ratio": null,
            "reinvestment_rate": null,
            "research_to_sale_ratio": null,
            "price_fair": 0.84,
            "eps_avg_yearly": 0.28,
            "eps_latest_yearly": 0.28,
            "eps_growth_yearly": -381.82
        },
        "20084": {
            "year_quarter": 20084,
            "year": 2008,
            "quarter": 4,
            "eps": null,
            "eps_growth_year": null,
            "eps_4q": null,
            "eps_4q_growth_year": null,
            "roe": null,
            "roe_4q": 0,
            "gross_profit": null,
            "gross_margin": null,
            "gross_margin_4q_avg": 0,
            "net_income": null,
            "net_income_4q": null,
            "revenue": null,
            "revenue_4q": null,
            "common_shares": 1075290,
            "book_valuer_per_share": 8.54,
            "book_valuer_per_share_4q_avg": 2.14,
            "equity": 952248,
            "current_ratio": 141.82,
            "debt_ratio": 67.88,
            "inventory_turnover_ratio": null,
            "account_receivable_turnover_ratio": null,
            "reinvestment_rate": null,
            "research_to_sale_ratio": null,
            "price_fair": 0,
            "eps_avg_yearly": 0,
            "eps_latest_yearly": 0,
            "eps_growth_yearly": 0
        },
        "20091": {
            "year_quarter": 20091,
            "year": 2009,
            "quarter": 1,
            "eps": null,
            "eps_growth_year": null,
            "eps_4q": null,
            "eps_4q_growth_year": null,
            "roe": null,
            "roe_4q": 0,
            "gross_profit": null,
            "gross_margin": null,
            "gross_margin_4q_avg": 0,
            "net_income": null,
            "net_income_4q": null,
            "revenue": null,
            "revenue_4q": null,
            "common_shares": null,
            "book_valuer_per_share": null,
            "book_valuer_per_share_4q_avg": 2.14,
            "equity": null,
            "current_ratio": null,
            "debt_ratio": null,
            "inventory_turnover_ratio": null,
            "account_receivable_turnover_ratio": null,
            "reinvestment_rate": null,
            "research_to_sale_ratio": null,
            "price_fair": 0,
            "eps_avg_yearly": 0,
            "eps_latest_yearly": 0,
            "eps_growth_yearly": 0
        },
        "20092": {
            "year_quarter": 20092,
            "year": 2009,
            "quarter": 2,
            "eps": null,
            "eps_growth_year": null,
            "eps_4q": null,
            "eps_4q_growth_year": null,
            "roe": null,
            "roe_4q": 0,
            "gross_profit": null,
            "gross_margin": null,
            "gross_margin_4q_avg": 0,
            "net_income": null,
            "net_income_4q": null,
            "revenue": null,
            "revenue_4q": null,
            "common_shares": null,
            "book_valuer_per_share": null,
            "book_valuer_per_share_4q_avg": 2.14,
            "equity": null,
            "current_ratio": null,
            "debt_ratio": null,
            "inventory_turnover_ratio": null,
            "account_receivable_turnover_ratio": null,
            "reinvestment_rate": null,
            "research_to_sale_ratio": null,
            "price_fair": 0,
            "eps_avg_yearly": 0,
            "eps_latest_yearly": 0,
            "eps_growth_yearly": 0
        },
        "20093": {
            "year_quarter": 20093,
            "year": 2009,
            "quarter": 3,
            "eps": null,
            "eps_growth_year": null,
            "eps_4q": null,
            "eps_4q_growth_year": null,
            "roe": null,
            "roe_4q": 0,
            "gross_profit": null,
            "gross_margin": null,
            "gross_margin_4q_avg": 0,
            "net_income": null,
            "net_income_4q": null,
            "revenue": null,
            "revenue_4q": null,
            "common_shares": null,
            "book_valuer_per_share": null,
            "book_valuer_per_share_4q_avg": 2.14,
            "equity": null,
            "current_ratio": null,
            "debt_ratio": null,
            "inventory_turnover_ratio": null,
            "account_receivable_turnover_ratio": null,
            "reinvestment_rate": null,
            "research_to_sale_ratio": null,
            "price_fair": 0,
            "eps_avg_yearly": 0,
            "eps_latest_yearly": 0,
            "eps_growth_yearly": 0
        },
        "20094": {
            "year_quarter": 20094,
            "year": 2009,
            "quarter": 4,
            "eps": null,
            "eps_growth_year": null,
            "eps_4q": null,
            "eps_4q_growth_year": null,
            "roe": null,
            "roe_4q": 0,
            "gross_profit": null,
            "gross_margin": null,
            "gross_margin_4q_avg": 0,
            "net_income": null,
            "net_income_4q": null,
            "revenue": null,
            "revenue_4q": null,
            "common_shares": 1188000,
            "book_valuer_per_share": 0.98,
            "book_valuer_per_share_4q_avg": 0.25,
            "equity": 116816,
            "current_ratio": 65.08,
            "debt_ratio": 94.9,
            "inventory_turnover_ratio": null,
            "account_receivable_turnover_ratio": null,
            "reinvestment_rate": null,
            "research_to_sale_ratio": null,
            "price_fair": 0,
            "eps_avg_yearly": 0,
            "eps_latest_yearly": 0,
            "eps_growth_yearly": 0
        },
        "20101": {
            "year_quarter": 20101,
            "year": 2010,
            "quarter": 1,
            "eps": null,
            "eps_growth_year": null,
            "eps_4q": null,
            "eps_4q_growth_year": null,
            "roe": null,
            "roe_4q": 0,
            "gross_profit": null,
            "gross_margin": null,
            "gross_margin_4q_avg": 0,
            "net_income": null,
            "net_income_4q": null,
            "revenue": null,
            "revenue_4q": null,
            "common_shares": null,
            "book_valuer_per_share": null,
            "book_valuer_per_share_4q_avg": 0.25,
            "equity": null,
            "current_ratio": null,
            "debt_ratio": null,
            "inventory_turnover_ratio": null,
            "account_receivable_turnover_ratio": null,
            "reinvestment_rate": null,
            "research_to_sale_ratio": null,
            "price_fair": 0,
            "eps_avg_yearly": 0,
            "eps_latest_yearly": 0,
            "eps_growth_yearly": 0
        },
        "20102": {
            "year_quarter": 20102,
            "year": 2010,
            "quarter": 2,
            "eps": null,
            "eps_growth_year": null,
            "eps_4q": null,
            "eps_4q_growth_year": null,
            "roe": null,
            "roe_4q": 0,
            "gross_profit": null,
            "gross_margin": null,
            "gross_margin_4q_avg": 0,
            "net_income": null,
            "net_income_4q": null,
            "revenue": null,
            "revenue_4q": null,
            "common_shares": null,
            "book_valuer_per_share": null,
            "book_valuer_per_share_4q_avg": 0.25,
            "equity": null,
            "current_ratio": null,
            "debt_ratio": null,
            "inventory_turnover_ratio": null,
            "account_receivable_turnover_ratio": null,
            "reinvestment_rate": null,
            "research_to_sale_ratio": null,
            "price_fair": 0,
            "eps_avg_yearly": 0,
            "eps_latest_yearly": 0,
            "eps_growth_yearly": 0
        },
        "20103": {
            "year_quarter": 20103,
            "year": 2010,
            "quarter": 3,
            "eps": null,
            "eps_growth_year": null,
            "eps_4q": null,
            "eps_4q_growth_year": null,
            "roe": null,
            "roe_4q": 0,
            "gross_profit": null,
            "gross_margin": null,
            "gross_margin_4q_avg": 0,
            "net_income": null,
            "net_income_4q": null,
            "revenue": null,
            "revenue_4q": null,
            "common_shares": null,
            "book_valuer_per_share": null,
            "book_valuer_per_share_4q_avg": 0.25,
            "equity": null,
            "current_ratio": null,
            "debt_ratio": null,
            "inventory_turnover_ratio": null,
            "account_receivable_turnover_ratio": null,
            "reinvestment_rate": null,
            "research_to_sale_ratio": null,
            "price_fair": 0,
            "eps_avg_yearly": 0,
            "eps_latest_yearly": 0,
            "eps_growth_yearly": 0
        },
        "20104": {
            "year_quarter": 20104,
            "year": 2010,
            "quarter": 4,
            "eps": null,
            "eps_growth_year": null,
            "eps_4q": null,
            "eps_4q_growth_year": null,
            "roe": null,
            "roe_4q": 0,
            "gross_profit": null,
            "gross_margin": null,
            "gross_margin_4q_avg": 0,
            "net_income": null,
            "net_income_4q": null,
            "revenue": null,
            "revenue_4q": null,
            "common_shares": 3973000,
            "book_valuer_per_share": 0.7,
            "book_valuer_per_share_4q_avg": 0.18,
            "equity": 277449,
            "current_ratio": 129.43,
            "debt_ratio": 87.52,
            "inventory_turnover_ratio": null,
            "account_receivable_turnover_ratio": null,
            "reinvestment_rate": null,
            "research_to_sale_ratio": null,
            "price_fair": 0,
            "eps_avg_yearly": 0,
            "eps_latest_yearly": 0,
            "eps_growth_yearly": 0
        },
        "20111": {
            "year_quarter": 20111,
            "year": 2011,
            "quarter": 1,
            "eps": null,
            "eps_growth_year": null,
            "eps_4q": null,
            "eps_4q_growth_year": null,
            "roe": null,
            "roe_4q": 0,
            "gross_profit": null,
            "gross_margin": null,
            "gross_margin_4q_avg": 0,
            "net_income": null,
            "net_income_4q": null,
            "revenue": null,
            "revenue_4q": null,
            "common_shares": null,
            "book_valuer_per_share": null,
            "book_valuer_per_share_4q_avg": 0.18,
            "equity": null,
            "current_ratio": null,
            "debt_ratio": null,
            "inventory_turnover_ratio": null,
            "account_receivable_turnover_ratio": null,
            "reinvestment_rate": null,
            "research_to_sale_ratio": null,
            "price_fair": 0,
            "eps_avg_yearly": 0,
            "eps_latest_yearly": 0,
            "eps_growth_yearly": 0
        },
        "20112": {
            "year_quarter": 20112,
            "year": 2011,
            "quarter": 2,
            "eps": null,
            "eps_growth_year": null,
            "eps_4q": null,
            "eps_4q_growth_year": null,
            "roe": null,
            "roe_4q": 0,
            "gross_profit": null,
            "gross_margin": null,
            "gross_margin_4q_avg": 0,
            "net_income": null,
            "net_income_4q": null,
            "revenue": null,
            "revenue_4q": null,
            "common_shares": null,
            "book_valuer_per_share": null,
            "book_valuer_per_share_4q_avg": 0.18,
            "equity": null,
            "current_ratio": null,
            "debt_ratio": null,
            "inventory_turnover_ratio": null,
            "account_receivable_turnover_ratio": null,
            "reinvestment_rate": null,
            "research_to_sale_ratio": null,
            "price_fair": 0,
            "eps_avg_yearly": 0,
            "eps_latest_yearly": 0,
            "eps_growth_yearly": 0
        },
        "20113": {
            "year_quarter": 20113,
            "year": 2011,
            "quarter": 3,
            "eps": null,
            "eps_growth_year": null,
            "eps_4q": null,
            "eps_4q_growth_year": null,
            "roe": null,
            "roe_4q": 0,
            "gross_profit": null,
            "gross_margin": null,
            "gross_margin_4q_avg": 0,
            "net_income": null,
            "net_income_4q": null,
            "revenue": null,
            "revenue_4q": null,
            "common_shares": null,
            "book_valuer_per_share": null,
            "book_valuer_per_share_4q_avg": 0.18,
            "equity": null,
            "current_ratio": null,
            "debt_ratio": null,
            "inventory_turnover_ratio": null,
            "account_receivable_turnover_ratio": null,
            "reinvestment_rate": null,
            "research_to_sale_ratio": null,
            "price_fair": 0,
            "eps_avg_yearly": 0,
            "eps_latest_yearly": 0,
            "eps_growth_yearly": 0
        },
        "20114": {
            "year_quarter": 20114,
            "year": 2011,
            "quarter": 4,
            "eps": null,
            "eps_growth_year": null,
            "eps_4q": null,
            "eps_4q_growth_year": null,
            "roe": null,
            "roe_4q": 0,
            "gross_profit": null,
            "gross_margin": null,
            "gross_margin_4q_avg": 0,
            "net_income": null,
            "net_income_4q": null,
            "revenue": null,
            "revenue_4q": null,
            "common_shares": 617840,
            "book_valuer_per_share": 5.88,
            "book_valuer_per_share_4q_avg": 1.47,
            "equity": 363076,
            "current_ratio": 130.73,
            "debt_ratio": 83.45,
            "inventory_turnover_ratio": null,
            "account_receivable_turnover_ratio": null,
            "reinvestment_rate": null,
            "research_to_sale_ratio": null,
            "price_fair": 0,
            "eps_avg_yearly": 0,
            "eps_latest_yearly": 0,
            "eps_growth_yearly": 0
        },
        "20121": {
            "year_quarter": 20121,
            "year": 2012,
            "quarter": 1,
            "eps": null,
            "eps_growth_year": null,
            "eps_4q": null,
            "eps_4q_growth_year": null,
            "roe": null,
            "roe_4q": 0,
            "gross_profit": null,
            "gross_margin": null,
            "gross_margin_4q_avg": 0,
            "net_income": null,
            "net_income_4q": null,
            "revenue": null,
            "revenue_4q": null,
            "common_shares": null,
            "book_valuer_per_share": null,
            "book_valuer_per_share_4q_avg": 1.47,
            "equity": null,
            "current_ratio": null,
            "debt_ratio": null,
            "inventory_turnover_ratio": null,
            "account_receivable_turnover_ratio": null,
            "reinvestment_rate": null,
            "research_to_sale_ratio": null,
            "price_fair": 0,
            "eps_avg_yearly": 0,
            "eps_latest_yearly": 0,
            "eps_growth_yearly": 0
        },
        "20122": {
            "year_quarter": 20122,
            "year": 2012,
            "quarter": 2,
            "eps": null,
            "eps_growth_year": null,
            "eps_4q": null,
            "eps_4q_growth_year": null,
            "roe": null,
            "roe_4q": 0,
            "gross_profit": null,
            "gross_margin": null,
            "gross_margin_4q_avg": 0,
            "net_income": null,
            "net_income_4q": null,
            "revenue": null,
            "revenue_4q": null,
            "common_shares": null,
            "book_valuer_per_share": null,
            "book_valuer_per_share_4q_avg": 1.47,
            "equity": null,
            "current_ratio": null,
            "debt_ratio": null,
            "inventory_turnover_ratio": null,
            "account_receivable_turnover_ratio": null,
            "reinvestment_rate": null,
            "research_to_sale_ratio": null,
            "price_fair": 0,
            "eps_avg_yearly": 0,
            "eps_latest_yearly": 0,
            "eps_growth_yearly": 0
        },
        "20123": {
            "year_quarter": 20123,
            "year": 2012,
            "quarter": 3,
            "eps": null,
            "eps_growth_year": null,
            "eps_4q": null,
            "eps_4q_growth_year": null,
            "roe": null,
            "roe_4q": 0,
            "gross_profit": null,
            "gross_margin": null,
            "gross_margin_4q_avg": 0,
            "net_income": null,
            "net_income_4q": null,
            "revenue": null,
            "revenue_4q": null,
            "common_shares": null,
            "book_valuer_per_share": null,
            "book_valuer_per_share_4q_avg": 1.47,
            "equity": null,
            "current_ratio": null,
            "debt_ratio": null,
            "inventory_turnover_ratio": null,
            "account_receivable_turnover_ratio": null,
            "reinvestment_rate": null,
            "research_to_sale_ratio": null,
            "price_fair": 0,
            "eps_avg_yearly": 0,
            "eps_latest_yearly": 0,
            "eps_growth_yearly": 0
        },
        "20124": {
            "year_quarter": 20124,
            "year": 2012,
            "quarter": 4,
            "eps": null,
            "eps_growth_year": null,
            "eps_4q": null,
            "eps_4q_growth_year": null,
            "roe": null,
            "roe_4q": 0,
            "gross_profit": null,
            "gross_margin": null,
            "gross_margin_4q_avg": 0,
            "net_income": null,
            "net_income_4q": null,
            "revenue": null,
            "revenue_4q": null,
            "common_shares": 617840,
            "book_valuer_per_share": 7.13,
            "book_valuer_per_share_4q_avg": 1.78,
            "equity": 454802,
            "current_ratio": 129.75,
            "debt_ratio": 80.89,
            "inventory_turnover_ratio": null,
            "account_receivable_turnover_ratio": null,
            "reinvestment_rate": null,
            "research_to_sale_ratio": null,
            "price_fair": 0,
            "eps_avg_yearly": 0,
            "eps_latest_yearly": 0,
            "eps_growth_yearly": 0
        },
        "20131": {
            "year_quarter": 20131,
            "year": 2013,
            "quarter": 1,
            "eps": null,
            "eps_growth_year": null,
            "eps_4q": null,
            "eps_4q_growth_year": null,
            "roe": null,
            "roe_4q": 0,
            "gross_profit": null,
            "gross_margin": null,
            "gross_margin_4q_avg": 0,
            "net_income": null,
            "net_income_4q": null,
            "revenue": null,
            "revenue_4q": null,
            "common_shares": null,
            "book_valuer_per_share": null,
            "book_valuer_per_share_4q_avg": 1.78,
            "equity": null,
            "current_ratio": null,
            "debt_ratio": null,
            "inventory_turnover_ratio": null,
            "account_receivable_turnover_ratio": null,
            "reinvestment_rate": null,
            "research_to_sale_ratio": null,
            "price_fair": 0,
            "eps_avg_yearly": 0,
            "eps_latest_yearly": 0,
            "eps_growth_yearly": 0
        },
        "20132": {
            "year_quarter": 20132,
            "year": 2013,
            "quarter": 2,
            "eps": null,
            "eps_growth_year": null,
            "eps_4q": null,
            "eps_4q_growth_year": null,
            "roe": null,
            "roe_4q": 0,
            "gross_profit": null,
            "gross_margin": null,
            "gross_margin_4q_avg": 0,
            "net_income": null,
            "net_income_4q": null,
            "revenue": null,
            "revenue_4q": null,
            "common_shares": 750000,
            "book_valuer_per_share": null,
            "book_valuer_per_share_4q_avg": 1.78,
            "equity": 689206,
            "current_ratio": null,
            "debt_ratio": null,
            "inventory_turnover_ratio": null,
            "account_receivable_turnover_ratio": null,
            "reinvestment_rate": null,
            "research_to_sale_ratio": null,
            "price_fair": 0,
            "eps_avg_yearly": 0,
            "eps_latest_yearly": 0,
            "eps_growth_yearly": 0
        },
        "20133": {
            "year_quarter": 20133,
            "year": 2013,
            "quarter": 3,
            "eps": null,
            "eps_growth_year": null,
            "eps_4q": null,
            "eps_4q_growth_year": null,
            "roe": null,
            "roe_4q": 0,
            "gross_profit": null,
            "gross_margin": null,
            "gross_margin_4q_avg": 0,
            "net_income": null,
            "net_income_4q": null,
            "revenue": null,
            "revenue_4q": null,
            "common_shares": null,
            "book_valuer_per_share": null,
            "book_valuer_per_share_4q_avg": 1.78,
            "equity": null,
            "current_ratio": null,
            "debt_ratio": null,
            "inventory_turnover_ratio": null,
            "account_receivable_turnover_ratio": null,
            "reinvestment_rate": null,
            "research_to_sale_ratio": null,
            "price_fair": 0,
            "eps_avg_yearly": 0,
            "eps_latest_yearly": 0,
            "eps_growth_yearly": 0
        },
        "20134": {
            "year_quarter": 20134,
            "year": 2013,
            "quarter": 4,
            "eps": null,
            "eps_growth_year": null,
            "eps_4q": null,
            "eps_4q_growth_year": null,
            "roe": null,
            "roe_4q": 0,
            "gross_profit": null,
            "gross_margin": null,
            "gross_margin_4q_avg": 0,
            "net_income": null,
            "net_income_4q": null,
            "revenue": null,
            "revenue_4q": null,
            "common_shares": 750000,
            "book_valuer_per_share": null,
            "book_valuer_per_share_4q_avg": 0,
            "equity": 875328,
            "current_ratio": null,
            "debt_ratio": null,
            "inventory_turnover_ratio": null,
            "account_receivable_turnover_ratio": null,
            "reinvestment_rate": null,
            "research_to_sale_ratio": null,
            "price_fair": 0,
            "eps_avg_yearly": 0,
            "eps_latest_yearly": 0,
            "eps_growth_yearly": 0
        },
        "20141": {
            "year_quarter": 20141,
            "year": 2014,
            "quarter": 1,
            "eps": null,
            "eps_growth_year": null,
            "eps_4q": null,
            "eps_4q_growth_year": null,
            "roe": null,
            "roe_4q": 0,
            "gross_profit": 151021,
            "gross_margin": null,
            "gross_margin_4q_avg": 0,
            "net_income": 71198,
            "net_income_4q": null,
            "revenue": 683624,
            "revenue_4q": null,
            "common_shares": 750000,
            "book_valuer_per_share": null,
            "book_valuer_per_share_4q_avg": 0,
            "equity": 939991,
            "current_ratio": null,
            "debt_ratio": null,
            "inventory_turnover_ratio": null,
            "account_receivable_turnover_ratio": null,
            "reinvestment_rate": null,
            "research_to_sale_ratio": null,
            "price_fair": 0,
            "eps_avg_yearly": 0,
            "eps_latest_yearly": 0,
            "eps_growth_yearly": 0
        },
        "20142": {
            "year_quarter": 20142,
            "year": 2014,
            "quarter": 2,
            "eps": null,
            "eps_growth_year": null,
            "eps_4q": null,
            "eps_4q_growth_year": null,
            "roe": null,
            "roe_4q": 0,
            "gross_profit": 210253,
            "gross_margin": null,
            "gross_margin_4q_avg": 0,
            "net_income": 83483,
            "net_income_4q": null,
            "revenue": 787572,
            "revenue_4q": null,
            "common_shares": 750000,
            "book_valuer_per_share": 13.03,
            "book_valuer_per_share_4q_avg": 3.26,
            "equity": 977159,
            "current_ratio": 156.82,
            "debt_ratio": 59.69,
            "inventory_turnover_ratio": null,
            "account_receivable_turnover_ratio": null,
            "reinvestment_rate": null,
            "research_to_sale_ratio": null,
            "price_fair": 0,
            "eps_avg_yearly": 0,
            "eps_latest_yearly": 0,
            "eps_growth_yearly": 0
        },
        "20143": {
            "year_quarter": 20143,
            "year": 2014,
            "quarter": 3,
            "eps": null,
            "eps_growth_year": null,
            "eps_4q": null,
            "eps_4q_growth_year": null,
            "roe": null,
            "roe_4q": 0,
            "gross_profit": 211231,
            "gross_margin": null,
            "gross_margin_4q_avg": 0,
            "net_income": 104997,
            "net_income_4q": null,
            "revenue": 886601,
            "revenue_4q": null,
            "common_shares": 750000,
            "book_valuer_per_share": 15.49,
            "book_valuer_per_share_4q_avg": 7.13,
            "equity": 1161905,
            "current_ratio": 183.84,
            "debt_ratio": 59.78,
            "inventory_turnover_ratio": null,
            "account_receivable_turnover_ratio": null,
            "reinvestment_rate": null,
            "research_to_sale_ratio": null,
            "price_fair": 0,
            "eps_avg_yearly": 0,
            "eps_latest_yearly": 0,
            "eps_growth_yearly": 0
        },
        "20144": {
            "year_quarter": 20144,
            "year": 2014,
            "quarter": 4,
            "eps": null,
            "eps_growth_year": null,
            "eps_4q": null,
            "eps_4q_growth_year": null,
            "roe": null,
            "roe_4q": 0,
            "gross_profit": 175730,
            "gross_margin": null,
            "gross_margin_4q_avg": 0,
            "net_income": 83071,
            "net_income_4q": null,
            "revenue": 837493,
            "revenue_4q": null,
            "common_shares": 800000,
            "book_valuer_per_share": 16.54,
            "book_valuer_per_share_4q_avg": 11.27,
            "equity": 1323453,
            "current_ratio": 176.82,
            "debt_ratio": 55.48,
            "inventory_turnover_ratio": null,
            "account_receivable_turnover_ratio": null,
            "reinvestment_rate": null,
            "research_to_sale_ratio": null,
            "price_fair": 0,
            "eps_avg_yearly": 0,
            "eps_latest_yearly": 0,
            "eps_growth_yearly": 0
        },
        "20151": {
            "year_quarter": 20151,
            "year": 2015,
            "quarter": 1,
            "eps": 1.02,
            "eps_growth_year": null,
            "eps_4q": 1.02,
            "eps_4q_growth_year": null,
            "roe": 5.97,
            "roe_4q": 5.97,
            "gross_profit": 206867,
            "gross_margin": 22.62,
            "gross_margin_4q_avg": 5.66,
            "net_income": 81229,
            "net_income_4q": null,
            "revenue": 914718,
            "revenue_4q": null,
            "common_shares": 800000,
            "book_valuer_per_share": 17.48,
            "book_valuer_per_share_4q_avg": 15.64,
            "equity": 1398477,
            "current_ratio": 162.84,
            "debt_ratio": 54.73,
            "inventory_turnover_ratio": 3.76,
            "account_receivable_turnover_ratio": 0.66,
            "reinvestment_rate": null,
            "research_to_sale_ratio": 1.12,
            "price_fair": 0,
            "eps_avg_yearly": 0,
            "eps_latest_yearly": 0,
            "eps_growth_yearly": 0
        },
        "20152": {
            "year_quarter": 20152,
            "year": 2015,
            "quarter": 2,
            "eps": 0.74,
            "eps_growth_year": null,
            "eps_4q": 1.76,
            "eps_4q_growth_year": null,
            "roe": 4.33,
            "roe_4q": 10.3,
            "gross_profit": 174470,
            "gross_margin": 19.29,
            "gross_margin_4q_avg": 10.48,
            "net_income": 59529,
            "net_income_4q": null,
            "revenue": 904475,
            "revenue_4q": null,
            "common_shares": 800000,
            "book_valuer_per_share": 16.91,
            "book_valuer_per_share_4q_avg": 16.61,
            "equity": 1352890,
            "current_ratio": 142.46,
            "debt_ratio": 54.72,
            "inventory_turnover_ratio": 3.86,
            "account_receivable_turnover_ratio": 0.64,
            "reinvestment_rate": null,
            "research_to_sale_ratio": 1.23,
            "price_fair": 8.88,
            "eps_avg_yearly": 2.96,
            "eps_latest_yearly": 2.96,
            "eps_growth_yearly": -109.8
        },
        "20153": {
            "year_quarter": 20153,
            "year": 2015,
            "quarter": 3,
            "eps": 0.42,
            "eps_growth_year": null,
            "eps_4q": 2.18,
            "eps_4q_growth_year": null,
            "roe": 2.45,
            "roe_4q": 12.75,
            "gross_profit": 103521,
            "gross_margin": 13.89,
            "gross_margin_4q_avg": 13.95,
            "net_income": 33943,
            "net_income_4q": null,
            "revenue": 745368,
            "revenue_4q": null,
            "common_shares": 800000,
            "book_valuer_per_share": 17.67,
            "book_valuer_per_share_4q_avg": 17.15,
            "equity": 1413425,
            "current_ratio": 117.95,
            "debt_ratio": 55.99,
            "inventory_turnover_ratio": 3.64,
            "account_receivable_turnover_ratio": 0.54,
            "reinvestment_rate": null,
            "research_to_sale_ratio": 1.34,
            "price_fair": 6.96,
            "eps_avg_yearly": 2.32,
            "eps_latest_yearly": 1.68,
            "eps_growth_yearly": -141.39
        },
        "20154": {
            "year_quarter": 20154,
            "year": 2015,
            "quarter": 4,
            "eps": 0.03,
            "eps_growth_year": null,
            "eps_4q": 2,
            "eps_4q_growth_year": null,
            "roe": 0.19,
            "roe_4q": 12.940000000000001,
            "gross_profit": 93463,
            "gross_margin": 14.53,
            "gross_margin_4q_avg": 17.58,
            "net_income": 2932,
            "net_income_4q": null,
            "revenue": 643129,
            "revenue_4q": null,
            "common_shares": 890000,
            "book_valuer_per_share": 18.98,
            "book_valuer_per_share_4q_avg": 17.76,
            "equity": 1689471,
            "current_ratio": 154.33,
            "debt_ratio": 46.9,
            "inventory_turnover_ratio": 3.12,
            "account_receivable_turnover_ratio": 0.53,
            "reinvestment_rate": null,
            "research_to_sale_ratio": 3.31,
            "price_fair": 4.76,
            "eps_avg_yearly": 1.59,
            "eps_latest_yearly": 0.12,
            "eps_growth_yearly": -218.07
        },
        "20161": {
            "year_quarter": 20161,
            "year": 2016,
            "quarter": 1,
            "eps": -0.54,
            "eps_growth_year": -152.94,
            "eps_4q": 0.54,
            "eps_4q_growth_year": -46.63,
            "roe": -2.91,
            "roe_4q": 4.0600000000000005,
            "gross_profit": 46031,
            "gross_margin": 7.73,
            "gross_margin_4q_avg": 13.86,
            "net_income": -48281,
            "net_income_4q": null,
            "revenue": 595139,
            "revenue_4q": null,
            "common_shares": 890000,
            "book_valuer_per_share": 18.29,
            "book_valuer_per_share_4q_avg": 17.96,
            "equity": 1623713,
            "current_ratio": 120.62,
            "debt_ratio": 47.74,
            "inventory_turnover_ratio": 3.01,
            "account_receivable_turnover_ratio": 0.56,
            "reinvestment_rate": null,
            "research_to_sale_ratio": 4.41,
            "price_fair": 4.76,
            "eps_avg_yearly": 1.59,
            "eps_latest_yearly": 0.12,
            "eps_growth_yearly": -218.07
        },
        "20162": {
            "year_quarter": 20162,
            "year": 2016,
            "quarter": 2,
            "eps": -0.9,
            "eps_growth_year": -221.62,
            "eps_4q": -1.03,
            "eps_4q_growth_year": -158.57,
            "roe": -5.32,
            "roe_4q": -5.590000000000001,
            "gross_profit": 34667,
            "gross_margin": 5.92,
            "gross_margin_4q_avg": 10.52,
            "net_income": -78915,
            "net_income_4q": null,
            "revenue": 585946,
            "revenue_4q": null,
            "common_shares": 890000,
            "book_valuer_per_share": 15.35,
            "book_valuer_per_share_4q_avg": 17.57,
            "equity": 1345056,
            "current_ratio": 129.83,
            "debt_ratio": 56.94,
            "inventory_turnover_ratio": 3.02,
            "account_receivable_turnover_ratio": 0.6,
            "reinvestment_rate": null,
            "research_to_sale_ratio": 5.24,
            "price_fair": 4.76,
            "eps_avg_yearly": 1.59,
            "eps_latest_yearly": 0.12,
            "eps_growth_yearly": -218.07
        },
        "20163": {
            "year_quarter": 20163,
            "year": 2016,
            "quarter": 3,
            "eps": -0.97,
            "eps_growth_year": -330.95,
            "eps_4q": -2.39,
            "eps_4q_growth_year": -209.44,
            "roe": -6.59,
            "roe_4q": -14.63,
            "gross_profit": 32119,
            "gross_margin": 5.05,
            "gross_margin_4q_avg": 8.31,
            "net_income": -85178,
            "net_income_4q": null,
            "revenue": 636330,
            "revenue_4q": null,
            "common_shares": 890000,
            "book_valuer_per_share": 14.14,
            "book_valuer_per_share_4q_avg": 16.69,
            "equity": 1239478,
            "current_ratio": 151.24,
            "debt_ratio": 64.02,
            "inventory_turnover_ratio": 2.81,
            "account_receivable_turnover_ratio": 0.66,
            "reinvestment_rate": null,
            "research_to_sale_ratio": 4.65,
            "price_fair": 4.76,
            "eps_avg_yearly": 1.59,
            "eps_latest_yearly": 0.12,
            "eps_growth_yearly": -218.07
        },
        "20164": {
            "year_quarter": 20164,
            "year": 2016,
            "quarter": 4,
            "eps": -0.27,
            "eps_growth_year": -914.84,
            "eps_4q": -2.69,
            "eps_4q_growth_year": -234.86,
            "roe": -1.93,
            "roe_4q": -16.75,
            "gross_profit": 39317,
            "gross_margin": 5.67,
            "gross_margin_4q_avg": 6.09,
            "net_income": -23526,
            "net_income_4q": null,
            "revenue": 693667,
            "revenue_4q": null,
            "common_shares": 890000,
            "book_valuer_per_share": 13.74,
            "book_valuer_per_share_4q_avg": 15.38,
            "equity": 1204460,
            "current_ratio": 147.49,
            "debt_ratio": 63.72,
            "inventory_turnover_ratio": 2.79,
            "account_receivable_turnover_ratio": 0.64,
            "reinvestment_rate": null,
            "research_to_sale_ratio": 3.73,
            "price_fair": 4.76,
            "eps_avg_yearly": 1.59,
            "eps_latest_yearly": 0.12,
            "eps_growth_yearly": -218.07
        },
        "20171": {
            "year_quarter": 20171,
            "year": 2017,
            "quarter": 1,
            "eps": -1.03,
            "eps_growth_year": null,
            "eps_4q": -3.17,
            "eps_4q_growth_year": -685.53,
            "roe": -7.92,
            "roe_4q": -21.759999999999998,
            "gross_profit": 24655,
            "gross_margin": 4.04,
            "gross_margin_4q_avg": 5.17,
            "net_income": -90478,
            "net_income_4q": null,
            "revenue": 610077,
            "revenue_4q": null,
            "common_shares": 890000,
            "book_valuer_per_share": 12.33,
            "book_valuer_per_share_4q_avg": 13.89,
            "equity": 1080813,
            "current_ratio": 163.22,
            "debt_ratio": 68.28,
            "inventory_turnover_ratio": 2.52,
            "account_receivable_turnover_ratio": 0.55,
            "reinvestment_rate": null,
            "research_to_sale_ratio": 4.11,
            "price_fair": 4.76,
            "eps_avg_yearly": 1.59,
            "eps_latest_yearly": 0.12,
            "eps_growth_yearly": -218.07
        },
        "20172": {
            "year_quarter": 20172,
            "year": 2017,
            "quarter": 2,
            "eps": -0.74,
            "eps_growth_year": null,
            "eps_4q": -3.01,
            "eps_4q_growth_year": null,
            "roe": -6.12,
            "roe_4q": -22.56,
            "gross_profit": 25636,
            "gross_margin": 4.16,
            "gross_margin_4q_avg": 4.73,
            "net_income": -64500,
            "net_income_4q": null,
            "revenue": 615626,
            "revenue_4q": null,
            "common_shares": 890000,
            "book_valuer_per_share": 11.73,
            "book_valuer_per_share_4q_avg": 12.99,
            "equity": 1026901,
            "current_ratio": 168.16,
            "debt_ratio": 69.13,
            "inventory_turnover_ratio": 2.61,
            "account_receivable_turnover_ratio": 0.59,
            "reinvestment_rate": null,
            "research_to_sale_ratio": 4.24,
            "price_fair": 4.76,
            "eps_avg_yearly": 1.59,
            "eps_latest_yearly": 0.12,
            "eps_growth_yearly": -218.07
        },
        "20173": {
            "year_quarter": 20173,
            "year": 2017,
            "quarter": 3,
            "eps": -0.57,
            "eps_growth_year": null,
            "eps_4q": -2.61,
            "eps_4q_growth_year": null,
            "roe": -4.95,
            "roe_4q": -20.92,
            "gross_profit": 74936,
            "gross_margin": 9.91,
            "gross_margin_4q_avg": 5.95,
            "net_income": -49807,
            "net_income_4q": null,
            "revenue": 756233,
            "revenue_4q": null,
            "common_shares": 890000,
            "book_valuer_per_share": 11.28,
            "book_valuer_per_share_4q_avg": 12.27,
            "equity": 987348,
            "current_ratio": 150.68,
            "debt_ratio": 72.72,
            "inventory_turnover_ratio": 2.77,
            "account_receivable_turnover_ratio": 0.66,
            "reinvestment_rate": null,
            "research_to_sale_ratio": 3.48,
            "price_fair": 4.76,
            "eps_avg_yearly": 1.59,
            "eps_latest_yearly": 0.12,
            "eps_growth_yearly": -218.07
        },
        "20174": {
            "year_quarter": 20174,
            "year": 2017,
            "quarter": 4,
            "eps": -0.52,
            "eps_growth_year": null,
            "eps_4q": -2.86,
            "eps_4q_growth_year": null,
            "roe": -4.69,
            "roe_4q": -23.68,
            "gross_profit": 62115,
            "gross_margin": 7.66,
            "gross_margin_4q_avg": 6.44,
            "net_income": -45252,
            "net_income_4q": null,
            "revenue": 811397,
            "revenue_4q": null,
            "common_shares": 890000,
            "book_valuer_per_share": 10.77,
            "book_valuer_per_share_4q_avg": 11.53,
            "equity": 943280,
            "current_ratio": 136.84,
            "debt_ratio": 74.98,
            "inventory_turnover_ratio": 2.72,
            "account_receivable_turnover_ratio": 0.6,
            "reinvestment_rate": 2376.81,
            "research_to_sale_ratio": 3.44,
            "price_fair": 4.76,
            "eps_avg_yearly": 1.59,
            "eps_latest_yearly": 0.12,
            "eps_growth_yearly": -218.07
        },
        "20181": {
            "year_quarter": 20181,
            "year": 2018,
            "quarter": 1,
            "eps": -1.54,
            "eps_growth_year": null,
            "eps_4q": -3.36,
            "eps_4q_growth_year": null,
            "roe": -15.28,
            "roe_4q": -31.04,
            "gross_profit": -24429,
            "gross_margin": -4.18,
            "gross_margin_4q_avg": 4.39,
            "net_income": -134713,
            "net_income_4q": null,
            "revenue": 585028,
            "revenue_4q": null,
            "common_shares": 890000,
            "book_valuer_per_share": 9.36,
            "book_valuer_per_share_4q_avg": 10.79,
            "equity": 819623,
            "current_ratio": 152.21,
            "debt_ratio": 79.07,
            "inventory_turnover_ratio": 2.14,
            "account_receivable_turnover_ratio": 0.45,
            "reinvestment_rate": null,
            "research_to_sale_ratio": 4.66,
            "price_fair": 4.76,
            "eps_avg_yearly": 1.59,
            "eps_latest_yearly": 0.12,
            "eps_growth_yearly": -218.07
        },
        "20182": {
            "year_quarter": 20182,
            "year": 2018,
            "quarter": 2,
            "eps": -0.92,
            "eps_growth_year": null,
            "eps_4q": -3.55,
            "eps_4q_growth_year": null,
            "roe": -10.38,
            "roe_4q": -35.300000000000004,
            "gross_profit": -14148,
            "gross_margin": -2.42,
            "gross_margin_4q_avg": 2.74,
            "net_income": -80670,
            "net_income_4q": null,
            "revenue": 584013,
            "revenue_4q": null,
            "common_shares": 890000,
            "book_valuer_per_share": 8.39,
            "book_valuer_per_share_4q_avg": 9.95,
            "equity": 734621,
            "current_ratio": 154.8,
            "debt_ratio": 79.85,
            "inventory_turnover_ratio": 2.06,
            "account_receivable_turnover_ratio": 0.54,
            "reinvestment_rate": null,
            "research_to_sale_ratio": 5.08,
            "price_fair": 4.76,
            "eps_avg_yearly": 1.59,
            "eps_latest_yearly": 0.12,
            "eps_growth_yearly": -218.07
        },
        "20183": {
            "year_quarter": 20183,
            "year": 2018,
            "quarter": 3,
            "eps": -0.09,
            "eps_growth_year": null,
            "eps_4q": -5.21,
            "eps_4q_growth_year": null,
            "roe": -1.11,
            "roe_4q": -31.46,
            "gross_profit": 66765,
            "gross_margin": 9.74,
            "gross_margin_4q_avg": 2.7,
            "net_income": -7973,
            "net_income_4q": null,
            "revenue": 685448,
            "revenue_4q": null,
            "common_shares": 890000,
            "book_valuer_per_share": 13.67,
            "book_valuer_per_share_4q_avg": 10.55,
            "equity": 705135,
            "current_ratio": 153.86,
            "debt_ratio": 79.43,
            "inventory_turnover_ratio": 2.14,
            "account_receivable_turnover_ratio": 0.65,
            "reinvestment_rate": null,
            "research_to_sale_ratio": 4,
            "price_fair": 4.76,
            "eps_avg_yearly": 1.59,
            "eps_latest_yearly": 0.12,
            "eps_growth_yearly": -218.07
        },
        "20184": {
            "year_quarter": 20184,
            "year": 2018,
            "quarter": 4,
            "eps": -0.98,
            "eps_growth_year": null,
            "eps_4q": -2.88,
            "eps_4q_growth_year": null,
            "roe": -14.59,
            "roe_4q": -41.36,
            "gross_profit": -5130,
            "gross_margin": -0.92,
            "gross_margin_4q_avg": 0.56,
            "net_income": -114814,
            "net_income_4q": null,
            "revenue": 558796,
            "revenue_4q": null,
            "common_shares": 1190000,
            "book_valuer_per_share": 7.39,
            "book_valuer_per_share_4q_avg": 9.7,
            "equity": 868301,
            "current_ratio": 72.75,
            "debt_ratio": 73.7,
            "inventory_turnover_ratio": 1.84,
            "account_receivable_turnover_ratio": 0.51,
            "reinvestment_rate": null,
            "research_to_sale_ratio": 5.19,
            "price_fair": 4.76,
            "eps_avg_yearly": 1.59,
            "eps_latest_yearly": 0.12,
            "eps_growth_yearly": -218.07
        },
        "20191": {
            "year_quarter": 20191,
            "year": 2019,
            "quarter": 1,
            "eps": -1.08,
            "eps_growth_year": null,
            "eps_4q": -2.81,
            "eps_4q_growth_year": null,
            "roe": -15.68,
            "roe_4q": -41.76,
            "gross_profit": -23669,
            "gross_margin": -3.75,
            "gross_margin_4q_avg": 0.66,
            "net_income": -127185,
            "net_income_4q": null,
            "revenue": 631119,
            "revenue_4q": null,
            "common_shares": 1190000,
            "book_valuer_per_share": 6.41,
            "book_valuer_per_share_4q_avg": 8.97,
            "equity": 753535,
            "current_ratio": 135.82,
            "debt_ratio": 76.73,
            "inventory_turnover_ratio": 2.15,
            "account_receivable_turnover_ratio": 0.62,
            "reinvestment_rate": null,
            "research_to_sale_ratio": 4.66,
            "price_fair": 4.76,
            "eps_avg_yearly": 1.59,
            "eps_latest_yearly": 0.12,
            "eps_growth_yearly": -218.07
        },
        "20192": {
            "year_quarter": 20192,
            "year": 2019,
            "quarter": 2,
            "eps": -1.3,
            "eps_growth_year": null,
            "eps_4q": -3.42,
            "eps_4q_growth_year": null,
            "roe": -22.64,
            "roe_4q": -54.019999999999996,
            "gross_profit": -63095,
            "gross_margin": -11.52,
            "gross_margin_4q_avg": -1.61,
            "net_income": -152560,
            "net_income_4q": null,
            "revenue": 547646,
            "revenue_4q": null,
            "common_shares": 1176390,
            "book_valuer_per_share": 5.06,
            "book_valuer_per_share_4q_avg": 8.13,
            "equity": 594443,
            "current_ratio": 130.58,
            "debt_ratio": 79.9,
            "inventory_turnover_ratio": 2.54,
            "account_receivable_turnover_ratio": 0.6,
            "reinvestment_rate": null,
            "research_to_sale_ratio": 4.83,
            "price_fair": 2.7,
            "eps_avg_yearly": 0.9,
            "eps_latest_yearly": 0.12,
            "eps_growth_yearly": -272.2
        },
        "20193": {
            "year_quarter": 20193,
            "year": 2019,
            "quarter": 3,
            "eps": -0.58,
            "eps_growth_year": null,
            "eps_4q": -4.81,
            "eps_4q_growth_year": null,
            "roe": -9.62,
            "roe_4q": -62.53,
            "gross_profit": 33066,
            "gross_margin": 6.22,
            "gross_margin_4q_avg": -2.49,
            "net_income": -53737,
            "net_income_4q": null,
            "revenue": 531428,
            "revenue_4q": null,
            "common_shares": 932185,
            "book_valuer_per_share": 5.61,
            "book_valuer_per_share_4q_avg": 6.12,
            "equity": 522301,
            "current_ratio": 125.38,
            "debt_ratio": 80.86,
            "inventory_turnover_ratio": 2.73,
            "account_receivable_turnover_ratio": 0.61,
            "reinvestment_rate": null,
            "research_to_sale_ratio": 3.99,
            "price_fair": 0.36,
            "eps_avg_yearly": 0.12,
            "eps_latest_yearly": 0.12,
            "eps_growth_yearly": -371.43
        },
        "20194": {
            "year_quarter": 20194,
            "year": 2019,
            "quarter": 4,
            "eps": -0.47,
            "eps_growth_year": null,
            "eps_4q": -3.12,
            "eps_4q_growth_year": null,
            "roe": -8.66,
            "roe_4q": -56.6,
            "gross_profit": 47595,
            "gross_margin": 8.36,
            "gross_margin_4q_avg": -0.17,
            "net_income": -59816,
            "net_income_4q": null,
            "revenue": 569416,
            "revenue_4q": null,
            "common_shares": 1262185,
            "book_valuer_per_share": 6.82,
            "book_valuer_per_share_4q_avg": 5.98,
            "equity": 859930,
            "current_ratio": 73.6,
            "debt_ratio": 68.65,
            "inventory_turnover_ratio": 2.85,
            "account_receivable_turnover_ratio": 0.62,
            "reinvestment_rate": null,
            "research_to_sale_ratio": 3.97,
            "price_fair": 0,
            "eps_avg_yearly": 0,
            "eps_latest_yearly": 0,
            "eps_growth_yearly": 0
        },
        "20201": {
            "year_quarter": 20201,
            "year": 2020,
            "quarter": 1,
            "eps": -0.83,
            "eps_growth_year": null,
            "eps_4q": -2.94,
            "eps_4q_growth_year": null,
            "roe": -13.14,
            "roe_4q": -54.06,
            "gross_profit": -39835,
            "gross_margin": -10.1,
            "gross_margin_4q_avg": -1.76,
            "net_income": -105104,
            "net_income_4q": null,
            "revenue": 394583,
            "revenue_4q": null,
            "common_shares": 1262185,
            "book_valuer_per_share": 5.87,
            "book_valuer_per_share_4q_avg": 5.84,
            "equity": 739864,
            "current_ratio": 83.97,
            "debt_ratio": 76.18,
            "inventory_turnover_ratio": 2.27,
            "account_receivable_turnover_ratio": 0.46,
            "reinvestment_rate": null,
            "research_to_sale_ratio": 4.15,
            "price_fair": 0,
            "eps_avg_yearly": 0,
            "eps_latest_yearly": 0,
            "eps_growth_yearly": 0
        },
        "20202": {
            "year_quarter": 20202,
            "year": 2020,
            "quarter": 2,
            "eps": -0.63,
            "eps_growth_year": null,
            "eps_4q": -2.36,
            "eps_4q_growth_year": null,
            "roe": -11.32,
            "roe_4q": -42.74,
            "gross_profit": 5572,
            "gross_margin": 1.16,
            "gross_margin_4q_avg": 1.41,
            "net_income": -78820,
            "net_income_4q": null,
            "revenue": 479008,
            "revenue_4q": null,
            "common_shares": 1261448,
            "book_valuer_per_share": 5.17,
            "book_valuer_per_share_4q_avg": 5.87,
            "equity": 652242,
            "current_ratio": 81.16,
            "debt_ratio": 77.39,
            "inventory_turnover_ratio": 2.77,
            "account_receivable_turnover_ratio": 0.63,
            "reinvestment_rate": null,
            "research_to_sale_ratio": 3.42,
            "price_fair": 0,
            "eps_avg_yearly": 0,
            "eps_latest_yearly": 0,
            "eps_growth_yearly": 0
        },
        "20203": {
            "year_quarter": 20203,
            "year": 2020,
            "quarter": 3,
            "eps": -0.09,
            "eps_growth_year": null,
            "eps_4q": -2.02,
            "eps_4q_growth_year": null,
            "roe": -1.73,
            "roe_4q": -34.85,
            "gross_profit": 48524,
            "gross_margin": 9.57,
            "gross_margin_4q_avg": 2.25,
            "net_income": -11251,
            "net_income_4q": null,
            "revenue": 507059,
            "revenue_4q": null,
            "common_shares": 1261448,
            "book_valuer_per_share": 5.16,
            "book_valuer_per_share_4q_avg": 5.76,
            "equity": 651283,
            "current_ratio": 78.77,
            "debt_ratio": 73.21,
            "inventory_turnover_ratio": 2.98,
            "account_receivable_turnover_ratio": 0.63,
            "reinvestment_rate": null,
            "research_to_sale_ratio": 3.63,
            "price_fair": 0,
            "eps_avg_yearly": 0,
            "eps_latest_yearly": 0,
            "eps_growth_yearly": 0
        },
        "20204": {
            "year_quarter": 20204,
            "year": 2020,
            "quarter": 4,
            "eps": -0.5,
            "eps_growth_year": null,
            "eps_4q": -1.75,
            "eps_4q_growth_year": null,
            "roe": -9.76,
            "roe_4q": -35.95,
            "gross_profit": 51834,
            "gross_margin": 10.84,
            "gross_margin_4q_avg": 2.87,
            "net_income": -77641,
            "net_income_4q": null,
            "revenue": 477993,
            "revenue_4q": null,
            "common_shares": 1561448,
            "book_valuer_per_share": 6.02,
            "book_valuer_per_share_4q_avg": 5.56,
            "equity": 939655,
            "current_ratio": 157.31,
            "debt_ratio": 60,
            "inventory_turnover_ratio": 2.48,
            "account_receivable_turnover_ratio": 0.57,
            "reinvestment_rate": null,
            "research_to_sale_ratio": 4.13,
            "price_fair": 0,
            "eps_avg_yearly": 0,
            "eps_latest_yearly": 0,
            "eps_growth_yearly": 0
        },
        "20211": {
            "year_quarter": 20211,
            "year": 2021,
            "quarter": 1,
            "eps": -0.19,
            "eps_growth_year": null,
            "eps_4q": -1.26,
            "eps_4q_growth_year": null,
            "roe": -3.23,
            "roe_4q": -26.04,
            "gross_profit": 43872,
            "gross_margin": 8.36,
            "gross_margin_4q_avg": 7.48,
            "net_income": -29791,
            "net_income_4q": null,
            "revenue": 524490,
            "revenue_4q": null,
            "common_shares": 1561448,
            "book_valuer_per_share": 5.81,
            "book_valuer_per_share_4q_avg": 5.54,
            "equity": 906967,
            "current_ratio": 92.91,
            "debt_ratio": 60.47,
            "inventory_turnover_ratio": 2.49,
            "account_receivable_turnover_ratio": 0.62,
            "reinvestment_rate": null,
            "research_to_sale_ratio": 3.87,
            "price_fair": 0,
            "eps_avg_yearly": 0,
            "eps_latest_yearly": 0,
            "eps_growth_yearly": 0
        },
        "20212": {
            "year_quarter": 20212,
            "year": 2021,
            "quarter": 2,
            "eps": -0.12,
            "eps_growth_year": null,
            "eps_4q": -0.88,
            "eps_4q_growth_year": null,
            "roe": -2.13,
            "roe_4q": -16.849999999999998,
            "gross_profit": 72453,
            "gross_margin": 12.38,
            "gross_margin_4q_avg": 10.29,
            "net_income": -19091,
            "net_income_4q": null,
            "revenue": 585309,
            "revenue_4q": null,
            "common_shares": 1561448,
            "book_valuer_per_share": 5.66,
            "book_valuer_per_share_4q_avg": 5.66,
            "equity": 884261,
            "current_ratio": 101.54,
            "debt_ratio": 62.02,
            "inventory_turnover_ratio": 2.65,
            "account_receivable_turnover_ratio": 0.66,
            "reinvestment_rate": null,
            "research_to_sale_ratio": 3.57,
            "price_fair": 0,
            "eps_avg_yearly": 0,
            "eps_latest_yearly": 0,
            "eps_growth_yearly": 0
        },
        "20213": {
            "year_quarter": 20213,
            "year": 2021,
            "quarter": 3,
            "eps": -0.1,
            "eps_growth_year": null,
            "eps_4q": -0.9,
            "eps_4q_growth_year": null,
            "roe": -1.67,
            "roe_4q": -16.79,
            "gross_profit": 66311,
            "gross_margin": 11.71,
            "gross_margin_4q_avg": 10.82,
            "net_income": -14602,
            "net_income_4q": null,
            "revenue": 566193,
            "revenue_4q": null,
            "common_shares": 1561448,
            "book_valuer_per_share": 5.56,
            "book_valuer_per_share_4q_avg": 5.76,
            "equity": 868762,
            "current_ratio": 123.24,
            "debt_ratio": 61.41,
            "inventory_turnover_ratio": 2.69,
            "account_receivable_turnover_ratio": 0.6,
            "reinvestment_rate": null,
            "research_to_sale_ratio": 3.99,
            "price_fair": 0,
            "eps_avg_yearly": 0,
            "eps_latest_yearly": 0,
            "eps_growth_yearly": 0
        },
        "20214": {
            "year_quarter": 20214,
            "year": 2021,
            "quarter": 4,
            "eps": -0.14,
            "eps_growth_year": null,
            "eps_4q": -0.54,
            "eps_4q_growth_year": null,
            "roe": -2.49,
            "roe_4q": -9.52,
            "gross_profit": 77475,
            "gross_margin": 13.7,
            "gross_margin_4q_avg": 11.54,
            "net_income": -21423,
            "net_income_4q": null,
            "revenue": 565597,
            "revenue_4q": null,
            "common_shares": 1561448,
            "book_valuer_per_share": 5.46,
            "book_valuer_per_share_4q_avg": 5.62,
            "equity": 852212,
            "current_ratio": 138.25,
            "debt_ratio": 62.04,
            "inventory_turnover_ratio": 2.42,
            "account_receivable_turnover_ratio": 0.58,
            "reinvestment_rate": null,
            "research_to_sale_ratio": 4.04,
            "price_fair": 0,
            "eps_avg_yearly": 0,
            "eps_latest_yearly": 0,
            "eps_growth_yearly": 0
        },
        "20221": {
            "year_quarter": 20221,
            "year": 2022,
            "quarter": 1,
            "eps": -0.18,
            "eps_growth_year": null,
            "eps_4q": -0.53,
            "eps_4q_growth_year": null,
            "roe": -3.32,
            "roe_4q": -9.61,
            "gross_profit": 45466,
            "gross_margin": 8.92,
            "gross_margin_4q_avg": 11.68,
            "net_income": -28159,
            "net_income_4q": null,
            "revenue": 509871,
            "revenue_4q": null,
            "common_shares": 1561448,
            "book_valuer_per_share": 5.41,
            "book_valuer_per_share_4q_avg": 5.52,
            "equity": 844051,
            "current_ratio": 136.68,
            "debt_ratio": 63.14,
            "inventory_turnover_ratio": 2.03,
            "account_receivable_turnover_ratio": 0.52,
            "reinvestment_rate": null,
            "research_to_sale_ratio": 4.6,
            "price_fair": 0,
            "eps_avg_yearly": 0,
            "eps_latest_yearly": 0,
            "eps_growth_yearly": 0
        },
        "20222": {
            "year_quarter": 20222,
            "year": 2022,
            "quarter": 2,
            "eps": 0.18,
            "eps_growth_year": null,
            "eps_4q": -0.23,
            "eps_4q_growth_year": null,
            "roe": 3.33,
            "roe_4q": -4.15,
            "gross_profit": 63699,
            "gross_margin": 11.54,
            "gross_margin_4q_avg": 11.47,
            "net_income": 28405,
            "net_income_4q": null,
            "revenue": 551976,
            "revenue_4q": null,
            "common_shares": 1561448,
            "book_valuer_per_share": 5.53,
            "book_valuer_per_share_4q_avg": 5.49,
            "equity": 863408,
            "current_ratio": 143.47,
            "debt_ratio": 60.9,
            "inventory_turnover_ratio": 2.12,
            "account_receivable_turnover_ratio": 0.57,
            "reinvestment_rate": null,
            "research_to_sale_ratio": 4.14,
            "price_fair": 0,
            "eps_avg_yearly": 0,
            "eps_latest_yearly": 0,
            "eps_growth_yearly": 0
        },
        "20223": {
            "year_quarter": 20223,
            "year": 2022,
            "quarter": 3,
            "eps": -0.42,
            "eps_growth_year": null,
            "eps_4q": -0.55,
            "eps_4q_growth_year": null,
            "roe": -7.87,
            "roe_4q": -10.35,
            "gross_profit": -48016,
            "gross_margin": -14.63,
            "gross_margin_4q_avg": 4.88,
            "net_income": -65448,
            "net_income_4q": null,
            "revenue": 328097,
            "revenue_4q": null,
            "common_shares": 1561448,
            "book_valuer_per_share": 5.13,
            "book_valuer_per_share_4q_avg": 5.38,
            "equity": 800420,
            "current_ratio": 149.27,
            "debt_ratio": 58.66,
            "inventory_turnover_ratio": 1.86,
            "account_receivable_turnover_ratio": 0.37,
            "reinvestment_rate": null,
            "research_to_sale_ratio": 4.36,
            "price_fair": 0,
            "eps_avg_yearly": 0,
            "eps_latest_yearly": 0,
            "eps_growth_yearly": 0
        },
        "20224": {
            "year_quarter": 20224,
            "year": 2022,
            "quarter": 4,
            "eps": -1.29,
            "eps_growth_year": null,
            "eps_4q": -1.71,
            "eps_4q_growth_year": null,
            "roe": -28.88,
            "roe_4q": -36.74,
            "gross_profit": -58115,
            "gross_margin": -20.79,
            "gross_margin_4q_avg": -3.74,
            "net_income": -201299,
            "net_income_4q": null,
            "revenue": 279565,
            "revenue_4q": null,
            "common_shares": 1561448,
            "book_valuer_per_share": 3.8,
            "book_valuer_per_share_4q_avg": 4.97,
            "equity": 593393,
            "current_ratio": 131.4,
            "debt_ratio": 66.29,
            "inventory_turnover_ratio": 1.92,
            "account_receivable_turnover_ratio": 0.39,
            "reinvestment_rate": null,
            "research_to_sale_ratio": 5.49,
            "price_fair": 0,
            "eps_avg_yearly": 0,
            "eps_latest_yearly": 0,
            "eps_growth_yearly": 0
        },
        "20231": {
            "year_quarter": 20231,
            "year": 2023,
            "quarter": 1,
            "eps": -0.66,
            "eps_growth_year": null,
            "eps_4q": -2.18,
            "eps_4q_growth_year": null,
            "roe": -18.86,
            "roe_4q": -52.279999999999994,
            "gross_profit": -31361,
            "gross_margin": -9.87,
            "gross_margin_4q_avg": -8.44,
            "net_income": -102478,
            "net_income_4q": null,
            "revenue": 317634,
            "revenue_4q": null,
            "common_shares": 1561448,
            "book_valuer_per_share": 3.16,
            "book_valuer_per_share_4q_avg": 4.41,
            "equity": 493455,
            "current_ratio": 124.28,
            "debt_ratio": 75.82,
            "inventory_turnover_ratio": 2.07,
            "account_receivable_turnover_ratio": 0.51,
            "reinvestment_rate": null,
            "research_to_sale_ratio": 5.74,
            "price_fair": 0,
            "eps_avg_yearly": 0,
            "eps_latest_yearly": 0,
            "eps_growth_yearly": 0
        },
        "20232": {
            "year_quarter": 20232,
            "year": 2023,
            "quarter": 2,
            "eps": -0.28,
            "eps_growth_year": -255.56,
            "eps_4q": -5.78,
            "eps_4q_growth_year": null,
            "roe": -4.01,
            "roe_4q": -59.62,
            "gross_profit": 15417,
            "gross_margin": 3.67,
            "gross_margin_4q_avg": -10.41,
            "net_income": -19085,
            "net_income_4q": null,
            "revenue": 420381,
            "revenue_4q": null,
            "common_shares": 671598,
            "book_valuer_per_share": 6.84,
            "book_valuer_per_share_4q_avg": 4.73,
            "equity": 459308,
            "current_ratio": 119.54,
            "debt_ratio": 77.51,
            "inventory_turnover_ratio": 2.42,
            "account_receivable_turnover_ratio": 0.63,
            "reinvestment_rate": null,
            "research_to_sale_ratio": 4.7,
            "price_fair": 0,
            "eps_avg_yearly": 0,
            "eps_latest_yearly": 0,
            "eps_growth_yearly": 0
        },
        "20233": {
            "year_quarter": 20233,
            "year": 2023,
            "quarter": 3,
            "eps": -0.58,
            "eps_growth_year": null,
            "eps_4q": -5.39,
            "eps_4q_growth_year": null,
            "roe": -8.74,
            "roe_4q": -60.489999999999995,
            "gross_profit": 13576,
            "gross_margin": 3.19,
            "gross_margin_4q_avg": -5.95,
            "net_income": -38991,
            "net_income_4q": null,
            "revenue": 425814,
            "revenue_4q": null,
            "common_shares": 671598,
            "book_valuer_per_share": 6.45,
            "book_valuer_per_share_4q_avg": 5.06,
            "equity": 433106,
            "current_ratio": 117.87,
            "debt_ratio": 77.5,
            "inventory_turnover_ratio": 2.32,
            "account_receivable_turnover_ratio": 0.56,
            "reinvestment_rate": null,
            "research_to_sale_ratio": 4.6,
            "price_fair": 0,
            "eps_avg_yearly": 0,
            "eps_latest_yearly": 0,
            "eps_growth_yearly": 0
        },
        "20234": {
            "year_quarter": 20234,
            "year": 2023,
            "quarter": 4,
            "eps": -1.14,
            "eps_growth_year": null,
            "eps_4q": -2.79,
            "eps_4q_growth_year": null,
            "roe": -20.35,
            "roe_4q": -51.96,
            "gross_profit": -10330,
            "gross_margin": -2.74,
            "gross_margin_4q_avg": -1.44,
            "net_income": -110431,
            "net_income_4q": null,
            "revenue": 377383,
            "revenue_4q": null,
            "common_shares": 971598,
            "book_valuer_per_share": 6.71,
            "book_valuer_per_share_4q_avg": 5.79,
            "equity": 652078,
            "current_ratio": 141.85,
            "debt_ratio": 66.37,
            "inventory_turnover_ratio": 1.89,
            "account_receivable_turnover_ratio": 0.51,
            "reinvestment_rate": null,
            "research_to_sale_ratio": 5.39,
            "price_fair": 0,
            "eps_avg_yearly": 0,
            "eps_latest_yearly": 0,
            "eps_growth_yearly": 0
        }
    },
    "months": {
        "2004-05": {
            "month": "2004-05",
            "price": "138.39",
            "revenue": 201121
        },
        "2004-06": {
            "month": "2004-06",
            "price": "123.17",
            "revenue": 162809
        },
        "2004-07": {
            "month": "2004-07",
            "price": "91.78",
            "revenue": 131226
        },
        "2004-08": {
            "month": "2004-08",
            "price": "71.65",
            "revenue": 146879
        },
        "2004-09": {
            "month": "2004-09",
            "price": "63.94",
            "revenue": 157869
        },
        "2004-10": {
            "month": "2004-10",
            "price": "62.04",
            "revenue": 119430
        },
        "2004-11": {
            "month": "2004-11",
            "price": "38.39",
            "revenue": 136857
        },
        "2004-12": {
            "month": "2004-12",
            "price": "28.18",
            "revenue": 145592
        },
        "2005-01": {
            "month": "2005-01",
            "price": "21.37",
            "revenue": 142998
        },
        "2005-02": {
            "month": "2005-02",
            "price": "19.66",
            "revenue": 84065
        },
        "2005-03": {
            "month": "2005-03",
            "price": "25.86",
            "revenue": 78526
        },
        "2005-04": {
            "month": "2005-04",
            "price": "28.92",
            "revenue": 90292
        },
        "2005-05": {
            "month": "2005-05",
            "price": "24.81",
            "revenue": 132596
        },
        "2005-06": {
            "month": "2005-06",
            "price": "20.34",
            "revenue": 117190
        },
        "2005-07": {
            "month": "2005-07",
            "price": "19.22",
            "revenue": 129897
        },
        "2005-08": {
            "month": "2005-08",
            "price": "16.64",
            "revenue": 152681
        },
        "2005-09": {
            "month": "2005-09",
            "price": "12.34",
            "revenue": 210366
        },
        "2005-10": {
            "month": "2005-10",
            "price": "12.19",
            "revenue": 229937
        },
        "2005-11": {
            "month": "2005-11",
            "price": "11.58",
            "revenue": 273967
        },
        "2005-12": {
            "month": "2005-12",
            "price": "14.29",
            "revenue": 239854
        },
        "2006-01": {
            "month": "2006-01",
            "price": "16.79",
            "revenue": 230896
        },
        "2006-02": {
            "month": "2006-02",
            "price": "17.48",
            "revenue": 200649
        },
        "2006-03": {
            "month": "2006-03",
            "price": "17.61",
            "revenue": 315964
        },
        "2006-04": {
            "month": "2006-04",
            "price": "21.16",
            "revenue": 243811
        },
        "2006-05": {
            "month": "2006-05",
            "price": "20.58",
            "revenue": 227447
        },
        "2006-06": {
            "month": "2006-06",
            "price": "17.86",
            "revenue": 160354
        },
        "2006-07": {
            "month": "2006-07",
            "price": "16.20",
            "revenue": 166613
        },
        "2006-08": {
            "month": "2006-08",
            "price": "15.06",
            "revenue": 232157
        },
        "2006-09": {
            "month": "2006-09",
            "price": "17.43",
            "revenue": 273554
        },
        "2006-10": {
            "month": "2006-10",
            "price": "16.28",
            "revenue": 293872
        },
        "2006-11": {
            "month": "2006-11",
            "price": "14.87",
            "revenue": 211652
        },
        "2006-12": {
            "month": "2006-12",
            "price": "14.29",
            "revenue": 193848
        },
        "2007-01": {
            "month": "2007-01",
            "price": "14.27",
            "revenue": 192303
        },
        "2007-02": {
            "month": "2007-02",
            "price": "13.50",
            "revenue": 129048
        },
        "2007-03": {
            "month": "2007-03",
            "price": "14.08",
            "revenue": 169584
        },
        "2007-04": {
            "month": "2007-04",
            "price": "15.76",
            "revenue": 139166
        },
        "2007-05": {
            "month": "2007-05",
            "price": "16.09",
            "revenue": 123136
        },
        "2007-06": {
            "month": "2007-06",
            "price": "16.42",
            "revenue": 102495
        },
        "2007-07": {
            "month": "2007-07",
            "price": "17.71",
            "revenue": 157130
        },
        "2007-08": {
            "month": "2007-08",
            "price": "16.55",
            "revenue": 159759
        },
        "2007-09": {
            "month": "2007-09",
            "price": "13.50",
            "revenue": 175367
        },
        "2007-10": {
            "month": "2007-10",
            "price": "13.01",
            "revenue": 203708
        },
        "2007-11": {
            "month": "2007-11",
            "price": "12.57",
            "revenue": 157686
        },
        "2007-12": {
            "month": "2007-12",
            "price": "12.18",
            "revenue": 136447
        },
        "2008-01": {
            "month": "2008-01",
            "price": "11.68",
            "revenue": 157593
        },
        "2008-02": {
            "month": "2008-02",
            "price": "10.08",
            "revenue": 108232
        },
        "2008-03": {
            "month": "2008-03",
            "price": "11.25",
            "revenue": 186260
        },
        "2014-12": {
            "month": "2014-12",
            "price": "34.55",
            "revenue": 265856
        },
        "2015-01": {
            "month": "2015-01",
            "price": "36.71",
            "revenue": 340678
        },
        "2015-02": {
            "month": "2015-02",
            "price": "42.51",
            "revenue": 259372
        },
        "2015-03": {
            "month": "2015-03",
            "price": "47.80",
            "revenue": 314658
        },
        "2015-04": {
            "month": "2015-04",
            "price": "47.06",
            "revenue": 329271
        },
        "2015-05": {
            "month": "2015-05",
            "price": "45.71",
            "revenue": 290528
        },
        "2015-06": {
            "month": "2015-06",
            "price": "46.03",
            "revenue": 284686
        },
        "2015-07": {
            "month": "2015-07",
            "price": "43.03",
            "revenue": 254039
        },
        "2015-08": {
            "month": "2015-08",
            "price": "33.35",
            "revenue": 261154
        },
        "2015-09": {
            "month": "2015-09",
            "price": "32.75",
            "revenue": 230176
        },
        "2015-10": {
            "month": "2015-10",
            "price": "34.51",
            "revenue": 192761
        },
        "2015-11": {
            "month": "2015-11",
            "price": "37.05",
            "revenue": 212101
        },
        "2015-12": {
            "month": "2015-12",
            "price": "30.53",
            "revenue": 238266
        },
        "2016-01": {
            "month": "2016-01",
            "price": "27.21",
            "revenue": 248915
        },
        "2016-02": {
            "month": "2016-02",
            "price": "25.87",
            "revenue": 139100
        },
        "2016-03": {
            "month": "2016-03",
            "price": "28.40",
            "revenue": 207124
        },
        "2016-04": {
            "month": "2016-04",
            "price": "27.32",
            "revenue": 218789
        },
        "2016-05": {
            "month": "2016-05",
            "price": "23.50",
            "revenue": 186336
        },
        "2016-06": {
            "month": "2016-06",
            "price": "21.09",
            "revenue": 180820
        },
        "2016-07": {
            "month": "2016-07",
            "price": "17.84",
            "revenue": 199857
        },
        "2016-08": {
            "month": "2016-08",
            "price": "17.22",
            "revenue": 223214
        },
        "2016-09": {
            "month": "2016-09",
            "price": "17.23",
            "revenue": 213259
        },
        "2016-10": {
            "month": "2016-10",
            "price": "16.64",
            "revenue": 218426
        },
        "2016-11": {
            "month": "2016-11",
            "price": "14.46",
            "revenue": 235014
        },
        "2016-12": {
            "month": "2016-12",
            "price": "13.58",
            "revenue": 240227
        },
        "2017-01": {
            "month": "2017-01",
            "price": "14.35",
            "revenue": 213370
        },
        "2017-02": {
            "month": "2017-02",
            "price": "15.14",
            "revenue": 164637
        },
        "2017-03": {
            "month": "2017-03",
            "price": "14.68",
            "revenue": 232070
        },
        "2017-04": {
            "month": "2017-04",
            "price": "13.93",
            "revenue": 212087
        },
        "2017-05": {
            "month": "2017-05",
            "price": "12.61",
            "revenue": 211496
        },
        "2017-06": {
            "month": "2017-06",
            "price": "12.06",
            "revenue": 192043
        },
        "2017-07": {
            "month": "2017-07",
            "price": "15.81",
            "revenue": 227995
        },
        "2017-08": {
            "month": "2017-08",
            "price": "16.22",
            "revenue": 254080
        },
        "2017-09": {
            "month": "2017-09",
            "price": "15.91",
            "revenue": 274157
        },
        "2017-10": {
            "month": "2017-10",
            "price": "15.48",
            "revenue": 254523
        },
        "2017-11": {
            "month": "2017-11",
            "price": "14.22",
            "revenue": 280314
        },
        "2017-12": {
            "month": "2017-12",
            "price": "15.58",
            "revenue": 276560
        },
        "2018-01": {
            "month": "2018-01",
            "price": "17.21",
            "revenue": 260810
        },
        "2018-02": {
            "month": "2018-02",
            "price": "16.62",
            "revenue": 142699
        },
        "2018-03": {
            "month": "2018-03",
            "price": "16.06",
            "revenue": 181519
        },
        "2018-04": {
            "month": "2018-04",
            "price": "15.21",
            "revenue": 174080
        },
        "2018-05": {
            "month": "2018-05",
            "price": "12.33",
            "revenue": 208217
        },
        "2018-06": {
            "month": "2018-06",
            "price": "11.03",
            "revenue": 201716
        },
        "2018-07": {
            "month": "2018-07",
            "price": "11.46",
            "revenue": 229569
        },
        "2018-08": {
            "month": "2018-08",
            "price": "15.72",
            "revenue": 239638
        },
        "2018-09": {
            "month": "2018-09",
            "price": "15.33",
            "revenue": 216240
        },
        "2018-10": {
            "month": "2018-10",
            "price": "13.14",
            "revenue": 210948
        },
        "2018-11": {
            "month": "2018-11",
            "price": "11.73",
            "revenue": 225757
        },
        "2018-12": {
            "month": "2018-12",
            "price": "11.62",
            "revenue": 122092
        },
        "2019-01": {
            "month": "2019-01",
            "price": "10.01",
            "revenue": 244864
        },
        "2019-02": {
            "month": "2019-02",
            "price": "11.14",
            "revenue": 145523
        },
        "2019-03": {
            "month": "2019-03",
            "price": "13.75",
            "revenue": 240732
        },
        "2019-04": {
            "month": "2019-04",
            "price": "15.04",
            "revenue": 231544
        },
        "2019-05": {
            "month": "2019-05",
            "price": "15.06",
            "revenue": 178226
        },
        "2019-06": {
            "month": "2019-06",
            "price": "13.61",
            "revenue": 137876
        },
        "2019-07": {
            "month": "2019-07",
            "price": "13.06",
            "revenue": 179961
        },
        "2019-08": {
            "month": "2019-08",
            "price": "11.32",
            "revenue": 179266
        },
        "2019-09": {
            "month": "2019-09",
            "price": "11.19",
            "revenue": 172201
        },
        "2019-10": {
            "month": "2019-10",
            "price": "11.13",
            "revenue": 175920
        },
        "2019-11": {
            "month": "2019-11",
            "price": "14.47",
            "revenue": 213920
        },
        "2019-12": {
            "month": "2019-12",
            "price": "15.23",
            "revenue": 179576
        },
        "2020-01": {
            "month": "2020-01",
            "price": "14.35",
            "revenue": 122703
        },
        "2020-02": {
            "month": "2020-02",
            "price": "12.19",
            "revenue": 122671
        },
        "2020-03": {
            "month": "2020-03",
            "price": "8.61",
            "revenue": 149209
        },
        "2020-04": {
            "month": "2020-04",
            "price": "8.00",
            "revenue": 168601
        },
        "2020-05": {
            "month": "2020-05",
            "price": "10.27",
            "revenue": 162248
        },
        "2020-06": {
            "month": "2020-06",
            "price": "11.90",
            "revenue": 148158
        },
        "2020-07": {
            "month": "2020-07",
            "price": "19.06",
            "revenue": 161549
        },
        "2020-08": {
            "month": "2020-08",
            "price": "17.23",
            "revenue": 161859
        },
        "2020-09": {
            "month": "2020-09",
            "price": "15.72",
            "revenue": 183652
        },
        "2020-10": {
            "month": "2020-10",
            "price": "16.36",
            "revenue": 170919
        },
        "2020-11": {
            "month": "2020-11",
            "price": "15.77",
            "revenue": 164960
        },
        "2020-12": {
            "month": "2020-12",
            "price": "14.98",
            "revenue": 142115
        },
        "2021-01": {
            "month": "2021-01",
            "price": "13.56",
            "revenue": 186589
        },
        "2021-02": {
            "month": "2021-02",
            "price": "12.95",
            "revenue": 160023
        },
        "2021-03": {
            "month": "2021-03",
            "price": "14.05",
            "revenue": 177878
        },
        "2021-04": {
            "month": "2021-04",
            "price": "14.73",
            "revenue": 191963
        },
        "2021-05": {
            "month": "2021-05",
            "price": "12.80",
            "revenue": 197128
        },
        "2021-06": {
            "month": "2021-06",
            "price": "13.74",
            "revenue": 196218
        },
        "2021-07": {
            "month": "2021-07",
            "price": "13.97",
            "revenue": 198685
        },
        "2021-08": {
            "month": "2021-08",
            "price": "13.40",
            "revenue": 169711
        },
        "2021-09": {
            "month": "2021-09",
            "price": "12.41",
            "revenue": 197797
        },
        "2021-10": {
            "month": "2021-10",
            "price": "11.68",
            "revenue": 194002
        },
        "2021-11": {
            "month": "2021-11",
            "price": "13.10",
            "revenue": 193823
        },
        "2021-12": {
            "month": "2021-12",
            "price": "14.14",
            "revenue": 177771
        },
        "2022-01": {
            "month": "2022-01",
            "price": "13.18",
            "revenue": 180905
        },
        "2022-02": {
            "month": "2022-02",
            "price": "12.93",
            "revenue": 141287
        },
        "2022-03": {
            "month": "2022-03",
            "price": "12.60",
            "revenue": 187679
        },
        "2022-04": {
            "month": "2022-04",
            "price": "11.99",
            "revenue": 181098
        },
        "2022-05": {
            "month": "2022-05",
            "price": "11.02",
            "revenue": 193367
        },
        "2022-06": {
            "month": "2022-06",
            "price": "10.68",
            "revenue": 177511
        },
        "2022-07": {
            "month": "2022-07",
            "price": "9.53",
            "revenue": 124415
        },
        "2022-08": {
            "month": "2022-08",
            "price": "11.12",
            "revenue": 104049
        },
        "2022-09": {
            "month": "2022-09",
            "price": "9.89",
            "revenue": 99633
        },
        "2022-10": {
            "month": "2022-10",
            "price": "8.70",
            "revenue": 80826
        },
        "2022-11": {
            "month": "2022-11",
            "price": "8.67",
            "revenue": 89319
        },
        "2022-12": {
            "month": "2022-12",
            "price": "8.71",
            "revenue": 109419
        },
        "2023-01": {
            "month": "2023-01",
            "price": "8.94",
            "revenue": 81615
        },
        "2023-02": {
            "month": "2023-02",
            "price": "8.84",
            "revenue": 108258
        },
        "2023-03": {
            "month": "2023-03",
            "price": "6.65",
            "revenue": 127762
        },
        "2023-04": {
            "month": "2023-04",
            "price": "6.38",
            "revenue": 134122
        },
        "2023-05": {
            "month": "2023-05",
            "price": "6.26",
            "revenue": 141464
        },
        "2023-06": {
            "month": "2023-06",
            "price": "6.90",
            "revenue": 144795
        },
        "2023-07": {
            "month": "2023-07",
            "price": "6.87",
            "revenue": 152270
        },
        "2023-08": {
            "month": "2023-08",
            "price": "7.14",
            "revenue": 136819
        },
        "2023-09": {
            "month": "2023-09",
            "price": "14.90",
            "revenue": 136725
        },
        "2023-10": {
            "month": "2023-10",
            "price": "15.95",
            "revenue": 128999
        },
        "2023-11": {
            "month": "2023-11",
            "price": "15.82",
            "revenue": 131827
        },
        "2023-12": {
            "month": "2023-12",
            "price": "14.80",
            "revenue": 116557
        },
        "2024-01": {
            "month": "2024-01",
            "price": "13.67",
            "revenue": 152432
        },
        "2024-02": {
            "month": "2024-02",
            "price": "17.25",
            "revenue": 98927
        }
    }
}
