{
    "summary": {
        "stock_name": "建舜電",
        "stock_id": "3322",
        "category": "電子零組件",
        "main_business": "線裝類(含連接器)<br>電子產品<br>天線",
        "website_url": "http://www.jem.com.tw",
        "ceo": "黃欽基",
        "pe_ratio": 29,
        "report_year_from": 2003,
        "report_year_to": 2023,
        "age": 21,
        "eps_negative_percentage": 50,
        "eps_growth_avg": {
            "last_all": -51.72,
            "last_2y": -35.81,
            "last_4y": -57.21,
            "last_8y": -67.91,
            "last_12y": -67.91,
            "last_16y": -51.72,
            "last_20y": null,
            "at_2006_last_3y": null,
            "at_2007_last_3y": null,
            "at_2008_last_3y": null,
            "at_2009_last_3y": null,
            "at_2010_last_3y": -35.53,
            "at_2011_last_3y": -80.71,
            "at_2012_last_3y": -92.68,
            "at_2013_last_3y": -100,
            "at_2014_last_3y": null,
            "at_2015_last_3y": -100,
            "at_2016_last_3y": -100,
            "at_2017_last_3y": -100,
            "at_2018_last_3y": -100,
            "at_2019_last_3y": -100,
            "at_2020_last_3y": -100,
            "at_2021_last_3y": -100,
            "at_2022_last_3y": -58.57,
            "at_2023_last_3y": -35.81,
            "at_2024_last_3y": -35.81,
            "at_2006_last_all": null,
            "at_2007_last_all": null,
            "at_2008_last_all": 21.62,
            "at_2009_last_all": -14.04,
            "at_2010_last_all": -35.53,
            "at_2011_last_all": -35.53,
            "at_2012_last_all": -35.53,
            "at_2013_last_all": -35.53,
            "at_2014_last_all": -35.53,
            "at_2015_last_all": -48.42,
            "at_2016_last_all": -48.42,
            "at_2017_last_all": -48.42,
            "at_2018_last_all": -48.42,
            "at_2019_last_all": -57.02,
            "at_2020_last_all": -57.02,
            "at_2021_last_all": -57.02,
            "at_2022_last_all": -51.32,
            "at_2023_last_all": -51.72,
            "at_2024_last_all": -51.72
        },
        "latest_eps": 0.88,
        "latest_price": 25.4,
        "latest_roe": 6.81,
        "latest_gross_margin": 21.58,
        "latest_equity": 1405551,
        "latest_revenue": 894697,
        "latest_gross_profit": 193044,
        "latest_net_income": 78832,
        "latest_debt_ratio": 55.22,
        "latest_current_ratio": 126.32,
        "latest_account_receivable_turnover_ratio": 1.13,
        "latest_inventory_turnover_ratio": 1.95,
        "latest_reinvestment_rate": 158.27,
        "latest_research_to_sale_ratio": 3.87
    },
    "eps_dividends": {
        "2001": {
            "cash": 0,
            "stock": 0,
            "eps": 0
        },
        "2002": {
            "cash": 0,
            "stock": 0,
            "eps": 0
        },
        "2003": {
            "cash": 0,
            "stock": 0.6,
            "eps": 0
        },
        "2004": {
            "cash": 0,
            "stock": 0,
            "eps": 0
        },
        "2005": {
            "cash": 0.46,
            "stock": 0,
            "eps": 0
        },
        "2006": {
            "cash": 0.5,
            "stock": 0.5,
            "eps": 1.1
        },
        "2007": {
            "cash": 0.5,
            "stock": 0.5,
            "eps": 4.58
        },
        "2008": {
            "cash": 0.5,
            "stock": 1.5,
            "eps": 1.98
        },
        "2009": {
            "cash": 1.2,
            "stock": 0,
            "eps": 0.29
        },
        "2010": {
            "cash": 0.5,
            "stock": 0,
            "eps": -1.52
        },
        "2011": {
            "cash": 0,
            "stock": 0,
            "eps": -0.72
        },
        "2012": {
            "cash": 0,
            "stock": 0,
            "eps": -1.32
        },
        "2013": {
            "cash": 0,
            "stock": 0,
            "eps": -0.31
        },
        "2014": {
            "cash": 0,
            "stock": 0,
            "eps": 0.26
        },
        "2015": {
            "cash": 0.37,
            "stock": 0.13,
            "eps": -1.24
        },
        "2016": {
            "cash": 0,
            "stock": 0,
            "eps": -1.13
        },
        "2017": {
            "cash": 0,
            "stock": 0,
            "eps": -1.29
        },
        "2018": {
            "cash": 0,
            "stock": 0,
            "eps": 3.69
        },
        "2019": {
            "cash": 0.25,
            "stock": 0,
            "eps": -0.91
        },
        "2020": {
            "cash": 0,
            "stock": 0,
            "eps": -0.41
        },
        "2021": {
            "cash": 0,
            "stock": 0,
            "eps": 1.75
        },
        "2022": {
            "cash": 0.6,
            "stock": 0,
            "eps": 1.45
        },
        "2023": {
            "cash": 0.6,
            "stock": 0,
            "eps": 0.66
        }
    },
    "dividends": {
        "2003-06-27": {
            "cash": 0,
            "stock": 0.6
        },
        "2005-04-28": {
            "cash": 0.46,
            "stock": 0
        },
        "2006-04-25": {
            "cash": 0.5,
            "stock": 0.5
        },
        "2007-04-24": {
            "cash": 0.5,
            "stock": 0.5
        },
        "2008-04-23": {
            "cash": 0.5,
            "stock": 1.5
        },
        "2009-03-31": {
            "cash": 1.2,
            "stock": 0
        },
        "2010-06-15": {
            "cash": 0.5,
            "stock": 0
        },
        "2015-10-15": {
            "cash": 0.37,
            "stock": 0.13
        },
        "2019-10-25": {
            "cash": 0.25,
            "stock": 0
        },
        "2022-10-05": {
            "cash": 0.6,
            "stock": 0
        },
        "2023-09-27": {
            "cash": 0.6,
            "stock": 0
        }
    },
    "prices": {
        "200101": "無",
        "200102": "無",
        "200103": "無",
        "200104": "無",
        "200105": "無",
        "200106": "無",
        "200107": "無",
        "200108": "無",
        "200109": "無",
        "200110": "無",
        "200111": "無",
        "200112": "無",
        "200201": "無",
        "200202": "無",
        "200203": "無",
        "200204": "無",
        "200205": "無",
        "200206": "無",
        "200207": "無",
        "200208": "無",
        "200209": "無",
        "200210": "無",
        "200211": "無",
        "200212": "無",
        "200301": "無",
        "200302": "無",
        "200303": "無",
        "200304": "無",
        "200305": "無",
        "200306": "無",
        "200307": "無",
        "200308": "無",
        "200309": "無",
        "200310": "無",
        "200311": "無",
        "200312": "無",
        "200401": "無",
        "200402": "無",
        "200403": "無",
        "200404": "無",
        "200405": "無",
        "200406": "無",
        "200407": "無",
        "200408": "無",
        "200409": "22.95",
        "200410": "23.01",
        "200411": "23.12",
        "200412": "22.90",
        "200501": "22.50",
        "200502": "20.00",
        "200503": "21.05",
        "200504": "23.75",
        "200505": "26.05",
        "200506": "無",
        "200507": "19.42",
        "200508": "16.82",
        "200509": "20.24",
        "200510": "22.24",
        "200511": "21.84",
        "200512": "20.60",
        "200601": "18.37",
        "200602": "19.00",
        "200603": "22.01",
        "200604": "22.80",
        "200605": "無",
        "200606": "24.01",
        "200607": "無",
        "200608": "23.84",
        "200609": "22.50",
        "200610": "無",
        "200611": "21.17",
        "200612": "26.63",
        "200701": "26.49",
        "200702": "28.01",
        "200703": "28.75",
        "200704": "29.63",
        "200705": "28.47",
        "200706": "34.97",
        "200707": "43.06",
        "200708": "49.84",
        "200709": "46.58",
        "200710": "45.02",
        "200711": "39.67",
        "200712": "30.29",
        "200801": "26.45",
        "200802": "26.00",
        "200803": "26.46",
        "200804": "30.93",
        "200805": "32.67",
        "200806": "29.43",
        "200807": "28.02",
        "200808": "25.34",
        "200809": "20.31",
        "200810": "13.85",
        "200811": "13.02",
        "200812": "12.11",
        "200901": "11.51",
        "200902": "11.95",
        "200903": "14.51",
        "200904": "18.39",
        "200905": "24.26",
        "200906": "20.85",
        "200907": "20.98",
        "200908": "21.11",
        "200909": "21.17",
        "200910": "23.52",
        "200911": "21.57",
        "200912": "23.20",
        "201001": "25.64",
        "201002": "23.61",
        "201003": "25.54",
        "201004": "24.32",
        "201005": "19.67",
        "201006": "18.53",
        "201007": "18.74",
        "201008": "19.08",
        "201009": "19.19",
        "201010": "18.13",
        "201011": "16.05",
        "201012": "17.42",
        "201101": "16.92",
        "201102": "16.05",
        "201103": "14.38",
        "201104": "14.47",
        "201105": "14.07",
        "201106": "13.34",
        "201107": "12.75",
        "201108": "11.55",
        "201109": "11.45",
        "201110": "11.92",
        "201111": "10.88",
        "201112": "8.27",
        "201201": "7.95",
        "201202": "10.24",
        "201203": "10.60",
        "201204": "9.19",
        "201205": "8.91",
        "201206": "8.26",
        "201207": "8.55",
        "201208": "8.43",
        "201209": "8.81",
        "201210": "8.21",
        "201211": "7.95",
        "201212": "7.67",
        "201301": "7.76",
        "201302": "8.02",
        "201303": "9.08",
        "201304": "9.78",
        "201305": "10.17",
        "201306": "10.01",
        "201307": "9.68",
        "201308": "8.85",
        "201309": "8.45",
        "201310": "8.15",
        "201311": "8.19",
        "201312": "8.26",
        "201401": "8.77",
        "201402": "9.65",
        "201403": "9.96",
        "201404": "9.98",
        "201405": "9.56",
        "201406": "11.13",
        "201407": "12.95",
        "201408": "11.40",
        "201409": "11.11",
        "201410": "10.58",
        "201411": "10.18",
        "201412": "11.71",
        "201501": "11.69",
        "201502": "11.38",
        "201503": "11.67",
        "201504": "12.22",
        "201505": "10.36",
        "201506": "9.89",
        "201507": "8.97",
        "201508": "7.27",
        "201509": "6.96",
        "201510": "9.98",
        "201511": "11.24",
        "201512": "11.24",
        "201601": "9.45",
        "201602": "10.43",
        "201603": "11.42",
        "201604": "10.46",
        "201605": "10.12",
        "201606": "10.24",
        "201607": "9.92",
        "201608": "9.47",
        "201609": "8.62",
        "201610": "8.10",
        "201611": "7.82",
        "201612": "7.63",
        "201701": "7.52",
        "201702": "8.18",
        "201703": "8.13",
        "201704": "7.80",
        "201705": "7.88",
        "201706": "7.89",
        "201707": "7.72",
        "201708": "7.53",
        "201709": "8.68",
        "201710": "10.94",
        "201711": "10.89",
        "201712": "10.14",
        "201801": "9.16",
        "201802": "8.83",
        "201803": "9.42",
        "201804": "8.60",
        "201805": "8.05",
        "201806": "9.14",
        "201807": "8.49",
        "201808": "9.14",
        "201809": "8.98",
        "201810": "8.73",
        "201811": "9.60",
        "201812": "11.85",
        "201901": "13.51",
        "201902": "12.94",
        "201903": "12.10",
        "201904": "11.26",
        "201905": "9.88",
        "201906": "8.73",
        "201907": "9.09",
        "201908": "8.71",
        "201909": "8.90",
        "201910": "9.05",
        "201911": "8.68",
        "201912": "8.32",
        "202001": "7.87",
        "202002": "7.09",
        "202003": "5.73",
        "202004": "5.95",
        "202005": "6.74",
        "202006": "6.72",
        "202007": "7.45",
        "202008": "7.33",
        "202009": "8.01",
        "202010": "8.01",
        "202011": "7.86",
        "202012": "10.48",
        "202101": "12.34",
        "202102": "14.13",
        "202103": "17.50",
        "202104": "22.94",
        "202105": "18.40",
        "202106": "17.10",
        "202107": "16.82",
        "202108": "16.23",
        "202109": "15.52",
        "202110": "15.28",
        "202111": "17.06",
        "202112": "22.99",
        "202201": "23.74",
        "202202": "22.90",
        "202203": "23.69",
        "202204": "21.32",
        "202205": "20.18",
        "202206": "18.24",
        "202207": "16.83",
        "202208": "19.48",
        "202209": "20.19",
        "202210": "17.05",
        "202211": "19.74",
        "202212": "19.88",
        "202301": "19.03",
        "202302": "20.61",
        "202303": "21.38",
        "202304": "22.52",
        "202305": "20.31",
        "202306": "19.89",
        "202307": "21.33",
        "202308": "21.62",
        "202309": "22.60",
        "202310": "24.43",
        "202311": "24.50",
        "202312": "22.51"
    },
    "quarters": {
        "20011": {
            "year_quarter": 20011,
            "year": 2001,
            "quarter": 1,
            "eps": null,
            "eps_growth_year": null,
            "eps_4q": null,
            "eps_4q_growth_year": null,
            "roe": null,
            "roe_4q": 0,
            "gross_profit": null,
            "gross_margin": null,
            "gross_margin_4q_avg": 0,
            "net_income": null,
            "net_income_4q": null,
            "revenue": null,
            "revenue_4q": null,
            "common_shares": null,
            "book_valuer_per_share": null,
            "book_valuer_per_share_4q_avg": 0,
            "equity": null,
            "current_ratio": null,
            "debt_ratio": null,
            "inventory_turnover_ratio": null,
            "account_receivable_turnover_ratio": null,
            "reinvestment_rate": null,
            "research_to_sale_ratio": null,
            "price_fair": 0,
            "eps_avg_yearly": 0,
            "eps_latest_yearly": 0,
            "eps_growth_yearly": 0
        },
        "20012": {
            "year_quarter": 20012,
            "year": 2001,
            "quarter": 2,
            "eps": null,
            "eps_growth_year": null,
            "eps_4q": null,
            "eps_4q_growth_year": null,
            "roe": null,
            "roe_4q": 0,
            "gross_profit": null,
            "gross_margin": null,
            "gross_margin_4q_avg": 0,
            "net_income": null,
            "net_income_4q": null,
            "revenue": null,
            "revenue_4q": null,
            "common_shares": null,
            "book_valuer_per_share": null,
            "book_valuer_per_share_4q_avg": 0,
            "equity": null,
            "current_ratio": null,
            "debt_ratio": null,
            "inventory_turnover_ratio": null,
            "account_receivable_turnover_ratio": null,
            "reinvestment_rate": null,
            "research_to_sale_ratio": null,
            "price_fair": 0,
            "eps_avg_yearly": 0,
            "eps_latest_yearly": 0,
            "eps_growth_yearly": 0
        },
        "20013": {
            "year_quarter": 20013,
            "year": 2001,
            "quarter": 3,
            "eps": null,
            "eps_growth_year": null,
            "eps_4q": null,
            "eps_4q_growth_year": null,
            "roe": null,
            "roe_4q": 0,
            "gross_profit": null,
            "gross_margin": null,
            "gross_margin_4q_avg": 0,
            "net_income": null,
            "net_income_4q": null,
            "revenue": null,
            "revenue_4q": null,
            "common_shares": null,
            "book_valuer_per_share": null,
            "book_valuer_per_share_4q_avg": 0,
            "equity": null,
            "current_ratio": null,
            "debt_ratio": null,
            "inventory_turnover_ratio": null,
            "account_receivable_turnover_ratio": null,
            "reinvestment_rate": null,
            "research_to_sale_ratio": null,
            "price_fair": 0,
            "eps_avg_yearly": 0,
            "eps_latest_yearly": 0,
            "eps_growth_yearly": 0
        },
        "20014": {
            "year_quarter": 20014,
            "year": 2001,
            "quarter": 4,
            "eps": null,
            "eps_growth_year": null,
            "eps_4q": null,
            "eps_4q_growth_year": null,
            "roe": null,
            "roe_4q": 0,
            "gross_profit": null,
            "gross_margin": null,
            "gross_margin_4q_avg": 0,
            "net_income": null,
            "net_income_4q": null,
            "revenue": null,
            "revenue_4q": null,
            "common_shares": 287000,
            "book_valuer_per_share": 13.65,
            "book_valuer_per_share_4q_avg": 3.41,
            "equity": 391828,
            "current_ratio": 215.76,
            "debt_ratio": 38.61,
            "inventory_turnover_ratio": null,
            "account_receivable_turnover_ratio": null,
            "reinvestment_rate": null,
            "research_to_sale_ratio": null,
            "price_fair": 0,
            "eps_avg_yearly": 0,
            "eps_latest_yearly": 0,
            "eps_growth_yearly": 0
        },
        "20021": {
            "year_quarter": 20021,
            "year": 2002,
            "quarter": 1,
            "eps": null,
            "eps_growth_year": null,
            "eps_4q": null,
            "eps_4q_growth_year": null,
            "roe": null,
            "roe_4q": 0,
            "gross_profit": null,
            "gross_margin": null,
            "gross_margin_4q_avg": 0,
            "net_income": null,
            "net_income_4q": null,
            "revenue": null,
            "revenue_4q": null,
            "common_shares": null,
            "book_valuer_per_share": null,
            "book_valuer_per_share_4q_avg": 3.41,
            "equity": null,
            "current_ratio": null,
            "debt_ratio": null,
            "inventory_turnover_ratio": null,
            "account_receivable_turnover_ratio": null,
            "reinvestment_rate": null,
            "research_to_sale_ratio": null,
            "price_fair": 0,
            "eps_avg_yearly": 0,
            "eps_latest_yearly": 0,
            "eps_growth_yearly": 0
        },
        "20022": {
            "year_quarter": 20022,
            "year": 2002,
            "quarter": 2,
            "eps": null,
            "eps_growth_year": null,
            "eps_4q": null,
            "eps_4q_growth_year": null,
            "roe": null,
            "roe_4q": 0,
            "gross_profit": null,
            "gross_margin": null,
            "gross_margin_4q_avg": 0,
            "net_income": null,
            "net_income_4q": null,
            "revenue": null,
            "revenue_4q": null,
            "common_shares": null,
            "book_valuer_per_share": null,
            "book_valuer_per_share_4q_avg": 3.41,
            "equity": null,
            "current_ratio": null,
            "debt_ratio": null,
            "inventory_turnover_ratio": null,
            "account_receivable_turnover_ratio": null,
            "reinvestment_rate": null,
            "research_to_sale_ratio": null,
            "price_fair": 0,
            "eps_avg_yearly": 0,
            "eps_latest_yearly": 0,
            "eps_growth_yearly": 0
        },
        "20023": {
            "year_quarter": 20023,
            "year": 2002,
            "quarter": 3,
            "eps": null,
            "eps_growth_year": null,
            "eps_4q": null,
            "eps_4q_growth_year": null,
            "roe": null,
            "roe_4q": 0,
            "gross_profit": null,
            "gross_margin": null,
            "gross_margin_4q_avg": 0,
            "net_income": null,
            "net_income_4q": null,
            "revenue": null,
            "revenue_4q": null,
            "common_shares": null,
            "book_valuer_per_share": null,
            "book_valuer_per_share_4q_avg": 3.41,
            "equity": null,
            "current_ratio": null,
            "debt_ratio": null,
            "inventory_turnover_ratio": null,
            "account_receivable_turnover_ratio": null,
            "reinvestment_rate": null,
            "research_to_sale_ratio": null,
            "price_fair": 0,
            "eps_avg_yearly": 0,
            "eps_latest_yearly": 0,
            "eps_growth_yearly": 0
        },
        "20024": {
            "year_quarter": 20024,
            "year": 2002,
            "quarter": 4,
            "eps": null,
            "eps_growth_year": null,
            "eps_4q": null,
            "eps_4q_growth_year": null,
            "roe": null,
            "roe_4q": 0,
            "gross_profit": null,
            "gross_margin": null,
            "gross_margin_4q_avg": 0,
            "net_income": null,
            "net_income_4q": null,
            "revenue": null,
            "revenue_4q": null,
            "common_shares": 330050,
            "book_valuer_per_share": 11.11,
            "book_valuer_per_share_4q_avg": 2.78,
            "equity": 366533,
            "current_ratio": 199.69,
            "debt_ratio": 38.57,
            "inventory_turnover_ratio": null,
            "account_receivable_turnover_ratio": null,
            "reinvestment_rate": null,
            "research_to_sale_ratio": null,
            "price_fair": 0,
            "eps_avg_yearly": 0,
            "eps_latest_yearly": 0,
            "eps_growth_yearly": 0
        },
        "20031": {
            "year_quarter": 20031,
            "year": 2003,
            "quarter": 1,
            "eps": null,
            "eps_growth_year": null,
            "eps_4q": null,
            "eps_4q_growth_year": null,
            "roe": null,
            "roe_4q": 0,
            "gross_profit": null,
            "gross_margin": null,
            "gross_margin_4q_avg": 0,
            "net_income": null,
            "net_income_4q": null,
            "revenue": null,
            "revenue_4q": null,
            "common_shares": null,
            "book_valuer_per_share": null,
            "book_valuer_per_share_4q_avg": 2.78,
            "equity": null,
            "current_ratio": null,
            "debt_ratio": null,
            "inventory_turnover_ratio": null,
            "account_receivable_turnover_ratio": null,
            "reinvestment_rate": null,
            "research_to_sale_ratio": null,
            "price_fair": 0,
            "eps_avg_yearly": 0,
            "eps_latest_yearly": 0,
            "eps_growth_yearly": 0
        },
        "20032": {
            "year_quarter": 20032,
            "year": 2003,
            "quarter": 2,
            "eps": null,
            "eps_growth_year": null,
            "eps_4q": null,
            "eps_4q_growth_year": null,
            "roe": null,
            "roe_4q": 0,
            "gross_profit": null,
            "gross_margin": null,
            "gross_margin_4q_avg": 0,
            "net_income": null,
            "net_income_4q": null,
            "revenue": null,
            "revenue_4q": null,
            "common_shares": null,
            "book_valuer_per_share": null,
            "book_valuer_per_share_4q_avg": 2.78,
            "equity": null,
            "current_ratio": null,
            "debt_ratio": null,
            "inventory_turnover_ratio": null,
            "account_receivable_turnover_ratio": null,
            "reinvestment_rate": null,
            "research_to_sale_ratio": null,
            "price_fair": 0,
            "eps_avg_yearly": 0,
            "eps_latest_yearly": 0,
            "eps_growth_yearly": 0
        },
        "20033": {
            "year_quarter": 20033,
            "year": 2003,
            "quarter": 3,
            "eps": null,
            "eps_growth_year": null,
            "eps_4q": null,
            "eps_4q_growth_year": null,
            "roe": null,
            "roe_4q": 0,
            "gross_profit": null,
            "gross_margin": null,
            "gross_margin_4q_avg": 0,
            "net_income": null,
            "net_income_4q": null,
            "revenue": null,
            "revenue_4q": null,
            "common_shares": null,
            "book_valuer_per_share": null,
            "book_valuer_per_share_4q_avg": 2.78,
            "equity": null,
            "current_ratio": null,
            "debt_ratio": null,
            "inventory_turnover_ratio": null,
            "account_receivable_turnover_ratio": null,
            "reinvestment_rate": null,
            "research_to_sale_ratio": null,
            "price_fair": 0,
            "eps_avg_yearly": 0,
            "eps_latest_yearly": 0,
            "eps_growth_yearly": 0
        },
        "20034": {
            "year_quarter": 20034,
            "year": 2003,
            "quarter": 4,
            "eps": null,
            "eps_growth_year": null,
            "eps_4q": null,
            "eps_4q_growth_year": null,
            "roe": null,
            "roe_4q": 0,
            "gross_profit": null,
            "gross_margin": null,
            "gross_margin_4q_avg": 0,
            "net_income": null,
            "net_income_4q": null,
            "revenue": null,
            "revenue_4q": null,
            "common_shares": 350000,
            "book_valuer_per_share": 12.09,
            "book_valuer_per_share_4q_avg": 3.02,
            "equity": 423250,
            "current_ratio": 179.5,
            "debt_ratio": 42.73,
            "inventory_turnover_ratio": null,
            "account_receivable_turnover_ratio": null,
            "reinvestment_rate": null,
            "research_to_sale_ratio": null,
            "price_fair": 0,
            "eps_avg_yearly": 0,
            "eps_latest_yearly": 0,
            "eps_growth_yearly": 0
        },
        "20041": {
            "year_quarter": 20041,
            "year": 2004,
            "quarter": 1,
            "eps": null,
            "eps_growth_year": null,
            "eps_4q": null,
            "eps_4q_growth_year": null,
            "roe": null,
            "roe_4q": 0,
            "gross_profit": null,
            "gross_margin": null,
            "gross_margin_4q_avg": 0,
            "net_income": null,
            "net_income_4q": null,
            "revenue": null,
            "revenue_4q": null,
            "common_shares": null,
            "book_valuer_per_share": null,
            "book_valuer_per_share_4q_avg": 3.02,
            "equity": null,
            "current_ratio": null,
            "debt_ratio": null,
            "inventory_turnover_ratio": null,
            "account_receivable_turnover_ratio": null,
            "reinvestment_rate": null,
            "research_to_sale_ratio": null,
            "price_fair": 0,
            "eps_avg_yearly": 0,
            "eps_latest_yearly": 0,
            "eps_growth_yearly": 0
        },
        "20042": {
            "year_quarter": 20042,
            "year": 2004,
            "quarter": 2,
            "eps": null,
            "eps_growth_year": null,
            "eps_4q": null,
            "eps_4q_growth_year": null,
            "roe": null,
            "roe_4q": 0,
            "gross_profit": null,
            "gross_margin": null,
            "gross_margin_4q_avg": 0,
            "net_income": null,
            "net_income_4q": null,
            "revenue": null,
            "revenue_4q": null,
            "common_shares": null,
            "book_valuer_per_share": null,
            "book_valuer_per_share_4q_avg": 3.02,
            "equity": null,
            "current_ratio": null,
            "debt_ratio": null,
            "inventory_turnover_ratio": null,
            "account_receivable_turnover_ratio": null,
            "reinvestment_rate": null,
            "research_to_sale_ratio": null,
            "price_fair": 0,
            "eps_avg_yearly": 0,
            "eps_latest_yearly": 0,
            "eps_growth_yearly": 0
        },
        "20043": {
            "year_quarter": 20043,
            "year": 2004,
            "quarter": 3,
            "eps": null,
            "eps_growth_year": null,
            "eps_4q": null,
            "eps_4q_growth_year": null,
            "roe": null,
            "roe_4q": 0,
            "gross_profit": null,
            "gross_margin": null,
            "gross_margin_4q_avg": 0,
            "net_income": null,
            "net_income_4q": null,
            "revenue": null,
            "revenue_4q": null,
            "common_shares": null,
            "book_valuer_per_share": null,
            "book_valuer_per_share_4q_avg": 3.02,
            "equity": null,
            "current_ratio": null,
            "debt_ratio": null,
            "inventory_turnover_ratio": null,
            "account_receivable_turnover_ratio": null,
            "reinvestment_rate": null,
            "research_to_sale_ratio": null,
            "price_fair": 0,
            "eps_avg_yearly": 0,
            "eps_latest_yearly": 0,
            "eps_growth_yearly": 0
        },
        "20044": {
            "year_quarter": 20044,
            "year": 2004,
            "quarter": 4,
            "eps": null,
            "eps_growth_year": null,
            "eps_4q": null,
            "eps_4q_growth_year": null,
            "roe": null,
            "roe_4q": 0,
            "gross_profit": null,
            "gross_margin": null,
            "gross_margin_4q_avg": 0,
            "net_income": null,
            "net_income_4q": null,
            "revenue": null,
            "revenue_4q": null,
            "common_shares": 412000,
            "book_valuer_per_share": 11.51,
            "book_valuer_per_share_4q_avg": 2.88,
            "equity": 474010,
            "current_ratio": 212.72,
            "debt_ratio": 39.53,
            "inventory_turnover_ratio": null,
            "account_receivable_turnover_ratio": null,
            "reinvestment_rate": null,
            "research_to_sale_ratio": null,
            "price_fair": 0,
            "eps_avg_yearly": 0,
            "eps_latest_yearly": 0,
            "eps_growth_yearly": 0
        },
        "20051": {
            "year_quarter": 20051,
            "year": 2005,
            "quarter": 1,
            "eps": null,
            "eps_growth_year": null,
            "eps_4q": null,
            "eps_4q_growth_year": null,
            "roe": null,
            "roe_4q": 0,
            "gross_profit": null,
            "gross_margin": null,
            "gross_margin_4q_avg": 0,
            "net_income": null,
            "net_income_4q": null,
            "revenue": null,
            "revenue_4q": null,
            "common_shares": null,
            "book_valuer_per_share": null,
            "book_valuer_per_share_4q_avg": 2.88,
            "equity": null,
            "current_ratio": null,
            "debt_ratio": null,
            "inventory_turnover_ratio": null,
            "account_receivable_turnover_ratio": null,
            "reinvestment_rate": null,
            "research_to_sale_ratio": null,
            "price_fair": 0,
            "eps_avg_yearly": 0,
            "eps_latest_yearly": 0,
            "eps_growth_yearly": 0
        },
        "20052": {
            "year_quarter": 20052,
            "year": 2005,
            "quarter": 2,
            "eps": null,
            "eps_growth_year": null,
            "eps_4q": null,
            "eps_4q_growth_year": null,
            "roe": null,
            "roe_4q": 0,
            "gross_profit": null,
            "gross_margin": null,
            "gross_margin_4q_avg": 0,
            "net_income": null,
            "net_income_4q": null,
            "revenue": null,
            "revenue_4q": null,
            "common_shares": null,
            "book_valuer_per_share": null,
            "book_valuer_per_share_4q_avg": 2.88,
            "equity": null,
            "current_ratio": null,
            "debt_ratio": null,
            "inventory_turnover_ratio": null,
            "account_receivable_turnover_ratio": null,
            "reinvestment_rate": null,
            "research_to_sale_ratio": null,
            "price_fair": 0,
            "eps_avg_yearly": 0,
            "eps_latest_yearly": 0,
            "eps_growth_yearly": 0
        },
        "20053": {
            "year_quarter": 20053,
            "year": 2005,
            "quarter": 3,
            "eps": null,
            "eps_growth_year": null,
            "eps_4q": null,
            "eps_4q_growth_year": null,
            "roe": null,
            "roe_4q": 0,
            "gross_profit": null,
            "gross_margin": null,
            "gross_margin_4q_avg": 0,
            "net_income": null,
            "net_income_4q": null,
            "revenue": null,
            "revenue_4q": null,
            "common_shares": null,
            "book_valuer_per_share": null,
            "book_valuer_per_share_4q_avg": 2.88,
            "equity": null,
            "current_ratio": null,
            "debt_ratio": null,
            "inventory_turnover_ratio": null,
            "account_receivable_turnover_ratio": null,
            "reinvestment_rate": null,
            "research_to_sale_ratio": null,
            "price_fair": 0,
            "eps_avg_yearly": 0,
            "eps_latest_yearly": 0,
            "eps_growth_yearly": 0
        },
        "20054": {
            "year_quarter": 20054,
            "year": 2005,
            "quarter": 4,
            "eps": null,
            "eps_growth_year": null,
            "eps_4q": null,
            "eps_4q_growth_year": null,
            "roe": null,
            "roe_4q": 0,
            "gross_profit": null,
            "gross_margin": null,
            "gross_margin_4q_avg": 0,
            "net_income": null,
            "net_income_4q": null,
            "revenue": null,
            "revenue_4q": null,
            "common_shares": 412000,
            "book_valuer_per_share": 12.24,
            "book_valuer_per_share_4q_avg": 3.06,
            "equity": 544872,
            "current_ratio": 162.8,
            "debt_ratio": 50.71,
            "inventory_turnover_ratio": null,
            "account_receivable_turnover_ratio": null,
            "reinvestment_rate": null,
            "research_to_sale_ratio": null,
            "price_fair": 0,
            "eps_avg_yearly": 0,
            "eps_latest_yearly": 0,
            "eps_growth_yearly": 0
        },
        "20061": {
            "year_quarter": 20061,
            "year": 2006,
            "quarter": 1,
            "eps": null,
            "eps_growth_year": null,
            "eps_4q": null,
            "eps_4q_growth_year": null,
            "roe": null,
            "roe_4q": 0,
            "gross_profit": null,
            "gross_margin": null,
            "gross_margin_4q_avg": 0,
            "net_income": null,
            "net_income_4q": null,
            "revenue": null,
            "revenue_4q": null,
            "common_shares": null,
            "book_valuer_per_share": null,
            "book_valuer_per_share_4q_avg": 3.06,
            "equity": null,
            "current_ratio": null,
            "debt_ratio": null,
            "inventory_turnover_ratio": null,
            "account_receivable_turnover_ratio": null,
            "reinvestment_rate": null,
            "research_to_sale_ratio": null,
            "price_fair": 0,
            "eps_avg_yearly": 0,
            "eps_latest_yearly": 0,
            "eps_growth_yearly": 0
        },
        "20062": {
            "year_quarter": 20062,
            "year": 2006,
            "quarter": 2,
            "eps": null,
            "eps_growth_year": null,
            "eps_4q": null,
            "eps_4q_growth_year": null,
            "roe": null,
            "roe_4q": 0,
            "gross_profit": null,
            "gross_margin": null,
            "gross_margin_4q_avg": 0,
            "net_income": null,
            "net_income_4q": null,
            "revenue": null,
            "revenue_4q": null,
            "common_shares": null,
            "book_valuer_per_share": null,
            "book_valuer_per_share_4q_avg": 3.06,
            "equity": null,
            "current_ratio": null,
            "debt_ratio": null,
            "inventory_turnover_ratio": null,
            "account_receivable_turnover_ratio": null,
            "reinvestment_rate": null,
            "research_to_sale_ratio": null,
            "price_fair": 0,
            "eps_avg_yearly": 0,
            "eps_latest_yearly": 0,
            "eps_growth_yearly": 0
        },
        "20063": {
            "year_quarter": 20063,
            "year": 2006,
            "quarter": 3,
            "eps": 0.77,
            "eps_growth_year": null,
            "eps_4q": null,
            "eps_4q_growth_year": null,
            "roe": 6.4,
            "roe_4q": 6.4,
            "gross_profit": 45549,
            "gross_margin": 6.94,
            "gross_margin_4q_avg": 1.74,
            "net_income": 33751,
            "net_income_4q": null,
            "revenue": 656456,
            "revenue_4q": null,
            "common_shares": 436000,
            "book_valuer_per_share": 12.09,
            "book_valuer_per_share_4q_avg": 6.08,
            "equity": 527265,
            "current_ratio": 119.64,
            "debt_ratio": 64.89,
            "inventory_turnover_ratio": 2.12,
            "account_receivable_turnover_ratio": null,
            "reinvestment_rate": null,
            "research_to_sale_ratio": null,
            "price_fair": 0,
            "eps_avg_yearly": 0,
            "eps_latest_yearly": 0,
            "eps_growth_yearly": 0
        },
        "20064": {
            "year_quarter": 20064,
            "year": 2006,
            "quarter": 4,
            "eps": 0.33,
            "eps_growth_year": null,
            "eps_4q": null,
            "eps_4q_growth_year": null,
            "roe": 2.5,
            "roe_4q": 8.9,
            "gross_profit": 90376,
            "gross_margin": 12.42,
            "gross_margin_4q_avg": 4.84,
            "net_income": 14383,
            "net_income_4q": null,
            "revenue": 727478,
            "revenue_4q": null,
            "common_shares": 436000,
            "book_valuer_per_share": 12.44,
            "book_valuer_per_share_4q_avg": 6.13,
            "equity": 625702,
            "current_ratio": 127.85,
            "debt_ratio": 68.16,
            "inventory_turnover_ratio": 2.13,
            "account_receivable_turnover_ratio": null,
            "reinvestment_rate": null,
            "research_to_sale_ratio": null,
            "price_fair": 3.96,
            "eps_avg_yearly": 1.32,
            "eps_latest_yearly": 1.32,
            "eps_growth_yearly": -228.57
        },
        "20071": {
            "year_quarter": 20071,
            "year": 2007,
            "quarter": 1,
            "eps": 0.98,
            "eps_growth_year": null,
            "eps_4q": null,
            "eps_4q_growth_year": null,
            "roe": 7.04,
            "roe_4q": 15.94,
            "gross_profit": 77885,
            "gross_margin": 13.17,
            "gross_margin_4q_avg": 8.13,
            "net_income": 42658,
            "net_income_4q": null,
            "revenue": 591236,
            "revenue_4q": null,
            "common_shares": 436000,
            "book_valuer_per_share": 13.43,
            "book_valuer_per_share_4q_avg": 9.49,
            "equity": 585375,
            "current_ratio": 118.83,
            "debt_ratio": 66.6,
            "inventory_turnover_ratio": 1.58,
            "account_receivable_turnover_ratio": null,
            "reinvestment_rate": null,
            "research_to_sale_ratio": null,
            "price_fair": 91.7,
            "eps_avg_yearly": 2.62,
            "eps_latest_yearly": 3.92,
            "eps_growth_yearly": 279.65
        },
        "20072": {
            "year_quarter": 20072,
            "year": 2007,
            "quarter": 2,
            "eps": 1.02,
            "eps_growth_year": null,
            "eps_4q": 3.11,
            "eps_4q_growth_year": null,
            "roe": 7.46,
            "roe_4q": 23.4,
            "gross_profit": 116234,
            "gross_margin": 13.73,
            "gross_margin_4q_avg": 11.57,
            "net_income": 44255,
            "net_income_4q": null,
            "revenue": 846571,
            "revenue_4q": null,
            "common_shares": 436000,
            "book_valuer_per_share": 13.79,
            "book_valuer_per_share_4q_avg": 12.94,
            "equity": 601114,
            "current_ratio": 118.27,
            "debt_ratio": 67.23,
            "inventory_turnover_ratio": 2.1,
            "account_receivable_turnover_ratio": null,
            "reinvestment_rate": null,
            "research_to_sale_ratio": null,
            "price_fair": 108.73,
            "eps_avg_yearly": 3.11,
            "eps_latest_yearly": 4.08,
            "eps_growth_yearly": 191.88
        },
        "20073": {
            "year_quarter": 20073,
            "year": 2007,
            "quarter": 3,
            "eps": 1.29,
            "eps_growth_year": 67.53,
            "eps_4q": 3.44,
            "eps_4q_growth_year": null,
            "roe": 8.91,
            "roe_4q": 25.91,
            "gross_profit": 125207,
            "gross_margin": 13.48,
            "gross_margin_4q_avg": 13.2,
            "net_income": 60903,
            "net_income_4q": null,
            "revenue": 928999,
            "revenue_4q": null,
            "common_shares": 502800,
            "book_valuer_per_share": 15.24,
            "book_valuer_per_share_4q_avg": 13.73,
            "equity": 766062,
            "current_ratio": 127.79,
            "debt_ratio": 64.24,
            "inventory_turnover_ratio": 2.02,
            "account_receivable_turnover_ratio": null,
            "reinvestment_rate": null,
            "research_to_sale_ratio": null,
            "price_fair": 126.7,
            "eps_avg_yearly": 3.62,
            "eps_latest_yearly": 5.16,
            "eps_growth_yearly": 170.38
        },
        "20074": {
            "year_quarter": 20074,
            "year": 2007,
            "quarter": 4,
            "eps": 1.29,
            "eps_growth_year": 290.91,
            "eps_4q": 4.36,
            "eps_4q_growth_year": null,
            "roe": 7.22,
            "roe_4q": 30.63,
            "gross_profit": 123851,
            "gross_margin": 13.51,
            "gross_margin_4q_avg": 13.47,
            "net_income": 62040,
            "net_income_4q": null,
            "revenue": 916414,
            "revenue_4q": null,
            "common_shares": 502800,
            "book_valuer_per_share": 16.47,
            "book_valuer_per_share_4q_avg": 14.73,
            "equity": 951603,
            "current_ratio": 159.49,
            "debt_ratio": 59.51,
            "inventory_turnover_ratio": 1.74,
            "account_receivable_turnover_ratio": null,
            "reinvestment_rate": null,
            "research_to_sale_ratio": null,
            "price_fair": 137.48,
            "eps_avg_yearly": 3.93,
            "eps_latest_yearly": 5.16,
            "eps_growth_yearly": 136.3
        },
        "20081": {
            "year_quarter": 20081,
            "year": 2008,
            "quarter": 1,
            "eps": 0.65,
            "eps_growth_year": -33.67,
            "eps_4q": 5.17,
            "eps_4q_growth_year": null,
            "roe": 2.5,
            "roe_4q": 26.09,
            "gross_profit": 154165,
            "gross_margin": 15.99,
            "gross_margin_4q_avg": 14.18,
            "net_income": 25340,
            "net_income_4q": null,
            "revenue": 964073,
            "revenue_4q": null,
            "common_shares": 542800,
            "book_valuer_per_share": 17.81,
            "book_valuer_per_share_4q_avg": 15.83,
            "equity": 1078811,
            "current_ratio": 171.71,
            "debt_ratio": 55.31,
            "inventory_turnover_ratio": 1.68,
            "account_receivable_turnover_ratio": null,
            "reinvestment_rate": null,
            "research_to_sale_ratio": null,
            "price_fair": 129.73,
            "eps_avg_yearly": 3.71,
            "eps_latest_yearly": 2.6,
            "eps_growth_yearly": 80.51
        },
        "20082": {
            "year_quarter": 20082,
            "year": 2008,
            "quarter": 2,
            "eps": 0.27,
            "eps_growth_year": -73.53,
            "eps_4q": 6.71,
            "eps_4q_growth_year": 115.59,
            "roe": 0.65,
            "roe_4q": 19.28,
            "gross_profit": 116095,
            "gross_margin": 13.04,
            "gross_margin_4q_avg": 14.01,
            "net_income": 6917,
            "net_income_4q": null,
            "revenue": 890025,
            "revenue_4q": null,
            "common_shares": 542800,
            "book_valuer_per_share": 17.47,
            "book_valuer_per_share_4q_avg": 16.75,
            "equity": 1054941,
            "current_ratio": 176.2,
            "debt_ratio": 52.19,
            "inventory_turnover_ratio": 1.8,
            "account_receivable_turnover_ratio": null,
            "reinvestment_rate": null,
            "research_to_sale_ratio": null,
            "price_fair": 116.6,
            "eps_avg_yearly": 3.33,
            "eps_latest_yearly": 1.08,
            "eps_growth_yearly": 35.6
        },
        "20083": {
            "year_quarter": 20083,
            "year": 2008,
            "quarter": 3,
            "eps": 0.79,
            "eps_growth_year": -38.76,
            "eps_4q": 2.69,
            "eps_4q_growth_year": -21.79,
            "roe": 4.38,
            "roe_4q": 14.75,
            "gross_profit": 101378,
            "gross_margin": 13.02,
            "gross_margin_4q_avg": 13.89,
            "net_income": 47406,
            "net_income_4q": null,
            "revenue": 778715,
            "revenue_4q": null,
            "common_shares": 643107,
            "book_valuer_per_share": 15.53,
            "book_valuer_per_share_4q_avg": 16.82,
            "equity": 1107782,
            "current_ratio": 188.52,
            "debt_ratio": 46.37,
            "inventory_turnover_ratio": 2.03,
            "account_receivable_turnover_ratio": null,
            "reinvestment_rate": null,
            "research_to_sale_ratio": null,
            "price_fair": 115.85,
            "eps_avg_yearly": 3.31,
            "eps_latest_yearly": 3.16,
            "eps_growth_yearly": 127.45
        },
        "20084": {
            "year_quarter": 20084,
            "year": 2008,
            "quarter": 4,
            "eps": 0.27,
            "eps_growth_year": -79.07,
            "eps_4q": 1.67,
            "eps_4q_growth_year": -61.63,
            "roe": 1.68,
            "roe_4q": 9.21,
            "gross_profit": 66581,
            "gross_margin": 10.84,
            "gross_margin_4q_avg": 13.22,
            "net_income": 18751,
            "net_income_4q": null,
            "revenue": 614331,
            "revenue_4q": null,
            "common_shares": 643107,
            "book_valuer_per_share": 15.8,
            "book_valuer_per_share_4q_avg": 16.65,
            "equity": 1129354,
            "current_ratio": 218.85,
            "debt_ratio": 39.94,
            "inventory_turnover_ratio": 1.82,
            "account_receivable_turnover_ratio": 2.4,
            "reinvestment_rate": null,
            "research_to_sale_ratio": null,
            "price_fair": 107.18,
            "eps_avg_yearly": 3.06,
            "eps_latest_yearly": 1.08,
            "eps_growth_yearly": 84.03
        },
        "20091": {
            "year_quarter": 20091,
            "year": 2009,
            "quarter": 1,
            "eps": 0.25,
            "eps_growth_year": -61.54,
            "eps_4q": 1.45,
            "eps_4q_growth_year": -72.05,
            "roe": 1.48,
            "roe_4q": 8.19,
            "gross_profit": 73901,
            "gross_margin": 14.63,
            "gross_margin_4q_avg": 12.88,
            "net_income": 16888,
            "net_income_4q": null,
            "revenue": 505251,
            "revenue_4q": null,
            "common_shares": 643107,
            "book_valuer_per_share": 16.05,
            "book_valuer_per_share_4q_avg": 16.21,
            "equity": 1148616,
            "current_ratio": 224.82,
            "debt_ratio": 34.24,
            "inventory_turnover_ratio": 1.66,
            "account_receivable_turnover_ratio": 1.14,
            "reinvestment_rate": null,
            "research_to_sale_ratio": null,
            "price_fair": 99.96,
            "eps_avg_yearly": 2.86,
            "eps_latest_yearly": 1,
            "eps_growth_yearly": 72.67
        },
        "20092": {
            "year_quarter": 20092,
            "year": 2009,
            "quarter": 2,
            "eps": 0.05,
            "eps_growth_year": -81.48,
            "eps_4q": 0.71,
            "eps_4q_growth_year": -89.48,
            "roe": 0.53,
            "roe_4q": 8.07,
            "gross_profit": 95489,
            "gross_margin": 15.88,
            "gross_margin_4q_avg": 13.59,
            "net_income": 6151,
            "net_income_4q": null,
            "revenue": 601200,
            "revenue_4q": null,
            "common_shares": 723497,
            "book_valuer_per_share": 14.5,
            "book_valuer_per_share_4q_avg": 15.47,
            "equity": 1164762,
            "current_ratio": 208.06,
            "debt_ratio": 37.49,
            "inventory_turnover_ratio": 2.45,
            "account_receivable_turnover_ratio": 1.54,
            "reinvestment_rate": null,
            "research_to_sale_ratio": null,
            "price_fair": 91.51,
            "eps_avg_yearly": 2.61,
            "eps_latest_yearly": 0.2,
            "eps_growth_yearly": 36.97
        },
        "20093": {
            "year_quarter": 20093,
            "year": 2009,
            "quarter": 3,
            "eps": 0.05,
            "eps_growth_year": -93.67,
            "eps_4q": 0.18,
            "eps_4q_growth_year": -93.24,
            "roe": 0.94,
            "roe_4q": 4.63,
            "gross_profit": 87689,
            "gross_margin": 14.49,
            "gross_margin_4q_avg": 13.96,
            "net_income": 10948,
            "net_income_4q": null,
            "revenue": 605186,
            "revenue_4q": null,
            "common_shares": 723497,
            "book_valuer_per_share": 14.55,
            "book_valuer_per_share_4q_avg": 15.23,
            "equity": 1173764,
            "current_ratio": 206.76,
            "debt_ratio": 37.73,
            "inventory_turnover_ratio": 2.64,
            "account_receivable_turnover_ratio": 1.43,
            "reinvestment_rate": null,
            "research_to_sale_ratio": null,
            "price_fair": 84.47,
            "eps_avg_yearly": 2.41,
            "eps_latest_yearly": 0.2,
            "eps_growth_yearly": 33.89
        },
        "20094": {
            "year_quarter": 20094,
            "year": 2009,
            "quarter": 4,
            "eps": -0.06,
            "eps_growth_year": -122.22,
            "eps_4q": 0.26,
            "eps_4q_growth_year": -84.6,
            "roe": -0.19,
            "roe_4q": 2.76,
            "gross_profit": 68227,
            "gross_margin": 11.15,
            "gross_margin_4q_avg": 14.04,
            "net_income": -2188,
            "net_income_4q": null,
            "revenue": 611700,
            "revenue_4q": null,
            "common_shares": 723497,
            "book_valuer_per_share": 14.49,
            "book_valuer_per_share_4q_avg": 14.9,
            "equity": 1170357,
            "current_ratio": 239.53,
            "debt_ratio": 31.73,
            "inventory_turnover_ratio": 2.8,
            "account_receivable_turnover_ratio": 2.68,
            "reinvestment_rate": null,
            "research_to_sale_ratio": null,
            "price_fair": 84.47,
            "eps_avg_yearly": 2.41,
            "eps_latest_yearly": 0.2,
            "eps_growth_yearly": 33.89
        },
        "20101": {
            "year_quarter": 20101,
            "year": 2010,
            "quarter": 1,
            "eps": -0.47,
            "eps_growth_year": -289.72,
            "eps_4q": -0.44,
            "eps_4q_growth_year": -130.51,
            "roe": -2.93,
            "roe_4q": -1.6500000000000001,
            "gross_profit": 33454,
            "gross_margin": 6.88,
            "gross_margin_4q_avg": 12.1,
            "net_income": -36845,
            "net_income_4q": null,
            "revenue": 486497,
            "revenue_4q": null,
            "common_shares": 828402,
            "book_valuer_per_share": 14.76,
            "book_valuer_per_share_4q_avg": 14.58,
            "equity": 1347027,
            "current_ratio": 285,
            "debt_ratio": 27.29,
            "inventory_turnover_ratio": 2.23,
            "account_receivable_turnover_ratio": 1.1,
            "reinvestment_rate": null,
            "research_to_sale_ratio": 4.5,
            "price_fair": 84.47,
            "eps_avg_yearly": 2.41,
            "eps_latest_yearly": 0.2,
            "eps_growth_yearly": 33.89
        },
        "20102": {
            "year_quarter": 20102,
            "year": 2010,
            "quarter": 2,
            "eps": -0.2,
            "eps_growth_year": -507.54,
            "eps_4q": -0.69,
            "eps_4q_growth_year": -197.38,
            "roe": -0.93,
            "roe_4q": -3.1100000000000008,
            "gross_profit": 46720,
            "gross_margin": 7.43,
            "gross_margin_4q_avg": 9.99,
            "net_income": -12042,
            "net_income_4q": null,
            "revenue": 628651,
            "revenue_4q": null,
            "common_shares": 830687,
            "book_valuer_per_share": 14.08,
            "book_valuer_per_share_4q_avg": 14.47,
            "equity": 1249027,
            "current_ratio": 211.52,
            "debt_ratio": 35.63,
            "inventory_turnover_ratio": 2.31,
            "account_receivable_turnover_ratio": 1.34,
            "reinvestment_rate": 313.54,
            "research_to_sale_ratio": 3.35,
            "price_fair": 84.47,
            "eps_avg_yearly": 2.41,
            "eps_latest_yearly": 0.2,
            "eps_growth_yearly": 33.89
        },
        "20103": {
            "year_quarter": 20103,
            "year": 2010,
            "quarter": 3,
            "eps": -0.41,
            "eps_growth_year": -928.97,
            "eps_4q": -1.14,
            "eps_4q_growth_year": -727.32,
            "roe": -2.6,
            "roe_4q": -6.650000000000001,
            "gross_profit": 45485,
            "gross_margin": 7.92,
            "gross_margin_4q_avg": 8.35,
            "net_income": -32054,
            "net_income_4q": null,
            "revenue": 574129,
            "revenue_4q": null,
            "common_shares": 830862,
            "book_valuer_per_share": 13.65,
            "book_valuer_per_share_4q_avg": 14.25,
            "equity": 1214862,
            "current_ratio": 227.98,
            "debt_ratio": 32.2,
            "inventory_turnover_ratio": 1.75,
            "account_receivable_turnover_ratio": 1.3,
            "reinvestment_rate": 354.66,
            "research_to_sale_ratio": 3.52,
            "price_fair": 84.47,
            "eps_avg_yearly": 2.41,
            "eps_latest_yearly": 0.2,
            "eps_growth_yearly": 33.89
        },
        "20104": {
            "year_quarter": 20104,
            "year": 2010,
            "quarter": 4,
            "eps": -0.44,
            "eps_growth_year": null,
            "eps_4q": -1.53,
            "eps_4q_growth_year": -691.82,
            "roe": -2.88,
            "roe_4q": -9.34,
            "gross_profit": 70801,
            "gross_margin": 12.13,
            "gross_margin_4q_avg": 8.59,
            "net_income": -34465,
            "net_income_4q": null,
            "revenue": 583790,
            "revenue_4q": null,
            "common_shares": 831612,
            "book_valuer_per_share": 13.19,
            "book_valuer_per_share_4q_avg": 13.92,
            "equity": 1176884,
            "current_ratio": 230.85,
            "debt_ratio": 35.37,
            "inventory_turnover_ratio": 1.63,
            "account_receivable_turnover_ratio": 1.43,
            "reinvestment_rate": 264.47,
            "research_to_sale_ratio": 2.87,
            "price_fair": 87.95,
            "eps_avg_yearly": 2.51,
            "eps_latest_yearly": 0.2,
            "eps_growth_yearly": 57.75
        },
        "20111": {
            "year_quarter": 20111,
            "year": 2011,
            "quarter": 1,
            "eps": -0.21,
            "eps_growth_year": null,
            "eps_4q": -1.26,
            "eps_4q_growth_year": null,
            "roe": -1.33,
            "roe_4q": -7.74,
            "gross_profit": 51713,
            "gross_margin": 9.72,
            "gross_margin_4q_avg": 9.3,
            "net_income": -15524,
            "net_income_4q": null,
            "revenue": 531906,
            "revenue_4q": null,
            "common_shares": 831612,
            "book_valuer_per_share": 12.98,
            "book_valuer_per_share_4q_avg": 13.48,
            "equity": 1162164,
            "current_ratio": 220.34,
            "debt_ratio": 38.42,
            "inventory_turnover_ratio": 1.6,
            "account_receivable_turnover_ratio": 1.19,
            "reinvestment_rate": 655.12,
            "research_to_sale_ratio": 3.46,
            "price_fair": 7.12,
            "eps_avg_yearly": 2.37,
            "eps_latest_yearly": 0.2,
            "eps_growth_yearly": -15.26
        },
        "20112": {
            "year_quarter": 20112,
            "year": 2011,
            "quarter": 2,
            "eps": -0.49,
            "eps_growth_year": null,
            "eps_4q": -1.55,
            "eps_4q_growth_year": null,
            "roe": -3.23,
            "roe_4q": -10.040000000000001,
            "gross_profit": 58390,
            "gross_margin": 7.52,
            "gross_margin_4q_avg": 9.32,
            "net_income": -36044,
            "net_income_4q": null,
            "revenue": 776664,
            "revenue_4q": null,
            "common_shares": 831612,
            "book_valuer_per_share": 12.48,
            "book_valuer_per_share_4q_avg": 13.08,
            "equity": 1066781,
            "current_ratio": 211.94,
            "debt_ratio": 46.81,
            "inventory_turnover_ratio": 2.43,
            "account_receivable_turnover_ratio": 0.93,
            "reinvestment_rate": 1701.79,
            "research_to_sale_ratio": 2.66,
            "price_fair": 6.55,
            "eps_avg_yearly": 2.18,
            "eps_latest_yearly": 0.2,
            "eps_growth_yearly": -18.77
        },
        "20113": {
            "year_quarter": 20113,
            "year": 2011,
            "quarter": 3,
            "eps": 0.48,
            "eps_growth_year": null,
            "eps_4q": -0.66,
            "eps_4q_growth_year": null,
            "roe": 3.76,
            "roe_4q": -3.68,
            "gross_profit": 114256,
            "gross_margin": 14.93,
            "gross_margin_4q_avg": 11.08,
            "net_income": 41010,
            "net_income_4q": null,
            "revenue": 765330,
            "revenue_4q": null,
            "common_shares": 831612,
            "book_valuer_per_share": 13.05,
            "book_valuer_per_share_4q_avg": 12.93,
            "equity": 1115124,
            "current_ratio": 210.27,
            "debt_ratio": 47.37,
            "inventory_turnover_ratio": 2.09,
            "account_receivable_turnover_ratio": 0.79,
            "reinvestment_rate": 2698.72,
            "research_to_sale_ratio": 2.88,
            "price_fair": 5.43,
            "eps_avg_yearly": 1.81,
            "eps_latest_yearly": 0.2,
            "eps_growth_yearly": -34.36
        },
        "20114": {
            "year_quarter": 20114,
            "year": 2011,
            "quarter": 4,
            "eps": -0.5,
            "eps_growth_year": null,
            "eps_4q": -0.72,
            "eps_4q_growth_year": null,
            "roe": -3.63,
            "roe_4q": -4.43,
            "gross_profit": 63774,
            "gross_margin": 11.97,
            "gross_margin_4q_avg": 11.04,
            "net_income": -39877,
            "net_income_4q": null,
            "revenue": 532599,
            "revenue_4q": null,
            "common_shares": 831612,
            "book_valuer_per_share": 12.63,
            "book_valuer_per_share_4q_avg": 12.79,
            "equity": 1082133,
            "current_ratio": 299,
            "debt_ratio": 45.68,
            "inventory_turnover_ratio": 1.27,
            "account_receivable_turnover_ratio": 0.91,
            "reinvestment_rate": null,
            "research_to_sale_ratio": 4.59,
            "price_fair": 3.99,
            "eps_avg_yearly": 1.33,
            "eps_latest_yearly": 0.2,
            "eps_growth_yearly": -39.26
        },
        "20121": {
            "year_quarter": 20121,
            "year": 2012,
            "quarter": 1,
            "eps": -0.64,
            "eps_growth_year": null,
            "eps_4q": -1.16,
            "eps_4q_growth_year": null,
            "roe": -5.01,
            "roe_4q": -8.110000000000001,
            "gross_profit": 39540,
            "gross_margin": 9.71,
            "gross_margin_4q_avg": 11.03,
            "net_income": -53358,
            "net_income_4q": null,
            "revenue": 407220,
            "revenue_4q": null,
            "common_shares": 831612,
            "book_valuer_per_share": 11.96,
            "book_valuer_per_share_4q_avg": 12.53,
            "equity": 1049765,
            "current_ratio": 338.69,
            "debt_ratio": 43.88,
            "inventory_turnover_ratio": 0.95,
            "account_receivable_turnover_ratio": 0.91,
            "reinvestment_rate": null,
            "research_to_sale_ratio": 5.39,
            "price_fair": 3.36,
            "eps_avg_yearly": 1.12,
            "eps_latest_yearly": 0.2,
            "eps_growth_yearly": -12.73
        },
        "20122": {
            "year_quarter": 20122,
            "year": 2012,
            "quarter": 2,
            "eps": -0.52,
            "eps_growth_year": null,
            "eps_4q": -1.18,
            "eps_4q_growth_year": null,
            "roe": -4.15,
            "roe_4q": -9.03,
            "gross_profit": 40868,
            "gross_margin": 8.58,
            "gross_margin_4q_avg": 11.3,
            "net_income": -42618,
            "net_income_4q": null,
            "revenue": 476097,
            "revenue_4q": null,
            "common_shares": 831612,
            "book_valuer_per_share": 11.44,
            "book_valuer_per_share_4q_avg": 12.27,
            "equity": 1006011,
            "current_ratio": 193.66,
            "debt_ratio": 45.42,
            "inventory_turnover_ratio": 1.26,
            "account_receivable_turnover_ratio": 1.19,
            "reinvestment_rate": null,
            "research_to_sale_ratio": 4.6,
            "price_fair": 39.48,
            "eps_avg_yearly": 1.13,
            "eps_latest_yearly": 0.2,
            "eps_growth_yearly": 31.49
        },
        "20123": {
            "year_quarter": 20123,
            "year": 2012,
            "quarter": 3,
            "eps": 0.12,
            "eps_growth_year": -75.52,
            "eps_4q": -1.54,
            "eps_4q_growth_year": null,
            "roe": 1.22,
            "roe_4q": -11.57,
            "gross_profit": 102233,
            "gross_margin": 16.43,
            "gross_margin_4q_avg": 11.67,
            "net_income": 12333,
            "net_income_4q": null,
            "revenue": 622327,
            "revenue_4q": null,
            "common_shares": 831612,
            "book_valuer_per_share": 11.55,
            "book_valuer_per_share_4q_avg": 11.9,
            "equity": 1023323,
            "current_ratio": 204.67,
            "debt_ratio": 43.96,
            "inventory_turnover_ratio": 1.73,
            "account_receivable_turnover_ratio": 1.37,
            "reinvestment_rate": null,
            "research_to_sale_ratio": 3.82,
            "price_fair": 1.86,
            "eps_avg_yearly": 0.62,
            "eps_latest_yearly": 0.2,
            "eps_growth_yearly": -153.23
        },
        "20124": {
            "year_quarter": 20124,
            "year": 2012,
            "quarter": 4,
            "eps": -0.28,
            "eps_growth_year": null,
            "eps_4q": -1.33,
            "eps_4q_growth_year": null,
            "roe": -1.41,
            "roe_4q": -9.35,
            "gross_profit": 106407,
            "gross_margin": 19.81,
            "gross_margin_4q_avg": 13.63,
            "net_income": -14309,
            "net_income_4q": null,
            "revenue": 537047,
            "revenue_4q": null,
            "common_shares": 831612,
            "book_valuer_per_share": 11.27,
            "book_valuer_per_share_4q_avg": 11.56,
            "equity": 1008983,
            "current_ratio": 160.45,
            "debt_ratio": 46.18,
            "inventory_turnover_ratio": 1.43,
            "account_receivable_turnover_ratio": 1.03,
            "reinvestment_rate": null,
            "research_to_sale_ratio": 4.14,
            "price_fair": 1.4,
            "eps_avg_yearly": 0.47,
            "eps_latest_yearly": 0.2,
            "eps_growth_yearly": -116.54
        },
        "20131": {
            "year_quarter": 20131,
            "year": 2013,
            "quarter": 1,
            "eps": 0.23,
            "eps_growth_year": null,
            "eps_4q": -0.45,
            "eps_4q_growth_year": null,
            "roe": 2.43,
            "roe_4q": -1.9100000000000001,
            "gross_profit": 93062,
            "gross_margin": 18.01,
            "gross_margin_4q_avg": 15.71,
            "net_income": 25699,
            "net_income_4q": null,
            "revenue": 516781,
            "revenue_4q": null,
            "common_shares": 831612,
            "book_valuer_per_share": 12.26,
            "book_valuer_per_share_4q_avg": 11.63,
            "equity": 1101884,
            "current_ratio": 195.91,
            "debt_ratio": 43.78,
            "inventory_turnover_ratio": 1.41,
            "account_receivable_turnover_ratio": 0.95,
            "reinvestment_rate": null,
            "research_to_sale_ratio": 3.68,
            "price_fair": 0.6,
            "eps_avg_yearly": 0.2,
            "eps_latest_yearly": 0.2,
            "eps_growth_yearly": -160
        },
        "20132": {
            "year_quarter": 20132,
            "year": 2013,
            "quarter": 2,
            "eps": 0.04,
            "eps_growth_year": null,
            "eps_4q": 0.11,
            "eps_4q_growth_year": null,
            "roe": 0.57,
            "roe_4q": 2.81,
            "gross_profit": 93962,
            "gross_margin": 14.91,
            "gross_margin_4q_avg": 17.29,
            "net_income": 6298,
            "net_income_4q": null,
            "revenue": 629992,
            "revenue_4q": null,
            "common_shares": 831612,
            "book_valuer_per_share": 12.4,
            "book_valuer_per_share_4q_avg": 11.87,
            "equity": 1107917,
            "current_ratio": 176.71,
            "debt_ratio": 46.58,
            "inventory_turnover_ratio": 1.88,
            "account_receivable_turnover_ratio": 0.99,
            "reinvestment_rate": null,
            "research_to_sale_ratio": 3.08,
            "price_fair": 0.54,
            "eps_avg_yearly": 0.18,
            "eps_latest_yearly": 0.16,
            "eps_growth_yearly": -165.22
        },
        "20133": {
            "year_quarter": 20133,
            "year": 2013,
            "quarter": 3,
            "eps": -0.59,
            "eps_growth_year": -602.41,
            "eps_4q": -0.6,
            "eps_4q_growth_year": null,
            "roe": -4.19,
            "roe_4q": -2.6000000000000005,
            "gross_profit": 53677,
            "gross_margin": 10.61,
            "gross_margin_4q_avg": 15.84,
            "net_income": -45346,
            "net_income_4q": null,
            "revenue": 505818,
            "revenue_4q": null,
            "common_shares": 831612,
            "book_valuer_per_share": 11.76,
            "book_valuer_per_share_4q_avg": 11.92,
            "equity": 1058218,
            "current_ratio": 183.8,
            "debt_ratio": 46.29,
            "inventory_turnover_ratio": 1.49,
            "account_receivable_turnover_ratio": 0.79,
            "reinvestment_rate": null,
            "research_to_sale_ratio": 3.83,
            "price_fair": 0.48,
            "eps_avg_yearly": 0.16,
            "eps_latest_yearly": 0.16,
            "eps_growth_yearly": -330.43
        },
        "20134": {
            "year_quarter": 20134,
            "year": 2013,
            "quarter": 4,
            "eps": 0.01,
            "eps_growth_year": null,
            "eps_4q": -0.31,
            "eps_4q_growth_year": null,
            "roe": 0.46,
            "roe_4q": -0.7300000000000004,
            "gross_profit": 116173,
            "gross_margin": 18.82,
            "gross_margin_4q_avg": 15.59,
            "net_income": 4957,
            "net_income_4q": null,
            "revenue": 617124,
            "revenue_4q": null,
            "common_shares": 831612,
            "book_valuer_per_share": 11.85,
            "book_valuer_per_share_4q_avg": 12.07,
            "equity": 1075028,
            "current_ratio": 170.92,
            "debt_ratio": 48.5,
            "inventory_turnover_ratio": 1.71,
            "account_receivable_turnover_ratio": 0.99,
            "reinvestment_rate": null,
            "research_to_sale_ratio": 2.79,
            "price_fair": 0.48,
            "eps_avg_yearly": 0.16,
            "eps_latest_yearly": 0.16,
            "eps_growth_yearly": -330.43
        },
        "20141": {
            "year_quarter": 20141,
            "year": 2014,
            "quarter": 1,
            "eps": 0.21,
            "eps_growth_year": -8.7,
            "eps_4q": -0.32,
            "eps_4q_growth_year": null,
            "roe": 1.82,
            "roe_4q": -1.3400000000000003,
            "gross_profit": 116910,
            "gross_margin": 18.74,
            "gross_margin_4q_avg": 15.77,
            "net_income": 19740,
            "net_income_4q": null,
            "revenue": 623979,
            "revenue_4q": null,
            "common_shares": 831612,
            "book_valuer_per_share": 12.06,
            "book_valuer_per_share_4q_avg": 12.02,
            "equity": 1094383,
            "current_ratio": 178.67,
            "debt_ratio": 47.6,
            "inventory_turnover_ratio": 1.94,
            "account_receivable_turnover_ratio": 0.92,
            "reinvestment_rate": null,
            "research_to_sale_ratio": 3.13,
            "price_fair": 17.5,
            "eps_avg_yearly": 0.5,
            "eps_latest_yearly": 0.84,
            "eps_growth_yearly": 3834.78
        },
        "20142": {
            "year_quarter": 20142,
            "year": 2014,
            "quarter": 2,
            "eps": -0.22,
            "eps_growth_year": -650,
            "eps_4q": -0.59,
            "eps_4q_growth_year": -634.08,
            "roe": -1.39,
            "roe_4q": -3.3000000000000003,
            "gross_profit": 84104,
            "gross_margin": 15.77,
            "gross_margin_4q_avg": 15.99,
            "net_income": -14992,
            "net_income_4q": null,
            "revenue": 533472,
            "revenue_4q": null,
            "common_shares": 831612,
            "book_valuer_per_share": 11.72,
            "book_valuer_per_share_4q_avg": 11.85,
            "equity": 1058984,
            "current_ratio": 178.06,
            "debt_ratio": 43.79,
            "inventory_turnover_ratio": 2.12,
            "account_receivable_turnover_ratio": 0.87,
            "reinvestment_rate": null,
            "research_to_sale_ratio": 3.62,
            "price_fair": 17.5,
            "eps_avg_yearly": 0.5,
            "eps_latest_yearly": 0.84,
            "eps_growth_yearly": 3834.78
        },
        "20143": {
            "year_quarter": 20143,
            "year": 2014,
            "quarter": 3,
            "eps": 0.1,
            "eps_growth_year": null,
            "eps_4q": 0.1,
            "eps_4q_growth_year": null,
            "roe": 0.92,
            "roe_4q": 1.81,
            "gross_profit": 101287,
            "gross_margin": 17.32,
            "gross_margin_4q_avg": 17.66,
            "net_income": 9947,
            "net_income_4q": null,
            "revenue": 584812,
            "revenue_4q": null,
            "common_shares": 853066,
            "book_valuer_per_share": 11.96,
            "book_valuer_per_share_4q_avg": 11.9,
            "equity": 1106251,
            "current_ratio": 178.52,
            "debt_ratio": 42.8,
            "inventory_turnover_ratio": 2.49,
            "account_receivable_turnover_ratio": 1.02,
            "reinvestment_rate": null,
            "research_to_sale_ratio": 3.5,
            "price_fair": 17.5,
            "eps_avg_yearly": 0.5,
            "eps_latest_yearly": 0.84,
            "eps_growth_yearly": 3834.78
        },
        "20144": {
            "year_quarter": 20144,
            "year": 2014,
            "quarter": 4,
            "eps": 0.17,
            "eps_growth_year": 2724.95,
            "eps_4q": 0.27,
            "eps_4q_growth_year": null,
            "roe": 1.6,
            "roe_4q": 2.95,
            "gross_profit": 111621,
            "gross_margin": 18.29,
            "gross_margin_4q_avg": 17.53,
            "net_income": 17961,
            "net_income_4q": null,
            "revenue": 610121,
            "revenue_4q": null,
            "common_shares": 853066,
            "book_valuer_per_share": 12.37,
            "book_valuer_per_share_4q_avg": 12.03,
            "equity": 1144681,
            "current_ratio": 169.04,
            "debt_ratio": 42.67,
            "inventory_turnover_ratio": 2.24,
            "account_receivable_turnover_ratio": 0.92,
            "reinvestment_rate": null,
            "research_to_sale_ratio": 4.5,
            "price_fair": 19.6,
            "eps_avg_yearly": 0.56,
            "eps_latest_yearly": 0.68,
            "eps_growth_yearly": 2649.86
        },
        "20151": {
            "year_quarter": 20151,
            "year": 2015,
            "quarter": 1,
            "eps": -0.32,
            "eps_growth_year": -252.38,
            "eps_4q": -0.26,
            "eps_4q_growth_year": null,
            "roe": -2.42,
            "roe_4q": -1.2899999999999996,
            "gross_profit": 76507,
            "gross_margin": 16.15,
            "gross_margin_4q_avg": 16.88,
            "net_income": -28831,
            "net_income_4q": null,
            "revenue": 473804,
            "revenue_4q": null,
            "common_shares": 853066,
            "book_valuer_per_share": 12.16,
            "book_valuer_per_share_4q_avg": 12.05,
            "equity": 1234367,
            "current_ratio": 190.76,
            "debt_ratio": 38.76,
            "inventory_turnover_ratio": 1.49,
            "account_receivable_turnover_ratio": 0.77,
            "reinvestment_rate": null,
            "research_to_sale_ratio": 4.47,
            "price_fair": 19.6,
            "eps_avg_yearly": 0.56,
            "eps_latest_yearly": 0.68,
            "eps_growth_yearly": 2649.86
        },
        "20152": {
            "year_quarter": 20152,
            "year": 2015,
            "quarter": 2,
            "eps": -0.44,
            "eps_growth_year": null,
            "eps_4q": -0.48,
            "eps_4q_growth_year": null,
            "roe": -3.34,
            "roe_4q": -3.24,
            "gross_profit": 76635,
            "gross_margin": 15.72,
            "gross_margin_4q_avg": 16.87,
            "net_income": -39637,
            "net_income_4q": null,
            "revenue": 487521,
            "revenue_4q": null,
            "common_shares": 853066,
            "book_valuer_per_share": 11.19,
            "book_valuer_per_share_4q_avg": 11.92,
            "equity": 1140869,
            "current_ratio": 204.89,
            "debt_ratio": 42.88,
            "inventory_turnover_ratio": 1.49,
            "account_receivable_turnover_ratio": 0.92,
            "reinvestment_rate": null,
            "research_to_sale_ratio": 5.39,
            "price_fair": 19.6,
            "eps_avg_yearly": 0.56,
            "eps_latest_yearly": 0.68,
            "eps_growth_yearly": 2649.86
        },
        "20153": {
            "year_quarter": 20153,
            "year": 2015,
            "quarter": 3,
            "eps": -0.02,
            "eps_growth_year": -120,
            "eps_4q": -0.6,
            "eps_4q_growth_year": -678.12,
            "roe": -0.55,
            "roe_4q": -4.709999999999999,
            "gross_profit": 82221,
            "gross_margin": 14.91,
            "gross_margin_4q_avg": 16.27,
            "net_income": -6354,
            "net_income_4q": null,
            "revenue": 551614,
            "revenue_4q": null,
            "common_shares": 864156,
            "book_valuer_per_share": 11.27,
            "book_valuer_per_share_4q_avg": 11.75,
            "equity": 1154802,
            "current_ratio": 221.85,
            "debt_ratio": 43.93,
            "inventory_turnover_ratio": 1.96,
            "account_receivable_turnover_ratio": 0.92,
            "reinvestment_rate": null,
            "research_to_sale_ratio": 4.67,
            "price_fair": 19.6,
            "eps_avg_yearly": 0.56,
            "eps_latest_yearly": 0.68,
            "eps_growth_yearly": 2649.86
        },
        "20154": {
            "year_quarter": 20154,
            "year": 2015,
            "quarter": 4,
            "eps": -0.46,
            "eps_growth_year": -368.38,
            "eps_4q": -1.23,
            "eps_4q_growth_year": -556.74,
            "roe": -3.33,
            "roe_4q": -9.64,
            "gross_profit": 78275,
            "gross_margin": 12.68,
            "gross_margin_4q_avg": 14.87,
            "net_income": -37584,
            "net_income_4q": null,
            "revenue": 617165,
            "revenue_4q": null,
            "common_shares": 864156,
            "book_valuer_per_share": 10.41,
            "book_valuer_per_share_4q_avg": 11.26,
            "equity": 1101533,
            "current_ratio": 205.86,
            "debt_ratio": 49.81,
            "inventory_turnover_ratio": 2.18,
            "account_receivable_turnover_ratio": 0.88,
            "reinvestment_rate": null,
            "research_to_sale_ratio": 4.25,
            "price_fair": 19.6,
            "eps_avg_yearly": 0.56,
            "eps_latest_yearly": 0.68,
            "eps_growth_yearly": 2649.86
        },
        "20161": {
            "year_quarter": 20161,
            "year": 2016,
            "quarter": 1,
            "eps": -0.32,
            "eps_growth_year": null,
            "eps_4q": -1.23,
            "eps_4q_growth_year": null,
            "roe": -2.63,
            "roe_4q": -9.85,
            "gross_profit": 96579,
            "gross_margin": 16.86,
            "gross_margin_4q_avg": 15.04,
            "net_income": -28646,
            "net_income_4q": null,
            "revenue": 572729,
            "revenue_4q": null,
            "common_shares": 864156,
            "book_valuer_per_share": 10.15,
            "book_valuer_per_share_4q_avg": 10.76,
            "equity": 1078656,
            "current_ratio": 253.16,
            "debt_ratio": 48.92,
            "inventory_turnover_ratio": 1.69,
            "account_receivable_turnover_ratio": 0.84,
            "reinvestment_rate": null,
            "research_to_sale_ratio": 4.23,
            "price_fair": 19.6,
            "eps_avg_yearly": 0.56,
            "eps_latest_yearly": 0.68,
            "eps_growth_yearly": 2649.86
        },
        "20162": {
            "year_quarter": 20162,
            "year": 2016,
            "quarter": 2,
            "eps": -0.42,
            "eps_growth_year": null,
            "eps_4q": -1.21,
            "eps_4q_growth_year": null,
            "roe": -3.51,
            "roe_4q": -10.02,
            "gross_profit": 75993,
            "gross_margin": 14.72,
            "gross_margin_4q_avg": 14.79,
            "net_income": -37029,
            "net_income_4q": null,
            "revenue": 516321,
            "revenue_4q": null,
            "common_shares": 864156,
            "book_valuer_per_share": 9.6,
            "book_valuer_per_share_4q_avg": 10.36,
            "equity": 1030364,
            "current_ratio": 268.76,
            "debt_ratio": 49.43,
            "inventory_turnover_ratio": 1.55,
            "account_receivable_turnover_ratio": 0.85,
            "reinvestment_rate": null,
            "research_to_sale_ratio": 5.37,
            "price_fair": 19.6,
            "eps_avg_yearly": 0.56,
            "eps_latest_yearly": 0.68,
            "eps_growth_yearly": 2649.86
        },
        "20163": {
            "year_quarter": 20163,
            "year": 2016,
            "quarter": 3,
            "eps": -0.18,
            "eps_growth_year": null,
            "eps_4q": -1.38,
            "eps_4q_growth_year": null,
            "roe": -1.78,
            "roe_4q": -11.25,
            "gross_profit": 109122,
            "gross_margin": 18.06,
            "gross_margin_4q_avg": 15.58,
            "net_income": -18043,
            "net_income_4q": null,
            "revenue": 604091,
            "revenue_4q": null,
            "common_shares": 864156,
            "book_valuer_per_share": 9.24,
            "book_valuer_per_share_4q_avg": 9.85,
            "equity": 992772,
            "current_ratio": 249.64,
            "debt_ratio": 52.6,
            "inventory_turnover_ratio": 1.87,
            "account_receivable_turnover_ratio": 0.95,
            "reinvestment_rate": null,
            "research_to_sale_ratio": 4.6,
            "price_fair": 19.6,
            "eps_avg_yearly": 0.56,
            "eps_latest_yearly": 0.68,
            "eps_growth_yearly": 2649.86
        },
        "20164": {
            "year_quarter": 20164,
            "year": 2016,
            "quarter": 4,
            "eps": -0.21,
            "eps_growth_year": null,
            "eps_4q": -1.13,
            "eps_4q_growth_year": null,
            "roe": -1.86,
            "roe_4q": -9.780000000000001,
            "gross_profit": 123350,
            "gross_margin": 20.8,
            "gross_margin_4q_avg": 17.61,
            "net_income": -18616,
            "net_income_4q": null,
            "revenue": 593166,
            "revenue_4q": null,
            "common_shares": 864156,
            "book_valuer_per_share": 9.26,
            "book_valuer_per_share_4q_avg": 9.56,
            "equity": 1009302,
            "current_ratio": 250.84,
            "debt_ratio": 54.09,
            "inventory_turnover_ratio": 1.74,
            "account_receivable_turnover_ratio": 0.85,
            "reinvestment_rate": null,
            "research_to_sale_ratio": 6.06,
            "price_fair": 19.6,
            "eps_avg_yearly": 0.56,
            "eps_latest_yearly": 0.68,
            "eps_growth_yearly": 2649.86
        },
        "20171": {
            "year_quarter": 20171,
            "year": 2017,
            "quarter": 1,
            "eps": -0.35,
            "eps_growth_year": null,
            "eps_4q": -1.16,
            "eps_4q_growth_year": null,
            "roe": -3.93,
            "roe_4q": -11.08,
            "gross_profit": 92583,
            "gross_margin": 17.39,
            "gross_margin_4q_avg": 17.74,
            "net_income": -38328,
            "net_income_4q": null,
            "revenue": 532268,
            "revenue_4q": null,
            "common_shares": 864156,
            "book_valuer_per_share": 8.57,
            "book_valuer_per_share_4q_avg": 9.17,
            "equity": 942203,
            "current_ratio": 204.07,
            "debt_ratio": 54.13,
            "inventory_turnover_ratio": 1.65,
            "account_receivable_turnover_ratio": 0.81,
            "reinvestment_rate": null,
            "research_to_sale_ratio": 4.97,
            "price_fair": 19.6,
            "eps_avg_yearly": 0.56,
            "eps_latest_yearly": 0.68,
            "eps_growth_yearly": 2649.86
        },
        "20172": {
            "year_quarter": 20172,
            "year": 2017,
            "quarter": 2,
            "eps": -0.1,
            "eps_growth_year": null,
            "eps_4q": -0.85,
            "eps_4q_growth_year": null,
            "roe": -1.76,
            "roe_4q": -9.33,
            "gross_profit": 97059,
            "gross_margin": 17.67,
            "gross_margin_4q_avg": 18.48,
            "net_income": -16434,
            "net_income_4q": null,
            "revenue": 549203,
            "revenue_4q": null,
            "common_shares": 864156,
            "book_valuer_per_share": 8.6,
            "book_valuer_per_share_4q_avg": 8.92,
            "equity": 928632,
            "current_ratio": 146.27,
            "debt_ratio": 56.01,
            "inventory_turnover_ratio": 1.74,
            "account_receivable_turnover_ratio": 0.9,
            "reinvestment_rate": null,
            "research_to_sale_ratio": 5.08,
            "price_fair": 26.6,
            "eps_avg_yearly": 0.76,
            "eps_latest_yearly": 0.68,
            "eps_growth_yearly": 4140
        },
        "20173": {
            "year_quarter": 20173,
            "year": 2017,
            "quarter": 3,
            "eps": -0.45,
            "eps_growth_year": null,
            "eps_4q": -1.12,
            "eps_4q_growth_year": null,
            "roe": -4.53,
            "roe_4q": -12.08,
            "gross_profit": 77756,
            "gross_margin": 12.61,
            "gross_margin_4q_avg": 17.12,
            "net_income": -41636,
            "net_income_4q": null,
            "revenue": 616578,
            "revenue_4q": null,
            "common_shares": 864156,
            "book_valuer_per_share": 8.26,
            "book_valuer_per_share_4q_avg": 8.67,
            "equity": 910024,
            "current_ratio": 141.13,
            "debt_ratio": 57.18,
            "inventory_turnover_ratio": 2.02,
            "account_receivable_turnover_ratio": 0.94,
            "reinvestment_rate": null,
            "research_to_sale_ratio": 4.91,
            "price_fair": 26.6,
            "eps_avg_yearly": 0.76,
            "eps_latest_yearly": 0.68,
            "eps_growth_yearly": 4140
        },
        "20174": {
            "year_quarter": 20174,
            "year": 2017,
            "quarter": 4,
            "eps": -0.39,
            "eps_growth_year": null,
            "eps_4q": -1.3,
            "eps_4q_growth_year": null,
            "roe": -3.24,
            "roe_4q": -13.46,
            "gross_profit": 96510,
            "gross_margin": 14.7,
            "gross_margin_4q_avg": 15.59,
            "net_income": -29195,
            "net_income_4q": null,
            "revenue": 656738,
            "revenue_4q": null,
            "common_shares": 864156,
            "book_valuer_per_share": 7.92,
            "book_valuer_per_share_4q_avg": 8.34,
            "equity": 889845,
            "current_ratio": 140.23,
            "debt_ratio": 57.85,
            "inventory_turnover_ratio": 2.27,
            "account_receivable_turnover_ratio": 0.94,
            "reinvestment_rate": null,
            "research_to_sale_ratio": 6.2,
            "price_fair": 26.6,
            "eps_avg_yearly": 0.76,
            "eps_latest_yearly": 0.68,
            "eps_growth_yearly": 4140
        },
        "20181": {
            "year_quarter": 20181,
            "year": 2018,
            "quarter": 1,
            "eps": -1.09,
            "eps_growth_year": null,
            "eps_4q": -2.04,
            "eps_4q_growth_year": null,
            "roe": -11.53,
            "roe_4q": -21.060000000000002,
            "gross_profit": 50358,
            "gross_margin": 9.75,
            "gross_margin_4q_avg": 13.68,
            "net_income": -97687,
            "net_income_4q": null,
            "revenue": 516265,
            "revenue_4q": null,
            "common_shares": 864156,
            "book_valuer_per_share": 6.94,
            "book_valuer_per_share_4q_avg": 7.93,
            "equity": 805185,
            "current_ratio": 128.56,
            "debt_ratio": 60.85,
            "inventory_turnover_ratio": 1.94,
            "account_receivable_turnover_ratio": 0.79,
            "reinvestment_rate": null,
            "research_to_sale_ratio": 7.97,
            "price_fair": 23.8,
            "eps_avg_yearly": 0.68,
            "eps_latest_yearly": 0.68,
            "eps_growth_yearly": 280
        },
        "20182": {
            "year_quarter": 20182,
            "year": 2018,
            "quarter": 2,
            "eps": -0.04,
            "eps_growth_year": null,
            "eps_4q": -1.98,
            "eps_4q_growth_year": null,
            "roe": 0.18,
            "roe_4q": -19.12,
            "gross_profit": 90747,
            "gross_margin": 14.44,
            "gross_margin_4q_avg": 12.88,
            "net_income": 1461,
            "net_income_4q": null,
            "revenue": 628239,
            "revenue_4q": null,
            "common_shares": 864156,
            "book_valuer_per_share": 6.83,
            "book_valuer_per_share_4q_avg": 7.49,
            "equity": 788486,
            "current_ratio": 138.91,
            "debt_ratio": 64.82,
            "inventory_turnover_ratio": 2.08,
            "account_receivable_turnover_ratio": 0.98,
            "reinvestment_rate": null,
            "research_to_sale_ratio": 6.25,
            "price_fair": 23.8,
            "eps_avg_yearly": 0.68,
            "eps_latest_yearly": 0.68,
            "eps_growth_yearly": 280
        },
        "20183": {
            "year_quarter": 20183,
            "year": 2018,
            "quarter": 3,
            "eps": 4.68,
            "eps_growth_year": null,
            "eps_4q": 3.15,
            "eps_4q_growth_year": null,
            "roe": 40.9,
            "roe_4q": 26.309999999999995,
            "gross_profit": 128803,
            "gross_margin": 17.99,
            "gross_margin_4q_avg": 14.22,
            "net_income": 407990,
            "net_income_4q": null,
            "revenue": 716108,
            "revenue_4q": null,
            "common_shares": 864156,
            "book_valuer_per_share": 11.4,
            "book_valuer_per_share_4q_avg": 8.27,
            "equity": 1206813,
            "current_ratio": 209.09,
            "debt_ratio": 45.13,
            "inventory_turnover_ratio": 2.23,
            "account_receivable_turnover_ratio": 0.97,
            "reinvestment_rate": -5492.36,
            "research_to_sale_ratio": 5.09,
            "price_fair": 23.8,
            "eps_avg_yearly": 0.68,
            "eps_latest_yearly": 0.68,
            "eps_growth_yearly": 280
        },
        "20184": {
            "year_quarter": 20184,
            "year": 2018,
            "quarter": 4,
            "eps": 0.14,
            "eps_growth_year": null,
            "eps_4q": 3.68,
            "eps_4q_growth_year": null,
            "roe": 1.86,
            "roe_4q": 31.409999999999997,
            "gross_profit": 146901,
            "gross_margin": 18.84,
            "gross_margin_4q_avg": 15.26,
            "net_income": 22640,
            "net_income_4q": null,
            "revenue": 779663,
            "revenue_4q": null,
            "common_shares": 864156,
            "book_valuer_per_share": 11.56,
            "book_valuer_per_share_4q_avg": 9.18,
            "equity": 1233556,
            "current_ratio": 198.93,
            "debt_ratio": 46.42,
            "inventory_turnover_ratio": 2.41,
            "account_receivable_turnover_ratio": 0.96,
            "reinvestment_rate": -10714.78,
            "research_to_sale_ratio": 5.75,
            "price_fair": 1.68,
            "eps_avg_yearly": 0.56,
            "eps_latest_yearly": 0.56,
            "eps_growth_yearly": -388.03
        },
        "20191": {
            "year_quarter": 20191,
            "year": 2019,
            "quarter": 1,
            "eps": -0.49,
            "eps_growth_year": null,
            "eps_4q": 3.82,
            "eps_4q_growth_year": null,
            "roe": -3.3,
            "roe_4q": 39.64,
            "gross_profit": 84200,
            "gross_margin": 15.01,
            "gross_margin_4q_avg": 16.57,
            "net_income": -42421,
            "net_income_4q": null,
            "revenue": 560928,
            "revenue_4q": null,
            "common_shares": 966515,
            "book_valuer_per_share": 11.38,
            "book_valuer_per_share_4q_avg": 10.29,
            "equity": 1336043,
            "current_ratio": 236.84,
            "debt_ratio": 40.41,
            "inventory_turnover_ratio": 1.81,
            "account_receivable_turnover_ratio": 0.75,
            "reinvestment_rate": null,
            "research_to_sale_ratio": 7.3,
            "price_fair": 1.68,
            "eps_avg_yearly": 0.56,
            "eps_latest_yearly": 0.56,
            "eps_growth_yearly": -388.03
        },
        "20192": {
            "year_quarter": 20192,
            "year": 2019,
            "quarter": 2,
            "eps": -0.37,
            "eps_growth_year": null,
            "eps_4q": 3.49,
            "eps_4q_growth_year": null,
            "roe": -2.51,
            "roe_4q": 36.95,
            "gross_profit": 84148,
            "gross_margin": 14.24,
            "gross_margin_4q_avg": 16.52,
            "net_income": -32394,
            "net_income_4q": null,
            "revenue": 591083,
            "revenue_4q": null,
            "common_shares": 966515,
            "book_valuer_per_share": 10.7,
            "book_valuer_per_share_4q_avg": 11.26,
            "equity": 1248408,
            "current_ratio": 198.02,
            "debt_ratio": 44.36,
            "inventory_turnover_ratio": 1.94,
            "account_receivable_turnover_ratio": 0.92,
            "reinvestment_rate": null,
            "research_to_sale_ratio": 6.82,
            "price_fair": 1.68,
            "eps_avg_yearly": 0.56,
            "eps_latest_yearly": 0.56,
            "eps_growth_yearly": -388.03
        },
        "20193": {
            "year_quarter": 20193,
            "year": 2019,
            "quarter": 3,
            "eps": -0.09,
            "eps_growth_year": -101.92,
            "eps_4q": -0.78,
            "eps_4q_growth_year": -124.76,
            "roe": -0.36,
            "roe_4q": -4.31,
            "gross_profit": 107144,
            "gross_margin": 15.9,
            "gross_margin_4q_avg": 16,
            "net_income": -4400,
            "net_income_4q": null,
            "revenue": 674069,
            "revenue_4q": null,
            "common_shares": 966515,
            "book_valuer_per_share": 10.37,
            "book_valuer_per_share_4q_avg": 11,
            "equity": 1220981,
            "current_ratio": 193.72,
            "debt_ratio": 48.74,
            "inventory_turnover_ratio": 2.19,
            "account_receivable_turnover_ratio": 1.03,
            "reinvestment_rate": null,
            "research_to_sale_ratio": 5.82,
            "price_fair": 1.68,
            "eps_avg_yearly": 0.56,
            "eps_latest_yearly": 0.56,
            "eps_growth_yearly": -388.03
        },
        "20194": {
            "year_quarter": 20194,
            "year": 2019,
            "quarter": 4,
            "eps": 0.04,
            "eps_growth_year": -69.71,
            "eps_4q": -0.86,
            "eps_4q_growth_year": -123.42,
            "roe": 0.93,
            "roe_4q": -5.239999999999999,
            "gross_profit": 159669,
            "gross_margin": 20.18,
            "gross_margin_4q_avg": 16.33,
            "net_income": 11359,
            "net_income_4q": null,
            "revenue": 791194,
            "revenue_4q": null,
            "common_shares": 966515,
            "book_valuer_per_share": 10.37,
            "book_valuer_per_share_4q_avg": 10.71,
            "equity": 1232610,
            "current_ratio": 183.27,
            "debt_ratio": 50.12,
            "inventory_turnover_ratio": 2.49,
            "account_receivable_turnover_ratio": 1.11,
            "reinvestment_rate": 449.61,
            "research_to_sale_ratio": 5.41,
            "price_fair": 1.68,
            "eps_avg_yearly": 0.56,
            "eps_latest_yearly": 0.56,
            "eps_growth_yearly": -388.03
        },
        "20201": {
            "year_quarter": 20201,
            "year": 2020,
            "quarter": 1,
            "eps": -0.27,
            "eps_growth_year": null,
            "eps_4q": -0.69,
            "eps_4q_growth_year": -117.98,
            "roe": -1.26,
            "roe_4q": -3.1999999999999997,
            "gross_profit": 101445,
            "gross_margin": 18.45,
            "gross_margin_4q_avg": 17.19,
            "net_income": -15216,
            "net_income_4q": null,
            "revenue": 549967,
            "revenue_4q": null,
            "common_shares": 966515,
            "book_valuer_per_share": 9.81,
            "book_valuer_per_share_4q_avg": 10.31,
            "equity": 1190023,
            "current_ratio": 189,
            "debt_ratio": 49.57,
            "inventory_turnover_ratio": 1.63,
            "account_receivable_turnover_ratio": 0.81,
            "reinvestment_rate": 541.01,
            "research_to_sale_ratio": 6.7,
            "price_fair": 1.68,
            "eps_avg_yearly": 0.56,
            "eps_latest_yearly": 0.56,
            "eps_growth_yearly": -388.03
        },
        "20202": {
            "year_quarter": 20202,
            "year": 2020,
            "quarter": 2,
            "eps": -0.07,
            "eps_growth_year": null,
            "eps_4q": -0.38,
            "eps_4q_growth_year": -110.93,
            "roe": -0.54,
            "roe_4q": -1.23,
            "gross_profit": 122763,
            "gross_margin": 18.33,
            "gross_margin_4q_avg": 18.22,
            "net_income": -6326,
            "net_income_4q": null,
            "revenue": 669636,
            "revenue_4q": null,
            "common_shares": 966515,
            "book_valuer_per_share": 9.76,
            "book_valuer_per_share_4q_avg": 10.08,
            "equity": 1157142,
            "current_ratio": 178.57,
            "debt_ratio": 52.08,
            "inventory_turnover_ratio": 1.89,
            "account_receivable_turnover_ratio": 1.06,
            "reinvestment_rate": 422.32,
            "research_to_sale_ratio": 7.11,
            "price_fair": 1.68,
            "eps_avg_yearly": 0.56,
            "eps_latest_yearly": 0.56,
            "eps_growth_yearly": -388.03
        },
        "20203": {
            "year_quarter": 20203,
            "year": 2020,
            "quarter": 3,
            "eps": -0.03,
            "eps_growth_year": null,
            "eps_4q": -0.32,
            "eps_4q_growth_year": null,
            "roe": -0.08,
            "roe_4q": -0.9499999999999998,
            "gross_profit": 168835,
            "gross_margin": 20.47,
            "gross_margin_4q_avg": 19.36,
            "net_income": -927,
            "net_income_4q": null,
            "revenue": 824749,
            "revenue_4q": null,
            "common_shares": 966515,
            "book_valuer_per_share": 9.7,
            "book_valuer_per_share_4q_avg": 9.91,
            "equity": 1153056,
            "current_ratio": 147.17,
            "debt_ratio": 55.67,
            "inventory_turnover_ratio": 2.08,
            "account_receivable_turnover_ratio": 1.15,
            "reinvestment_rate": 460.32,
            "research_to_sale_ratio": 6.28,
            "price_fair": 1.68,
            "eps_avg_yearly": 0.56,
            "eps_latest_yearly": 0.56,
            "eps_growth_yearly": -388.03
        },
        "20204": {
            "year_quarter": 20204,
            "year": 2020,
            "quarter": 4,
            "eps": -0.04,
            "eps_growth_year": -201.85,
            "eps_4q": -0.41,
            "eps_4q_growth_year": null,
            "roe": 1.04,
            "roe_4q": -0.84,
            "gross_profit": 185013,
            "gross_margin": 20.72,
            "gross_margin_4q_avg": 19.49,
            "net_income": 12113,
            "net_income_4q": null,
            "revenue": 893047,
            "revenue_4q": null,
            "common_shares": 966515,
            "book_valuer_per_share": 9.77,
            "book_valuer_per_share_4q_avg": 9.76,
            "equity": 1175607,
            "current_ratio": 139.17,
            "debt_ratio": 57.66,
            "inventory_turnover_ratio": 1.83,
            "account_receivable_turnover_ratio": 1.1,
            "reinvestment_rate": 497.61,
            "research_to_sale_ratio": 5.36,
            "price_fair": 1.68,
            "eps_avg_yearly": 0.56,
            "eps_latest_yearly": 0.56,
            "eps_growth_yearly": -388.03
        },
        "20211": {
            "year_quarter": 20211,
            "year": 2021,
            "quarter": 1,
            "eps": 0.11,
            "eps_growth_year": null,
            "eps_4q": -0.03,
            "eps_4q_growth_year": null,
            "roe": 1.8,
            "roe_4q": 2.2199999999999998,
            "gross_profit": 151986,
            "gross_margin": 16.87,
            "gross_margin_4q_avg": 19.1,
            "net_income": 21364,
            "net_income_4q": null,
            "revenue": 901151,
            "revenue_4q": null,
            "common_shares": 966515,
            "book_valuer_per_share": 9.86,
            "book_valuer_per_share_4q_avg": 9.77,
            "equity": 1196403,
            "current_ratio": 138.67,
            "debt_ratio": 57.63,
            "inventory_turnover_ratio": 1.71,
            "account_receivable_turnover_ratio": 1.05,
            "reinvestment_rate": 328.66,
            "research_to_sale_ratio": 4.48,
            "price_fair": 1.68,
            "eps_avg_yearly": 0.56,
            "eps_latest_yearly": 0.56,
            "eps_growth_yearly": -388.03
        },
        "20212": {
            "year_quarter": 20212,
            "year": 2021,
            "quarter": 2,
            "eps": -0.01,
            "eps_growth_year": null,
            "eps_4q": 0.02,
            "eps_4q_growth_year": null,
            "roe": -0.16,
            "roe_4q": 2.6,
            "gross_profit": 154652,
            "gross_margin": 15.82,
            "gross_margin_4q_avg": 18.47,
            "net_income": -1872,
            "net_income_4q": null,
            "revenue": 977634,
            "revenue_4q": null,
            "common_shares": 966515,
            "book_valuer_per_share": 9.71,
            "book_valuer_per_share_4q_avg": 9.76,
            "equity": 1181161,
            "current_ratio": 151.91,
            "debt_ratio": 59.23,
            "inventory_turnover_ratio": 1.83,
            "account_receivable_turnover_ratio": 1.12,
            "reinvestment_rate": 284.98,
            "research_to_sale_ratio": 3.88,
            "price_fair": 1.68,
            "eps_avg_yearly": 0.56,
            "eps_latest_yearly": 0.56,
            "eps_growth_yearly": -388.03
        },
        "20213": {
            "year_quarter": 20213,
            "year": 2021,
            "quarter": 3,
            "eps": 0.35,
            "eps_growth_year": null,
            "eps_4q": 0.4,
            "eps_4q_growth_year": null,
            "roe": 3.67,
            "roe_4q": 6.35,
            "gross_profit": 194180,
            "gross_margin": 18,
            "gross_margin_4q_avg": 17.85,
            "net_income": 43764,
            "net_income_4q": null,
            "revenue": 1078711,
            "revenue_4q": null,
            "common_shares": 966515,
            "book_valuer_per_share": 9.91,
            "book_valuer_per_share_4q_avg": 9.81,
            "equity": 1203887,
            "current_ratio": 157.04,
            "debt_ratio": 59.82,
            "inventory_turnover_ratio": 1.92,
            "account_receivable_turnover_ratio": 1.18,
            "reinvestment_rate": 171.09,
            "research_to_sale_ratio": 3.61,
            "price_fair": 1.68,
            "eps_avg_yearly": 0.56,
            "eps_latest_yearly": 0.56,
            "eps_growth_yearly": -388.03
        },
        "20214": {
            "year_quarter": 20214,
            "year": 2021,
            "quarter": 4,
            "eps": 1.3,
            "eps_growth_year": null,
            "eps_4q": 1.71,
            "eps_4q_growth_year": null,
            "roe": 11.97,
            "roe_4q": 17.28,
            "gross_profit": 200963,
            "gross_margin": 18.69,
            "gross_margin_4q_avg": 17.35,
            "net_income": 145389,
            "net_income_4q": null,
            "revenue": 1075060,
            "revenue_4q": null,
            "common_shares": 1046858,
            "book_valuer_per_share": 11.68,
            "book_valuer_per_share_4q_avg": 10.29,
            "equity": 1224578,
            "current_ratio": 152.61,
            "debt_ratio": 52.56,
            "inventory_turnover_ratio": 1.82,
            "account_receivable_turnover_ratio": 1.17,
            "reinvestment_rate": 125.2,
            "research_to_sale_ratio": 3.44,
            "price_fair": 100.8,
            "eps_avg_yearly": 2.88,
            "eps_latest_yearly": 5.2,
            "eps_growth_yearly": 348.84
        },
        "20221": {
            "year_quarter": 20221,
            "year": 2022,
            "quarter": 1,
            "eps": 0.29,
            "eps_growth_year": 163.64,
            "eps_4q": 1.86,
            "eps_4q_growth_year": null,
            "roe": 2.44,
            "roe_4q": 17.919999999999998,
            "gross_profit": 118866,
            "gross_margin": 15.48,
            "gross_margin_4q_avg": 17,
            "net_income": 31198,
            "net_income_4q": null,
            "revenue": 767856,
            "revenue_4q": null,
            "common_shares": 1074657,
            "book_valuer_per_share": 12.38,
            "book_valuer_per_share_4q_avg": 10.92,
            "equity": 1331670,
            "current_ratio": 162.64,
            "debt_ratio": 47.2,
            "inventory_turnover_ratio": 1.35,
            "account_receivable_turnover_ratio": 0.92,
            "reinvestment_rate": 93.2,
            "research_to_sale_ratio": 3.4,
            "price_fair": 80.73,
            "eps_avg_yearly": 2.31,
            "eps_latest_yearly": 1.16,
            "eps_growth_yearly": 128.97
        },
        "20222": {
            "year_quarter": 20222,
            "year": 2022,
            "quarter": 2,
            "eps": 0.12,
            "eps_growth_year": null,
            "eps_4q": 1.99,
            "eps_4q_growth_year": 7991.36,
            "roe": 0.99,
            "roe_4q": 19.07,
            "gross_profit": 99323,
            "gross_margin": 17.71,
            "gross_margin_4q_avg": 17.47,
            "net_income": 12895,
            "net_income_4q": null,
            "revenue": 560743,
            "revenue_4q": null,
            "common_shares": 1074657,
            "book_valuer_per_share": 11.76,
            "book_valuer_per_share_4q_avg": 11.43,
            "equity": 1265472,
            "current_ratio": 158.85,
            "debt_ratio": 48.4,
            "inventory_turnover_ratio": 0.92,
            "account_receivable_turnover_ratio": 0.82,
            "reinvestment_rate": 113.99,
            "research_to_sale_ratio": 4.42,
            "price_fair": 64.75,
            "eps_avg_yearly": 1.85,
            "eps_latest_yearly": 0.48,
            "eps_growth_yearly": 38.11
        },
        "20223": {
            "year_quarter": 20223,
            "year": 2022,
            "quarter": 3,
            "eps": 0.83,
            "eps_growth_year": 137.14,
            "eps_4q": 2.51,
            "eps_4q_growth_year": 524.76,
            "roe": 6.72,
            "roe_4q": 22.12,
            "gross_profit": 163744,
            "gross_margin": 19.92,
            "gross_margin_4q_avg": 17.95,
            "net_income": 88727,
            "net_income_4q": null,
            "revenue": 822047,
            "revenue_4q": null,
            "common_shares": 1074657,
            "book_valuer_per_share": 12.78,
            "book_valuer_per_share_4q_avg": 12.15,
            "equity": 1374463,
            "current_ratio": 208.03,
            "debt_ratio": 48.13,
            "inventory_turnover_ratio": 1.32,
            "account_receivable_turnover_ratio": 1.17,
            "reinvestment_rate": 307.76,
            "research_to_sale_ratio": 2.8,
            "price_fair": 75.04,
            "eps_avg_yearly": 2.14,
            "eps_latest_yearly": 3.32,
            "eps_growth_yearly": 503.82
        },
        "20224": {
            "year_quarter": 20224,
            "year": 2022,
            "quarter": 4,
            "eps": 0.21,
            "eps_growth_year": -83.81,
            "eps_4q": 1.45,
            "eps_4q_growth_year": -15.19,
            "roe": 1.63,
            "roe_4q": 11.78,
            "gross_profit": 132000,
            "gross_margin": 21.46,
            "gross_margin_4q_avg": 18.64,
            "net_income": 22660,
            "net_income_4q": null,
            "revenue": 615236,
            "revenue_4q": null,
            "common_shares": 1075065,
            "book_valuer_per_share": 13.14,
            "book_valuer_per_share_4q_avg": 12.52,
            "equity": 1414356,
            "current_ratio": 218.34,
            "debt_ratio": 45.42,
            "inventory_turnover_ratio": 1.06,
            "account_receivable_turnover_ratio": 0.83,
            "reinvestment_rate": 330.81,
            "research_to_sale_ratio": 3.71,
            "price_fair": 77,
            "eps_avg_yearly": 2.2,
            "eps_latest_yearly": 0.84,
            "eps_growth_yearly": 521.67
        },
        "20231": {
            "year_quarter": 20231,
            "year": 2023,
            "quarter": 1,
            "eps": -0.12,
            "eps_growth_year": -141.38,
            "eps_4q": 1.04,
            "eps_4q_growth_year": -43.95,
            "roe": -0.88,
            "roe_4q": 8.459999999999999,
            "gross_profit": 93956,
            "gross_margin": 16.72,
            "gross_margin_4q_avg": 18.95,
            "net_income": -12438,
            "net_income_4q": null,
            "revenue": 561894,
            "revenue_4q": null,
            "common_shares": 1075065,
            "book_valuer_per_share": 13.07,
            "book_valuer_per_share_4q_avg": 12.69,
            "equity": 1407206,
            "current_ratio": 237.35,
            "debt_ratio": 43.48,
            "inventory_turnover_ratio": 1.19,
            "account_receivable_turnover_ratio": 0.92,
            "reinvestment_rate": 274.7,
            "research_to_sale_ratio": 4.2,
            "price_fair": 77,
            "eps_avg_yearly": 2.2,
            "eps_latest_yearly": 0.84,
            "eps_growth_yearly": 521.67
        },
        "20232": {
            "year_quarter": 20232,
            "year": 2023,
            "quarter": 2,
            "eps": 0.05,
            "eps_growth_year": -58.33,
            "eps_4q": 0.97,
            "eps_4q_growth_year": -51.1,
            "roe": 0.41,
            "roe_4q": 7.88,
            "gross_profit": 101980,
            "gross_margin": 17.38,
            "gross_margin_4q_avg": 18.87,
            "net_income": 5537,
            "net_income_4q": null,
            "revenue": 586922,
            "revenue_4q": null,
            "common_shares": 1075065,
            "book_valuer_per_share": 12.23,
            "book_valuer_per_share_4q_avg": 12.81,
            "equity": 1316374,
            "current_ratio": 184.48,
            "debt_ratio": 51.61,
            "inventory_turnover_ratio": 1.33,
            "account_receivable_turnover_ratio": 0.98,
            "reinvestment_rate": 259.96,
            "research_to_sale_ratio": 4.77,
            "price_fair": 77,
            "eps_avg_yearly": 2.2,
            "eps_latest_yearly": 0.84,
            "eps_growth_yearly": 521.67
        },
        "20233": {
            "year_quarter": 20233,
            "year": 2023,
            "quarter": 3,
            "eps": 0.73,
            "eps_growth_year": -12.05,
            "eps_4q": 0.88,
            "eps_4q_growth_year": -64.84,
            "roe": 5.79,
            "roe_4q": 6.95,
            "gross_profit": 193044,
            "gross_margin": 21.58,
            "gross_margin_4q_avg": 19.29,
            "net_income": 78832,
            "net_income_4q": null,
            "revenue": 894697,
            "revenue_4q": null,
            "common_shares": 1075065,
            "book_valuer_per_share": 13.06,
            "book_valuer_per_share_4q_avg": 12.88,
            "equity": 1405551,
            "current_ratio": 126.32,
            "debt_ratio": 55.22,
            "inventory_turnover_ratio": 1.95,
            "account_receivable_turnover_ratio": 1.13,
            "reinvestment_rate": 158.27,
            "research_to_sale_ratio": 3.87,
            "price_fair": 81.2,
            "eps_avg_yearly": 2.32,
            "eps_latest_yearly": 2.92,
            "eps_growth_yearly": 1341.39
        }
    },
    "months": {
        "2004-09": {
            "month": "2004-09",
            "price": "22.95",
            "revenue": 90000
        },
        "2004-10": {
            "month": "2004-10",
            "price": "23.01",
            "revenue": 88703
        },
        "2004-11": {
            "month": "2004-11",
            "price": "23.12",
            "revenue": 93812
        },
        "2004-12": {
            "month": "2004-12",
            "price": "22.90",
            "revenue": 71604
        },
        "2005-01": {
            "month": "2005-01",
            "price": "22.50",
            "revenue": 74689
        },
        "2005-02": {
            "month": "2005-02",
            "price": "20.00",
            "revenue": 56790
        },
        "2005-03": {
            "month": "2005-03",
            "price": "21.05",
            "revenue": 103065
        },
        "2005-04": {
            "month": "2005-04",
            "price": "23.75",
            "revenue": 101349
        },
        "2005-05": {
            "month": "2005-05",
            "price": "26.05",
            "revenue": 87983
        },
        "2005-07": {
            "month": "2005-07",
            "price": "19.42",
            "revenue": 63026
        },
        "2005-08": {
            "month": "2005-08",
            "price": "16.82",
            "revenue": 105578
        },
        "2005-09": {
            "month": "2005-09",
            "price": "20.24",
            "revenue": 113816
        },
        "2005-10": {
            "month": "2005-10",
            "price": "22.24",
            "revenue": 119103
        },
        "2005-11": {
            "month": "2005-11",
            "price": "21.84",
            "revenue": 137774
        },
        "2005-12": {
            "month": "2005-12",
            "price": "20.60",
            "revenue": 136503
        },
        "2006-01": {
            "month": "2006-01",
            "price": "18.37",
            "revenue": 138626
        },
        "2006-02": {
            "month": "2006-02",
            "price": "19.00",
            "revenue": 138570
        },
        "2006-03": {
            "month": "2006-03",
            "price": "22.01",
            "revenue": 162689
        },
        "2006-04": {
            "month": "2006-04",
            "price": "22.80",
            "revenue": 155609
        },
        "2006-06": {
            "month": "2006-06",
            "price": "24.01",
            "revenue": 197048
        },
        "2006-08": {
            "month": "2006-08",
            "price": "23.84",
            "revenue": 206559
        },
        "2006-09": {
            "month": "2006-09",
            "price": "22.50",
            "revenue": 292269
        },
        "2006-11": {
            "month": "2006-11",
            "price": "21.17",
            "revenue": 292230
        },
        "2006-12": {
            "month": "2006-12",
            "price": "26.63",
            "revenue": 270526
        },
        "2007-01": {
            "month": "2007-01",
            "price": "26.49",
            "revenue": 203474
        },
        "2007-02": {
            "month": "2007-02",
            "price": "28.01",
            "revenue": 185483
        },
        "2007-03": {
            "month": "2007-03",
            "price": "28.75",
            "revenue": 235707
        },
        "2007-04": {
            "month": "2007-04",
            "price": "29.63",
            "revenue": 259459
        },
        "2007-05": {
            "month": "2007-05",
            "price": "28.47",
            "revenue": 304898
        },
        "2007-06": {
            "month": "2007-06",
            "price": "34.97",
            "revenue": 290664
        },
        "2007-07": {
            "month": "2007-07",
            "price": "43.06",
            "revenue": 295840
        },
        "2007-08": {
            "month": "2007-08",
            "price": "49.84",
            "revenue": 297731
        },
        "2007-09": {
            "month": "2007-09",
            "price": "46.58",
            "revenue": 327179
        },
        "2007-10": {
            "month": "2007-10",
            "price": "45.02",
            "revenue": 354653
        },
        "2007-11": {
            "month": "2007-11",
            "price": "39.67",
            "revenue": 312941
        },
        "2007-12": {
            "month": "2007-12",
            "price": "30.29",
            "revenue": 244986
        },
        "2008-01": {
            "month": "2008-01",
            "price": "26.45",
            "revenue": 384577
        },
        "2008-02": {
            "month": "2008-02",
            "price": "26.00",
            "revenue": 170287
        },
        "2008-03": {
            "month": "2008-03",
            "price": "26.46",
            "revenue": 403958
        },
        "2008-04": {
            "month": "2008-04",
            "price": "30.93",
            "revenue": 301675
        },
        "2008-05": {
            "month": "2008-05",
            "price": "32.67",
            "revenue": 284270
        },
        "2008-06": {
            "month": "2008-06",
            "price": "29.43",
            "revenue": 278984
        },
        "2008-07": {
            "month": "2008-07",
            "price": "28.02",
            "revenue": 221601
        },
        "2008-08": {
            "month": "2008-08",
            "price": "25.34",
            "revenue": 229785
        },
        "2008-09": {
            "month": "2008-09",
            "price": "20.31",
            "revenue": 281569
        },
        "2008-10": {
            "month": "2008-10",
            "price": "13.85",
            "revenue": 240353
        },
        "2008-11": {
            "month": "2008-11",
            "price": "13.02",
            "revenue": 191106
        },
        "2008-12": {
            "month": "2008-12",
            "price": "12.11",
            "revenue": 149000
        },
        "2009-01": {
            "month": "2009-01",
            "price": "11.51",
            "revenue": 133197
        },
        "2009-02": {
            "month": "2009-02",
            "price": "11.95",
            "revenue": 136927
        },
        "2009-03": {
            "month": "2009-03",
            "price": "14.51",
            "revenue": 212532
        },
        "2009-04": {
            "month": "2009-04",
            "price": "18.39",
            "revenue": 200540
        },
        "2009-05": {
            "month": "2009-05",
            "price": "24.26",
            "revenue": 185798
        },
        "2009-06": {
            "month": "2009-06",
            "price": "20.85",
            "revenue": 171736
        },
        "2009-07": {
            "month": "2009-07",
            "price": "20.98",
            "revenue": 178451
        },
        "2009-08": {
            "month": "2009-08",
            "price": "21.11",
            "revenue": 160016
        },
        "2009-09": {
            "month": "2009-09",
            "price": "21.17",
            "revenue": 225864
        },
        "2009-10": {
            "month": "2009-10",
            "price": "23.52",
            "revenue": 192792
        },
        "2009-11": {
            "month": "2009-11",
            "price": "21.57",
            "revenue": 204483
        },
        "2009-12": {
            "month": "2009-12",
            "price": "23.20",
            "revenue": 168515
        },
        "2010-01": {
            "month": "2010-01",
            "price": "25.64",
            "revenue": 146767
        },
        "2010-02": {
            "month": "2010-02",
            "price": "23.61",
            "revenue": 106150
        },
        "2010-03": {
            "month": "2010-03",
            "price": "25.54",
            "revenue": 201113
        },
        "2010-04": {
            "month": "2010-04",
            "price": "24.32",
            "revenue": 182542
        },
        "2010-05": {
            "month": "2010-05",
            "price": "19.67",
            "revenue": 183293
        },
        "2010-06": {
            "month": "2010-06",
            "price": "18.53",
            "revenue": 251805
        },
        "2010-07": {
            "month": "2010-07",
            "price": "18.74",
            "revenue": 165898
        },
        "2010-08": {
            "month": "2010-08",
            "price": "19.08",
            "revenue": 190264
        },
        "2010-09": {
            "month": "2010-09",
            "price": "19.19",
            "revenue": 170237
        },
        "2010-10": {
            "month": "2010-10",
            "price": "18.13",
            "revenue": 146069
        },
        "2010-11": {
            "month": "2010-11",
            "price": "16.05",
            "revenue": 218738
        },
        "2010-12": {
            "month": "2010-12",
            "price": "17.42",
            "revenue": 166438
        },
        "2011-01": {
            "month": "2011-01",
            "price": "16.92",
            "revenue": 175348
        },
        "2011-02": {
            "month": "2011-02",
            "price": "16.05",
            "revenue": 89541
        },
        "2011-03": {
            "month": "2011-03",
            "price": "14.38",
            "revenue": 220737
        },
        "2011-04": {
            "month": "2011-04",
            "price": "14.47",
            "revenue": 248089
        },
        "2011-05": {
            "month": "2011-05",
            "price": "14.07",
            "revenue": 259422
        },
        "2011-06": {
            "month": "2011-06",
            "price": "13.34",
            "revenue": 211221
        },
        "2011-07": {
            "month": "2011-07",
            "price": "12.75",
            "revenue": 194469
        },
        "2011-08": {
            "month": "2011-08",
            "price": "11.55",
            "revenue": 251994
        },
        "2011-09": {
            "month": "2011-09",
            "price": "11.45",
            "revenue": 252939
        },
        "2011-10": {
            "month": "2011-10",
            "price": "11.92",
            "revenue": 210904
        },
        "2011-11": {
            "month": "2011-11",
            "price": "10.88",
            "revenue": 137022
        },
        "2011-12": {
            "month": "2011-12",
            "price": "8.27",
            "revenue": 118135
        },
        "2012-01": {
            "month": "2012-01",
            "price": "7.95",
            "revenue": 87047
        },
        "2012-02": {
            "month": "2012-02",
            "price": "10.24",
            "revenue": 111118
        },
        "2012-03": {
            "month": "2012-03",
            "price": "10.60",
            "revenue": 146773
        },
        "2012-04": {
            "month": "2012-04",
            "price": "9.19",
            "revenue": 160339
        },
        "2012-05": {
            "month": "2012-05",
            "price": "8.91",
            "revenue": 134485
        },
        "2012-06": {
            "month": "2012-06",
            "price": "8.26",
            "revenue": 124051
        },
        "2012-07": {
            "month": "2012-07",
            "price": "8.55",
            "revenue": 175870
        },
        "2012-08": {
            "month": "2012-08",
            "price": "8.43",
            "revenue": 189574
        },
        "2012-09": {
            "month": "2012-09",
            "price": "8.81",
            "revenue": 191633
        },
        "2012-10": {
            "month": "2012-10",
            "price": "8.21",
            "revenue": 142629
        },
        "2012-11": {
            "month": "2012-11",
            "price": "7.95",
            "revenue": 155465
        },
        "2012-12": {
            "month": "2012-12",
            "price": "7.67",
            "revenue": 156383
        },
        "2013-01": {
            "month": "2013-01",
            "price": "7.76",
            "revenue": 192046
        },
        "2013-02": {
            "month": "2013-02",
            "price": "8.02",
            "revenue": 132662
        },
        "2013-03": {
            "month": "2013-03",
            "price": "9.08",
            "revenue": 195064
        },
        "2013-04": {
            "month": "2013-04",
            "price": "9.78",
            "revenue": 217264
        },
        "2013-05": {
            "month": "2013-05",
            "price": "10.17",
            "revenue": 206614
        },
        "2013-06": {
            "month": "2013-06",
            "price": "10.01",
            "revenue": 202368
        },
        "2013-07": {
            "month": "2013-07",
            "price": "9.68",
            "revenue": 170089
        },
        "2013-08": {
            "month": "2013-08",
            "price": "8.85",
            "revenue": 176950
        },
        "2013-09": {
            "month": "2013-09",
            "price": "8.45",
            "revenue": 160966
        },
        "2013-10": {
            "month": "2013-10",
            "price": "8.15",
            "revenue": 214242
        },
        "2013-11": {
            "month": "2013-11",
            "price": "8.19",
            "revenue": 201260
        },
        "2013-12": {
            "month": "2013-12",
            "price": "8.26",
            "revenue": 218287
        },
        "2014-01": {
            "month": "2014-01",
            "price": "8.77",
            "revenue": 213482
        },
        "2014-02": {
            "month": "2014-02",
            "price": "9.65",
            "revenue": 192488
        },
        "2014-03": {
            "month": "2014-03",
            "price": "9.96",
            "revenue": 218579
        },
        "2014-04": {
            "month": "2014-04",
            "price": "9.98",
            "revenue": 194426
        },
        "2014-05": {
            "month": "2014-05",
            "price": "9.56",
            "revenue": 171333
        },
        "2014-06": {
            "month": "2014-06",
            "price": "11.13",
            "revenue": 168990
        },
        "2014-07": {
            "month": "2014-07",
            "price": "12.95",
            "revenue": 174552
        },
        "2014-08": {
            "month": "2014-08",
            "price": "11.40",
            "revenue": 202341
        },
        "2014-09": {
            "month": "2014-09",
            "price": "11.11",
            "revenue": 210013
        },
        "2014-10": {
            "month": "2014-10",
            "price": "10.58",
            "revenue": 208380
        },
        "2014-11": {
            "month": "2014-11",
            "price": "10.18",
            "revenue": 189131
        },
        "2014-12": {
            "month": "2014-12",
            "price": "11.71",
            "revenue": 213921
        },
        "2015-01": {
            "month": "2015-01",
            "price": "11.69",
            "revenue": 192174
        },
        "2015-02": {
            "month": "2015-02",
            "price": "11.38",
            "revenue": 139868
        },
        "2015-03": {
            "month": "2015-03",
            "price": "11.67",
            "revenue": 143177
        },
        "2015-04": {
            "month": "2015-04",
            "price": "12.22",
            "revenue": 152245
        },
        "2015-05": {
            "month": "2015-05",
            "price": "10.36",
            "revenue": 161210
        },
        "2015-06": {
            "month": "2015-06",
            "price": "9.89",
            "revenue": 173385
        },
        "2015-07": {
            "month": "2015-07",
            "price": "8.97",
            "revenue": 178979
        },
        "2015-08": {
            "month": "2015-08",
            "price": "7.27",
            "revenue": 164697
        },
        "2015-09": {
            "month": "2015-09",
            "price": "6.96",
            "revenue": 209711
        },
        "2015-10": {
            "month": "2015-10",
            "price": "9.98",
            "revenue": 181970
        },
        "2015-11": {
            "month": "2015-11",
            "price": "11.24",
            "revenue": 222904
        },
        "2015-12": {
            "month": "2015-12",
            "price": "11.24",
            "revenue": 217094
        },
        "2016-01": {
            "month": "2016-01",
            "price": "9.45",
            "revenue": 252304
        },
        "2016-02": {
            "month": "2016-02",
            "price": "10.43",
            "revenue": 130444
        },
        "2016-03": {
            "month": "2016-03",
            "price": "11.42",
            "revenue": 190982
        },
        "2016-04": {
            "month": "2016-04",
            "price": "10.46",
            "revenue": 182304
        },
        "2016-05": {
            "month": "2016-05",
            "price": "10.12",
            "revenue": 155156
        },
        "2016-06": {
            "month": "2016-06",
            "price": "10.24",
            "revenue": 180725
        },
        "2016-07": {
            "month": "2016-07",
            "price": "9.92",
            "revenue": 190955
        },
        "2016-08": {
            "month": "2016-08",
            "price": "9.47",
            "revenue": 182441
        },
        "2016-09": {
            "month": "2016-09",
            "price": "8.62",
            "revenue": 229980
        },
        "2016-10": {
            "month": "2016-10",
            "price": "8.10",
            "revenue": 189602
        },
        "2016-11": {
            "month": "2016-11",
            "price": "7.82",
            "revenue": 203560
        },
        "2016-12": {
            "month": "2016-12",
            "price": "7.63",
            "revenue": 199064
        },
        "2017-01": {
            "month": "2017-01",
            "price": "7.52",
            "revenue": 194126
        },
        "2017-02": {
            "month": "2017-02",
            "price": "8.18",
            "revenue": 136881
        },
        "2017-03": {
            "month": "2017-03",
            "price": "8.13",
            "revenue": 202437
        },
        "2017-04": {
            "month": "2017-04",
            "price": "7.80",
            "revenue": 175215
        },
        "2017-05": {
            "month": "2017-05",
            "price": "7.88",
            "revenue": 183457
        },
        "2017-06": {
            "month": "2017-06",
            "price": "7.89",
            "revenue": 187937
        },
        "2017-07": {
            "month": "2017-07",
            "price": "7.72",
            "revenue": 201763
        },
        "2017-08": {
            "month": "2017-08",
            "price": "7.53",
            "revenue": 171538
        },
        "2017-09": {
            "month": "2017-09",
            "price": "8.68",
            "revenue": 243185
        },
        "2017-10": {
            "month": "2017-10",
            "price": "10.94",
            "revenue": 208667
        },
        "2017-11": {
            "month": "2017-11",
            "price": "10.89",
            "revenue": 244470
        },
        "2017-12": {
            "month": "2017-12",
            "price": "10.14",
            "revenue": 207059
        },
        "2018-01": {
            "month": "2018-01",
            "price": "9.16",
            "revenue": 203870
        },
        "2018-02": {
            "month": "2018-02",
            "price": "8.83",
            "revenue": 129615
        },
        "2018-03": {
            "month": "2018-03",
            "price": "9.42",
            "revenue": 185085
        },
        "2018-04": {
            "month": "2018-04",
            "price": "8.60",
            "revenue": 162108
        },
        "2018-05": {
            "month": "2018-05",
            "price": "8.05",
            "revenue": 229761
        },
        "2018-06": {
            "month": "2018-06",
            "price": "9.14",
            "revenue": 235257
        },
        "2018-07": {
            "month": "2018-07",
            "price": "8.49",
            "revenue": 219672
        },
        "2018-08": {
            "month": "2018-08",
            "price": "9.14",
            "revenue": 255716
        },
        "2018-09": {
            "month": "2018-09",
            "price": "8.98",
            "revenue": 241610
        },
        "2018-10": {
            "month": "2018-10",
            "price": "8.73",
            "revenue": 244286
        },
        "2018-11": {
            "month": "2018-11",
            "price": "9.60",
            "revenue": 275490
        },
        "2018-12": {
            "month": "2018-12",
            "price": "11.85",
            "revenue": 260945
        },
        "2019-01": {
            "month": "2019-01",
            "price": "13.51",
            "revenue": 238271
        },
        "2019-02": {
            "month": "2019-02",
            "price": "12.94",
            "revenue": 123626
        },
        "2019-03": {
            "month": "2019-03",
            "price": "12.10",
            "revenue": 197730
        },
        "2019-04": {
            "month": "2019-04",
            "price": "11.26",
            "revenue": 193313
        },
        "2019-05": {
            "month": "2019-05",
            "price": "9.88",
            "revenue": 194716
        },
        "2019-06": {
            "month": "2019-06",
            "price": "8.73",
            "revenue": 187419
        },
        "2019-07": {
            "month": "2019-07",
            "price": "9.09",
            "revenue": 218575
        },
        "2019-08": {
            "month": "2019-08",
            "price": "8.71",
            "revenue": 247222
        },
        "2019-09": {
            "month": "2019-09",
            "price": "8.90",
            "revenue": 208130
        },
        "2019-10": {
            "month": "2019-10",
            "price": "9.05",
            "revenue": 266932
        },
        "2019-11": {
            "month": "2019-11",
            "price": "8.68",
            "revenue": 257315
        },
        "2019-12": {
            "month": "2019-12",
            "price": "8.32",
            "revenue": 261665
        },
        "2020-01": {
            "month": "2020-01",
            "price": "7.87",
            "revenue": 196044
        },
        "2020-02": {
            "month": "2020-02",
            "price": "7.09",
            "revenue": 140599
        },
        "2020-03": {
            "month": "2020-03",
            "price": "5.73",
            "revenue": 213324
        },
        "2020-04": {
            "month": "2020-04",
            "price": "5.95",
            "revenue": 198018
        },
        "2020-05": {
            "month": "2020-05",
            "price": "6.74",
            "revenue": 238822
        },
        "2020-06": {
            "month": "2020-06",
            "price": "6.72",
            "revenue": 232796
        },
        "2020-07": {
            "month": "2020-07",
            "price": "7.45",
            "revenue": 278897
        },
        "2020-08": {
            "month": "2020-08",
            "price": "7.33",
            "revenue": 275163
        },
        "2020-09": {
            "month": "2020-09",
            "price": "8.01",
            "revenue": 272698
        },
        "2020-10": {
            "month": "2020-10",
            "price": "8.01",
            "revenue": 271693
        },
        "2020-11": {
            "month": "2020-11",
            "price": "7.86",
            "revenue": 311387
        },
        "2020-12": {
            "month": "2020-12",
            "price": "10.48",
            "revenue": 309046
        },
        "2021-01": {
            "month": "2021-01",
            "price": "12.34",
            "revenue": 349812
        },
        "2021-02": {
            "month": "2021-02",
            "price": "14.13",
            "revenue": 205453
        },
        "2021-03": {
            "month": "2021-03",
            "price": "17.50",
            "revenue": 341724
        },
        "2021-04": {
            "month": "2021-04",
            "price": "22.94",
            "revenue": 330292
        },
        "2021-05": {
            "month": "2021-05",
            "price": "18.40",
            "revenue": 316257
        },
        "2021-06": {
            "month": "2021-06",
            "price": "17.10",
            "revenue": 333884
        },
        "2021-07": {
            "month": "2021-07",
            "price": "16.82",
            "revenue": 373781
        },
        "2021-08": {
            "month": "2021-08",
            "price": "16.23",
            "revenue": 312441
        },
        "2021-09": {
            "month": "2021-09",
            "price": "15.52",
            "revenue": 399187
        },
        "2021-10": {
            "month": "2021-10",
            "price": "15.28",
            "revenue": 328305
        },
        "2021-11": {
            "month": "2021-11",
            "price": "17.06",
            "revenue": 430120
        },
        "2021-12": {
            "month": "2021-12",
            "price": "22.99",
            "revenue": 318103
        },
        "2022-01": {
            "month": "2022-01",
            "price": "23.74",
            "revenue": 301991
        },
        "2022-02": {
            "month": "2022-02",
            "price": "22.90",
            "revenue": 193462
        },
        "2022-03": {
            "month": "2022-03",
            "price": "23.69",
            "revenue": 271352
        },
        "2022-04": {
            "month": "2022-04",
            "price": "21.32",
            "revenue": 175592
        },
        "2022-05": {
            "month": "2022-05",
            "price": "20.18",
            "revenue": 176313
        },
        "2022-06": {
            "month": "2022-06",
            "price": "18.24",
            "revenue": 208838
        },
        "2022-07": {
            "month": "2022-07",
            "price": "16.83",
            "revenue": 271868
        },
        "2022-08": {
            "month": "2022-08",
            "price": "19.48",
            "revenue": 270540
        },
        "2022-09": {
            "month": "2022-09",
            "price": "20.19",
            "revenue": 279639
        },
        "2022-10": {
            "month": "2022-10",
            "price": "17.05",
            "revenue": 223559
        },
        "2022-11": {
            "month": "2022-11",
            "price": "19.74",
            "revenue": 209204
        },
        "2022-12": {
            "month": "2022-12",
            "price": "19.88",
            "revenue": 182473
        },
        "2023-01": {
            "month": "2023-01",
            "price": "19.03",
            "revenue": 153009
        },
        "2023-02": {
            "month": "2023-02",
            "price": "20.61",
            "revenue": 172611
        },
        "2023-03": {
            "month": "2023-03",
            "price": "21.38",
            "revenue": 236274
        },
        "2023-04": {
            "month": "2023-04",
            "price": "22.52",
            "revenue": 173368
        },
        "2023-05": {
            "month": "2023-05",
            "price": "20.31",
            "revenue": 189772
        },
        "2023-06": {
            "month": "2023-06",
            "price": "19.89",
            "revenue": 223782
        },
        "2023-07": {
            "month": "2023-07",
            "price": "21.33",
            "revenue": 254028
        },
        "2023-08": {
            "month": "2023-08",
            "price": "21.62",
            "revenue": 336492
        },
        "2023-09": {
            "month": "2023-09",
            "price": "22.60",
            "revenue": 304177
        },
        "2023-10": {
            "month": "2023-10",
            "price": "24.43",
            "revenue": 244285
        },
        "2023-11": {
            "month": "2023-11",
            "price": "24.50",
            "revenue": 241239
        },
        "2023-12": {
            "month": "2023-12",
            "price": "22.51",
            "revenue": 187015
        }
    }
}
