{
    "summary": {
        "stock_name": "加百裕",
        "stock_id": "3323",
        "category": "電腦及週邊設備",
        "main_business": "電子零組件製造業，電池製造業，電器零售業<br>電子材料批發業，電子材料零售業，電器批發業<br>國際貿易業",
        "website_url": "http://www.celxpert.com.tw",
        "ceo": "黃世明",
        "pe_ratio": -14,
        "report_year_from": 2003,
        "report_year_to": 2023,
        "age": 21,
        "eps_negative_percentage": 11,
        "eps_growth_avg": {
            "last_all": -2.82,
            "last_2y": -45.41,
            "last_4y": -11.6,
            "last_8y": 0.22,
            "last_12y": -7.32,
            "last_16y": -7.27,
            "last_20y": null,
            "at_2006_last_3y": null,
            "at_2007_last_3y": null,
            "at_2008_last_3y": null,
            "at_2009_last_3y": 17.07,
            "at_2010_last_3y": -7.12,
            "at_2011_last_3y": -47.88,
            "at_2012_last_3y": -50,
            "at_2013_last_3y": -72.74,
            "at_2014_last_3y": -29.94,
            "at_2015_last_3y": -5.98,
            "at_2016_last_3y": -9.03,
            "at_2017_last_3y": 38.43,
            "at_2018_last_3y": 14.98,
            "at_2019_last_3y": 16.57,
            "at_2020_last_3y": 46.12,
            "at_2021_last_3y": 15.38,
            "at_2022_last_3y": 10.51,
            "at_2023_last_3y": -9.05,
            "at_2024_last_3y": -9.05,
            "at_2006_last_all": null,
            "at_2007_last_all": 65.7,
            "at_2008_last_all": 29.96,
            "at_2009_last_all": 17.07,
            "at_2010_last_all": 7.98,
            "at_2011_last_all": -10.02,
            "at_2012_last_all": -10.02,
            "at_2013_last_all": -21.42,
            "at_2014_last_all": -6.24,
            "at_2015_last_all": -8.67,
            "at_2016_last_all": -9.62,
            "at_2017_last_all": 0.34,
            "at_2018_last_all": 0.83,
            "at_2019_last_all": -0.9,
            "at_2020_last_all": 6.3,
            "at_2021_last_all": 4.35,
            "at_2022_last_all": 3.25,
            "at_2023_last_all": -2.82,
            "at_2024_last_all": -2.82
        },
        "latest_eps": -1.84,
        "latest_price": 26,
        "latest_roe": -6.13,
        "latest_gross_margin": 10.19,
        "latest_equity": 2659534,
        "latest_revenue": 1856960,
        "latest_gross_profit": 189219,
        "latest_net_income": -22966,
        "latest_debt_ratio": 57.86,
        "latest_current_ratio": 190.33,
        "latest_account_receivable_turnover_ratio": 0.79,
        "latest_inventory_turnover_ratio": 1.32,
        "latest_reinvestment_rate": 10.23,
        "latest_research_to_sale_ratio": 3.02
    },
    "eps_dividends": {
        "2001": {
            "cash": 0,
            "stock": 0,
            "eps": 0
        },
        "2002": {
            "cash": 0,
            "stock": 0,
            "eps": 0
        },
        "2003": {
            "cash": 0,
            "stock": 0,
            "eps": 0
        },
        "2004": {
            "cash": 0,
            "stock": 2.7,
            "eps": 0
        },
        "2005": {
            "cash": 0.5,
            "stock": 2.5,
            "eps": 2.94
        },
        "2006": {
            "cash": 0.5,
            "stock": 2,
            "eps": 4.95
        },
        "2007": {
            "cash": 0.5,
            "stock": 1.5,
            "eps": 8.07
        },
        "2008": {
            "cash": 2.01,
            "stock": 1.01,
            "eps": 4.72
        },
        "2009": {
            "cash": 2,
            "stock": 0.5,
            "eps": 3.7
        },
        "2010": {
            "cash": 1.5,
            "stock": 0.5,
            "eps": 2.65
        },
        "2011": {
            "cash": 1.5,
            "stock": 0,
            "eps": -1
        },
        "2012": {
            "cash": 1,
            "stock": 0,
            "eps": 0.59
        },
        "2013": {
            "cash": 1,
            "stock": 0,
            "eps": 0.06
        },
        "2014": {
            "cash": 0.5,
            "stock": 0,
            "eps": 1.53
        },
        "2015": {
            "cash": 1,
            "stock": 0,
            "eps": 1.1
        },
        "2016": {
            "cash": 1,
            "stock": 0,
            "eps": 0.9
        },
        "2017": {
            "cash": 1,
            "stock": 0,
            "eps": 2.25
        },
        "2018": {
            "cash": 2,
            "stock": 0,
            "eps": 2.39
        },
        "2019": {
            "cash": 2,
            "stock": 0,
            "eps": 1.87
        },
        "2020": {
            "cash": 1,
            "stock": 0,
            "eps": 4.1
        },
        "2021": {
            "cash": 2.5,
            "stock": 0,
            "eps": 3.16
        },
        "2022": {
            "cash": 2,
            "stock": 0,
            "eps": 2.74
        },
        "2023": {
            "cash": 1.5,
            "stock": 0,
            "eps": -1.61
        }
    },
    "dividends": {
        "2004-03-19": {
            "cash": 0,
            "stock": 2.7
        },
        "2005-06-30": {
            "cash": 0.5,
            "stock": 2.5
        },
        "2006-04-07": {
            "cash": 0.5,
            "stock": 2
        },
        "2007-02-12": {
            "cash": 0.5,
            "stock": 1.5
        },
        "2008-02-29": {
            "cash": 2.01,
            "stock": 1.01
        },
        "2009-03-10": {
            "cash": 2,
            "stock": 0.5
        },
        "2010-03-15": {
            "cash": 1.5,
            "stock": 0.5
        },
        "2011-04-29": {
            "cash": 1.5,
            "stock": 0
        },
        "2012-06-19": {
            "cash": 1,
            "stock": 0
        },
        "2013-06-19": {
            "cash": 1,
            "stock": 0
        },
        "2014-08-22": {
            "cash": 0.5,
            "stock": 0
        },
        "2015-08-28": {
            "cash": 1,
            "stock": 0
        },
        "2016-08-26": {
            "cash": 1,
            "stock": 0
        },
        "2017-08-04": {
            "cash": 1,
            "stock": 0
        },
        "2018-08-17": {
            "cash": 2,
            "stock": 0
        },
        "2019-08-23": {
            "cash": 2,
            "stock": 0
        },
        "2020-08-21": {
            "cash": 1,
            "stock": 0
        },
        "2021-08-27": {
            "cash": 2.5,
            "stock": 0
        },
        "2022-08-18": {
            "cash": 2,
            "stock": 0
        },
        "2023-08-17": {
            "cash": 1.5,
            "stock": 0
        }
    },
    "prices": {
        "200101": "無",
        "200102": "無",
        "200103": "無",
        "200104": "無",
        "200105": "無",
        "200106": "無",
        "200107": "無",
        "200108": "無",
        "200109": "無",
        "200110": "無",
        "200111": "無",
        "200112": "無",
        "200201": "無",
        "200202": "無",
        "200203": "無",
        "200204": "無",
        "200205": "無",
        "200206": "無",
        "200207": "無",
        "200208": "無",
        "200209": "無",
        "200210": "無",
        "200211": "無",
        "200212": "無",
        "200301": "無",
        "200302": "無",
        "200303": "無",
        "200304": "無",
        "200305": "無",
        "200306": "無",
        "200307": "無",
        "200308": "無",
        "200309": "無",
        "200310": "無",
        "200311": "無",
        "200312": "無",
        "200401": "無",
        "200402": "無",
        "200403": "無",
        "200404": "無",
        "200405": "無",
        "200406": "無",
        "200407": "34.67",
        "200408": "29.52",
        "200409": "32.15",
        "200410": "32.41",
        "200411": "30.76",
        "200412": "30.74",
        "200501": "29.74",
        "200502": "28.78",
        "200503": "29.73",
        "200504": "30.92",
        "200505": "27.36",
        "200506": "25.07",
        "200507": "26.70",
        "200508": "30.08",
        "200509": "23.63",
        "200510": "21.74",
        "200511": "24.12",
        "200512": "32.65",
        "200601": "40.96",
        "200602": "41.07",
        "200603": "42.60",
        "200604": "40.92",
        "200605": "40.83",
        "200606": "39.17",
        "200607": "38.48",
        "200608": "37.56",
        "200609": "36.14",
        "200610": "32.93",
        "200611": "33.38",
        "200612": "37.84",
        "200701": "42.54",
        "200702": "42.68",
        "200703": "49.33",
        "200704": "57.98",
        "200705": "62.55",
        "200706": "94.02",
        "200707": "96.57",
        "200708": "80.77",
        "200709": "86.97",
        "200710": "85.25",
        "200711": "87.70",
        "200712": "79.33",
        "200801": "64.76",
        "200802": "56.79",
        "200803": "61.29",
        "200804": "69.31",
        "200805": "68.57",
        "200806": "57.07",
        "200807": "48.75",
        "200808": "54.39",
        "200809": "45.32",
        "200810": "37.70",
        "200811": "38.02",
        "200812": "33.73",
        "200901": "33.54",
        "200902": "34.64",
        "200903": "38.51",
        "200904": "40.50",
        "200905": "43.18",
        "200906": "43.92",
        "200907": "47.68",
        "200908": "45.78",
        "200909": "48.41",
        "200910": "52.53",
        "200911": "49.31",
        "200912": "48.46",
        "201001": "47.99",
        "201002": "40.65",
        "201003": "43.98",
        "201004": "45.97",
        "201005": "45.68",
        "201006": "47.93",
        "201007": "47.72",
        "201008": "49.25",
        "201009": "50.03",
        "201010": "49.52",
        "201011": "41.36",
        "201012": "38.55",
        "201101": "32.39",
        "201102": "31.68",
        "201103": "35.05",
        "201104": "34.43",
        "201105": "29.17",
        "201106": "29.71",
        "201107": "29.82",
        "201108": "22.98",
        "201109": "22.72",
        "201110": "20.32",
        "201111": "16.08",
        "201112": "15.28",
        "201201": "16.09",
        "201202": "20.71",
        "201203": "24.85",
        "201204": "23.72",
        "201205": "22.94",
        "201206": "24.30",
        "201207": "26.19",
        "201208": "25.70",
        "201209": "25.00",
        "201210": "23.40",
        "201211": "18.42",
        "201212": "18.81",
        "201301": "19.11",
        "201302": "18.97",
        "201303": "19.04",
        "201304": "18.74",
        "201305": "18.54",
        "201306": "18.68",
        "201307": "18.45",
        "201308": "16.10",
        "201309": "16.15",
        "201310": "16.03",
        "201311": "14.52",
        "201312": "14.79",
        "201401": "15.76",
        "201402": "15.77",
        "201403": "17.46",
        "201404": "17.21",
        "201405": "18.88",
        "201406": "19.08",
        "201407": "19.22",
        "201408": "20.75",
        "201409": "20.35",
        "201410": "18.79",
        "201411": "18.77",
        "201412": "22.45",
        "201501": "23.86",
        "201502": "23.48",
        "201503": "24.14",
        "201504": "21.89",
        "201505": "20.80",
        "201506": "19.44",
        "201507": "20.45",
        "201508": "17.47",
        "201509": "18.21",
        "201510": "19.54",
        "201511": "18.43",
        "201512": "18.22",
        "201601": "17.29",
        "201602": "17.58",
        "201603": "19.27",
        "201604": "19.23",
        "201605": "18.60",
        "201606": "18.31",
        "201607": "19.58",
        "201608": "18.25",
        "201609": "18.01",
        "201610": "17.88",
        "201611": "17.35",
        "201612": "17.46",
        "201701": "18.10",
        "201702": "18.35",
        "201703": "20.52",
        "201704": "21.02",
        "201705": "21.43",
        "201706": "25.11",
        "201707": "25.40",
        "201708": "31.12",
        "201709": "44.98",
        "201710": "48.04",
        "201711": "39.90",
        "201712": "39.26",
        "201801": "41.60",
        "201802": "40.08",
        "201803": "40.86",
        "201804": "40.11",
        "201805": "38.01",
        "201806": "38.65",
        "201807": "38.01",
        "201808": "39.98",
        "201809": "41.76",
        "201810": "33.76",
        "201811": "31.78",
        "201812": "33.98",
        "201901": "32.85",
        "201902": "35.09",
        "201903": "34.26",
        "201904": "33.15",
        "201905": "29.58",
        "201906": "30.16",
        "201907": "32.10",
        "201908": "28.92",
        "201909": "28.91",
        "201910": "29.78",
        "201911": "30.10",
        "201912": "30.50",
        "202001": "29.79",
        "202002": "28.05",
        "202003": "22.19",
        "202004": "25.44",
        "202005": "29.90",
        "202006": "31.27",
        "202007": "33.52",
        "202008": "40.77",
        "202009": "44.21",
        "202010": "42.52",
        "202011": "42.20",
        "202012": "46.38",
        "202101": "47.73",
        "202102": "48.53",
        "202103": "52.63",
        "202104": "52.87",
        "202105": "44.47",
        "202106": "46.02",
        "202107": "53.24",
        "202108": "42.38",
        "202109": "36.22",
        "202110": "40.68",
        "202111": "42.86",
        "202112": "42.27",
        "202201": "41.18",
        "202202": "40.48",
        "202203": "40.23",
        "202204": "38.93",
        "202205": "36.14",
        "202206": "36.21",
        "202207": "32.40",
        "202208": "34.07",
        "202209": "34.68",
        "202210": "30.68",
        "202211": "33.86",
        "202212": "34.05",
        "202301": "33.37",
        "202302": "34.96",
        "202303": "34.29",
        "202304": "34.39",
        "202305": "33.14",
        "202306": "35.42",
        "202307": "33.15",
        "202308": "31.11",
        "202309": "30.18",
        "202310": "28.86",
        "202311": "28.70",
        "202312": "29.25"
    },
    "quarters": {
        "20011": {
            "year_quarter": 20011,
            "year": 2001,
            "quarter": 1,
            "eps": null,
            "eps_growth_year": null,
            "eps_4q": null,
            "eps_4q_growth_year": null,
            "roe": null,
            "roe_4q": 0,
            "gross_profit": null,
            "gross_margin": null,
            "gross_margin_4q_avg": 0,
            "net_income": null,
            "net_income_4q": null,
            "revenue": null,
            "revenue_4q": null,
            "common_shares": null,
            "book_valuer_per_share": null,
            "book_valuer_per_share_4q_avg": 0,
            "equity": null,
            "current_ratio": null,
            "debt_ratio": null,
            "inventory_turnover_ratio": null,
            "account_receivable_turnover_ratio": null,
            "reinvestment_rate": null,
            "research_to_sale_ratio": null,
            "price_fair": 0,
            "eps_avg_yearly": 0,
            "eps_latest_yearly": 0,
            "eps_growth_yearly": 0
        },
        "20012": {
            "year_quarter": 20012,
            "year": 2001,
            "quarter": 2,
            "eps": null,
            "eps_growth_year": null,
            "eps_4q": null,
            "eps_4q_growth_year": null,
            "roe": null,
            "roe_4q": 0,
            "gross_profit": null,
            "gross_margin": null,
            "gross_margin_4q_avg": 0,
            "net_income": null,
            "net_income_4q": null,
            "revenue": null,
            "revenue_4q": null,
            "common_shares": null,
            "book_valuer_per_share": null,
            "book_valuer_per_share_4q_avg": 0,
            "equity": null,
            "current_ratio": null,
            "debt_ratio": null,
            "inventory_turnover_ratio": null,
            "account_receivable_turnover_ratio": null,
            "reinvestment_rate": null,
            "research_to_sale_ratio": null,
            "price_fair": 0,
            "eps_avg_yearly": 0,
            "eps_latest_yearly": 0,
            "eps_growth_yearly": 0
        },
        "20013": {
            "year_quarter": 20013,
            "year": 2001,
            "quarter": 3,
            "eps": null,
            "eps_growth_year": null,
            "eps_4q": null,
            "eps_4q_growth_year": null,
            "roe": null,
            "roe_4q": 0,
            "gross_profit": null,
            "gross_margin": null,
            "gross_margin_4q_avg": 0,
            "net_income": null,
            "net_income_4q": null,
            "revenue": null,
            "revenue_4q": null,
            "common_shares": null,
            "book_valuer_per_share": null,
            "book_valuer_per_share_4q_avg": 0,
            "equity": null,
            "current_ratio": null,
            "debt_ratio": null,
            "inventory_turnover_ratio": null,
            "account_receivable_turnover_ratio": null,
            "reinvestment_rate": null,
            "research_to_sale_ratio": null,
            "price_fair": 0,
            "eps_avg_yearly": 0,
            "eps_latest_yearly": 0,
            "eps_growth_yearly": 0
        },
        "20014": {
            "year_quarter": 20014,
            "year": 2001,
            "quarter": 4,
            "eps": null,
            "eps_growth_year": null,
            "eps_4q": null,
            "eps_4q_growth_year": null,
            "roe": null,
            "roe_4q": 0,
            "gross_profit": null,
            "gross_margin": null,
            "gross_margin_4q_avg": 0,
            "net_income": null,
            "net_income_4q": null,
            "revenue": null,
            "revenue_4q": null,
            "common_shares": 82712,
            "book_valuer_per_share": 8.83,
            "book_valuer_per_share_4q_avg": 2.21,
            "equity": 73060,
            "current_ratio": 140.55,
            "debt_ratio": 58.83,
            "inventory_turnover_ratio": null,
            "account_receivable_turnover_ratio": null,
            "reinvestment_rate": null,
            "research_to_sale_ratio": null,
            "price_fair": 0,
            "eps_avg_yearly": 0,
            "eps_latest_yearly": 0,
            "eps_growth_yearly": 0
        },
        "20021": {
            "year_quarter": 20021,
            "year": 2002,
            "quarter": 1,
            "eps": null,
            "eps_growth_year": null,
            "eps_4q": null,
            "eps_4q_growth_year": null,
            "roe": null,
            "roe_4q": 0,
            "gross_profit": null,
            "gross_margin": null,
            "gross_margin_4q_avg": 0,
            "net_income": null,
            "net_income_4q": null,
            "revenue": null,
            "revenue_4q": null,
            "common_shares": null,
            "book_valuer_per_share": null,
            "book_valuer_per_share_4q_avg": 2.21,
            "equity": null,
            "current_ratio": null,
            "debt_ratio": null,
            "inventory_turnover_ratio": null,
            "account_receivable_turnover_ratio": null,
            "reinvestment_rate": null,
            "research_to_sale_ratio": null,
            "price_fair": 0,
            "eps_avg_yearly": 0,
            "eps_latest_yearly": 0,
            "eps_growth_yearly": 0
        },
        "20022": {
            "year_quarter": 20022,
            "year": 2002,
            "quarter": 2,
            "eps": null,
            "eps_growth_year": null,
            "eps_4q": null,
            "eps_4q_growth_year": null,
            "roe": null,
            "roe_4q": 0,
            "gross_profit": null,
            "gross_margin": null,
            "gross_margin_4q_avg": 0,
            "net_income": null,
            "net_income_4q": null,
            "revenue": null,
            "revenue_4q": null,
            "common_shares": null,
            "book_valuer_per_share": null,
            "book_valuer_per_share_4q_avg": 2.21,
            "equity": null,
            "current_ratio": null,
            "debt_ratio": null,
            "inventory_turnover_ratio": null,
            "account_receivable_turnover_ratio": null,
            "reinvestment_rate": null,
            "research_to_sale_ratio": null,
            "price_fair": 0,
            "eps_avg_yearly": 0,
            "eps_latest_yearly": 0,
            "eps_growth_yearly": 0
        },
        "20023": {
            "year_quarter": 20023,
            "year": 2002,
            "quarter": 3,
            "eps": null,
            "eps_growth_year": null,
            "eps_4q": null,
            "eps_4q_growth_year": null,
            "roe": null,
            "roe_4q": 0,
            "gross_profit": null,
            "gross_margin": null,
            "gross_margin_4q_avg": 0,
            "net_income": null,
            "net_income_4q": null,
            "revenue": null,
            "revenue_4q": null,
            "common_shares": null,
            "book_valuer_per_share": null,
            "book_valuer_per_share_4q_avg": 2.21,
            "equity": null,
            "current_ratio": null,
            "debt_ratio": null,
            "inventory_turnover_ratio": null,
            "account_receivable_turnover_ratio": null,
            "reinvestment_rate": null,
            "research_to_sale_ratio": null,
            "price_fair": 0,
            "eps_avg_yearly": 0,
            "eps_latest_yearly": 0,
            "eps_growth_yearly": 0
        },
        "20024": {
            "year_quarter": 20024,
            "year": 2002,
            "quarter": 4,
            "eps": null,
            "eps_growth_year": null,
            "eps_4q": null,
            "eps_4q_growth_year": null,
            "roe": null,
            "roe_4q": 0,
            "gross_profit": null,
            "gross_margin": null,
            "gross_margin_4q_avg": 0,
            "net_income": null,
            "net_income_4q": null,
            "revenue": null,
            "revenue_4q": null,
            "common_shares": 105000,
            "book_valuer_per_share": 10.07,
            "book_valuer_per_share_4q_avg": 2.52,
            "equity": 105708,
            "current_ratio": 114.61,
            "debt_ratio": 64.36,
            "inventory_turnover_ratio": null,
            "account_receivable_turnover_ratio": null,
            "reinvestment_rate": null,
            "research_to_sale_ratio": null,
            "price_fair": 0,
            "eps_avg_yearly": 0,
            "eps_latest_yearly": 0,
            "eps_growth_yearly": 0
        },
        "20031": {
            "year_quarter": 20031,
            "year": 2003,
            "quarter": 1,
            "eps": null,
            "eps_growth_year": null,
            "eps_4q": null,
            "eps_4q_growth_year": null,
            "roe": null,
            "roe_4q": 0,
            "gross_profit": null,
            "gross_margin": null,
            "gross_margin_4q_avg": 0,
            "net_income": null,
            "net_income_4q": null,
            "revenue": null,
            "revenue_4q": null,
            "common_shares": null,
            "book_valuer_per_share": null,
            "book_valuer_per_share_4q_avg": 2.52,
            "equity": null,
            "current_ratio": null,
            "debt_ratio": null,
            "inventory_turnover_ratio": null,
            "account_receivable_turnover_ratio": null,
            "reinvestment_rate": null,
            "research_to_sale_ratio": null,
            "price_fair": 0,
            "eps_avg_yearly": 0,
            "eps_latest_yearly": 0,
            "eps_growth_yearly": 0
        },
        "20032": {
            "year_quarter": 20032,
            "year": 2003,
            "quarter": 2,
            "eps": null,
            "eps_growth_year": null,
            "eps_4q": null,
            "eps_4q_growth_year": null,
            "roe": null,
            "roe_4q": 0,
            "gross_profit": null,
            "gross_margin": null,
            "gross_margin_4q_avg": 0,
            "net_income": null,
            "net_income_4q": null,
            "revenue": null,
            "revenue_4q": null,
            "common_shares": null,
            "book_valuer_per_share": null,
            "book_valuer_per_share_4q_avg": 2.52,
            "equity": null,
            "current_ratio": null,
            "debt_ratio": null,
            "inventory_turnover_ratio": null,
            "account_receivable_turnover_ratio": null,
            "reinvestment_rate": null,
            "research_to_sale_ratio": null,
            "price_fair": 0,
            "eps_avg_yearly": 0,
            "eps_latest_yearly": 0,
            "eps_growth_yearly": 0
        },
        "20033": {
            "year_quarter": 20033,
            "year": 2003,
            "quarter": 3,
            "eps": null,
            "eps_growth_year": null,
            "eps_4q": null,
            "eps_4q_growth_year": null,
            "roe": null,
            "roe_4q": 0,
            "gross_profit": null,
            "gross_margin": null,
            "gross_margin_4q_avg": 0,
            "net_income": null,
            "net_income_4q": null,
            "revenue": null,
            "revenue_4q": null,
            "common_shares": null,
            "book_valuer_per_share": null,
            "book_valuer_per_share_4q_avg": 2.52,
            "equity": null,
            "current_ratio": null,
            "debt_ratio": null,
            "inventory_turnover_ratio": null,
            "account_receivable_turnover_ratio": null,
            "reinvestment_rate": null,
            "research_to_sale_ratio": null,
            "price_fair": 0,
            "eps_avg_yearly": 0,
            "eps_latest_yearly": 0,
            "eps_growth_yearly": 0
        },
        "20034": {
            "year_quarter": 20034,
            "year": 2003,
            "quarter": 4,
            "eps": null,
            "eps_growth_year": null,
            "eps_4q": null,
            "eps_4q_growth_year": null,
            "roe": null,
            "roe_4q": 0,
            "gross_profit": null,
            "gross_margin": null,
            "gross_margin_4q_avg": 0,
            "net_income": null,
            "net_income_4q": null,
            "revenue": null,
            "revenue_4q": null,
            "common_shares": 200000,
            "book_valuer_per_share": 15.43,
            "book_valuer_per_share_4q_avg": 3.86,
            "equity": 308669,
            "current_ratio": 139.62,
            "debt_ratio": 61.32,
            "inventory_turnover_ratio": null,
            "account_receivable_turnover_ratio": null,
            "reinvestment_rate": null,
            "research_to_sale_ratio": null,
            "price_fair": 0,
            "eps_avg_yearly": 0,
            "eps_latest_yearly": 0,
            "eps_growth_yearly": 0
        },
        "20041": {
            "year_quarter": 20041,
            "year": 2004,
            "quarter": 1,
            "eps": null,
            "eps_growth_year": null,
            "eps_4q": null,
            "eps_4q_growth_year": null,
            "roe": null,
            "roe_4q": 0,
            "gross_profit": null,
            "gross_margin": null,
            "gross_margin_4q_avg": 0,
            "net_income": null,
            "net_income_4q": null,
            "revenue": null,
            "revenue_4q": null,
            "common_shares": null,
            "book_valuer_per_share": null,
            "book_valuer_per_share_4q_avg": 3.86,
            "equity": null,
            "current_ratio": null,
            "debt_ratio": null,
            "inventory_turnover_ratio": null,
            "account_receivable_turnover_ratio": null,
            "reinvestment_rate": null,
            "research_to_sale_ratio": null,
            "price_fair": 0,
            "eps_avg_yearly": 0,
            "eps_latest_yearly": 0,
            "eps_growth_yearly": 0
        },
        "20042": {
            "year_quarter": 20042,
            "year": 2004,
            "quarter": 2,
            "eps": null,
            "eps_growth_year": null,
            "eps_4q": null,
            "eps_4q_growth_year": null,
            "roe": null,
            "roe_4q": 0,
            "gross_profit": null,
            "gross_margin": null,
            "gross_margin_4q_avg": 0,
            "net_income": null,
            "net_income_4q": null,
            "revenue": null,
            "revenue_4q": null,
            "common_shares": null,
            "book_valuer_per_share": null,
            "book_valuer_per_share_4q_avg": 3.86,
            "equity": null,
            "current_ratio": null,
            "debt_ratio": null,
            "inventory_turnover_ratio": null,
            "account_receivable_turnover_ratio": null,
            "reinvestment_rate": null,
            "research_to_sale_ratio": null,
            "price_fair": 0,
            "eps_avg_yearly": 0,
            "eps_latest_yearly": 0,
            "eps_growth_yearly": 0
        },
        "20043": {
            "year_quarter": 20043,
            "year": 2004,
            "quarter": 3,
            "eps": null,
            "eps_growth_year": null,
            "eps_4q": null,
            "eps_4q_growth_year": null,
            "roe": null,
            "roe_4q": 0,
            "gross_profit": null,
            "gross_margin": null,
            "gross_margin_4q_avg": 0,
            "net_income": null,
            "net_income_4q": null,
            "revenue": null,
            "revenue_4q": null,
            "common_shares": null,
            "book_valuer_per_share": null,
            "book_valuer_per_share_4q_avg": 3.86,
            "equity": null,
            "current_ratio": null,
            "debt_ratio": null,
            "inventory_turnover_ratio": null,
            "account_receivable_turnover_ratio": null,
            "reinvestment_rate": null,
            "research_to_sale_ratio": null,
            "price_fair": 0,
            "eps_avg_yearly": 0,
            "eps_latest_yearly": 0,
            "eps_growth_yearly": 0
        },
        "20044": {
            "year_quarter": 20044,
            "year": 2004,
            "quarter": 4,
            "eps": null,
            "eps_growth_year": null,
            "eps_4q": null,
            "eps_4q_growth_year": null,
            "roe": null,
            "roe_4q": 0,
            "gross_profit": null,
            "gross_margin": null,
            "gross_margin_4q_avg": 0,
            "net_income": null,
            "net_income_4q": null,
            "revenue": null,
            "revenue_4q": null,
            "common_shares": 296036,
            "book_valuer_per_share": 16.39,
            "book_valuer_per_share_4q_avg": 4.1,
            "equity": 485120,
            "current_ratio": 169.33,
            "debt_ratio": 54.7,
            "inventory_turnover_ratio": null,
            "account_receivable_turnover_ratio": null,
            "reinvestment_rate": null,
            "research_to_sale_ratio": null,
            "price_fair": 0,
            "eps_avg_yearly": 0,
            "eps_latest_yearly": 0,
            "eps_growth_yearly": 0
        },
        "20051": {
            "year_quarter": 20051,
            "year": 2005,
            "quarter": 1,
            "eps": null,
            "eps_growth_year": null,
            "eps_4q": null,
            "eps_4q_growth_year": null,
            "roe": null,
            "roe_4q": 0,
            "gross_profit": null,
            "gross_margin": null,
            "gross_margin_4q_avg": 0,
            "net_income": null,
            "net_income_4q": null,
            "revenue": null,
            "revenue_4q": null,
            "common_shares": null,
            "book_valuer_per_share": null,
            "book_valuer_per_share_4q_avg": 4.1,
            "equity": null,
            "current_ratio": null,
            "debt_ratio": null,
            "inventory_turnover_ratio": null,
            "account_receivable_turnover_ratio": null,
            "reinvestment_rate": null,
            "research_to_sale_ratio": null,
            "price_fair": 0,
            "eps_avg_yearly": 0,
            "eps_latest_yearly": 0,
            "eps_growth_yearly": 0
        },
        "20052": {
            "year_quarter": 20052,
            "year": 2005,
            "quarter": 2,
            "eps": null,
            "eps_growth_year": null,
            "eps_4q": null,
            "eps_4q_growth_year": null,
            "roe": null,
            "roe_4q": 0,
            "gross_profit": null,
            "gross_margin": null,
            "gross_margin_4q_avg": 0,
            "net_income": null,
            "net_income_4q": null,
            "revenue": null,
            "revenue_4q": null,
            "common_shares": null,
            "book_valuer_per_share": null,
            "book_valuer_per_share_4q_avg": 4.1,
            "equity": null,
            "current_ratio": null,
            "debt_ratio": null,
            "inventory_turnover_ratio": null,
            "account_receivable_turnover_ratio": null,
            "reinvestment_rate": null,
            "research_to_sale_ratio": null,
            "price_fair": 0,
            "eps_avg_yearly": 0,
            "eps_latest_yearly": 0,
            "eps_growth_yearly": 0
        },
        "20053": {
            "year_quarter": 20053,
            "year": 2005,
            "quarter": 3,
            "eps": 0.34,
            "eps_growth_year": null,
            "eps_4q": null,
            "eps_4q_growth_year": null,
            "roe": 2.53,
            "roe_4q": 2.53,
            "gross_profit": 123048,
            "gross_margin": 37.7,
            "gross_margin_4q_avg": 9.43,
            "net_income": 12825,
            "net_income_4q": null,
            "revenue": 326430,
            "revenue_4q": null,
            "common_shares": 380377,
            "book_valuer_per_share": 13.32,
            "book_valuer_per_share_4q_avg": 7.43,
            "equity": 506670,
            "current_ratio": 117.4,
            "debt_ratio": 76.16,
            "inventory_turnover_ratio": 0.37,
            "account_receivable_turnover_ratio": null,
            "reinvestment_rate": null,
            "research_to_sale_ratio": null,
            "price_fair": 0,
            "eps_avg_yearly": 0,
            "eps_latest_yearly": 0,
            "eps_growth_yearly": 0
        },
        "20054": {
            "year_quarter": 20054,
            "year": 2005,
            "quarter": 4,
            "eps": 2.6,
            "eps_growth_year": null,
            "eps_4q": null,
            "eps_4q_growth_year": null,
            "roe": 17.8,
            "roe_4q": 20.330000000000002,
            "gross_profit": 180074,
            "gross_margin": 15.72,
            "gross_margin_4q_avg": 13.36,
            "net_income": 98949,
            "net_income_4q": null,
            "revenue": 1145535,
            "revenue_4q": null,
            "common_shares": 380377,
            "book_valuer_per_share": 15.91,
            "book_valuer_per_share_4q_avg": 7.31,
            "equity": 605297,
            "current_ratio": 118.73,
            "debt_ratio": 72.37,
            "inventory_turnover_ratio": 1.94,
            "account_receivable_turnover_ratio": null,
            "reinvestment_rate": null,
            "research_to_sale_ratio": null,
            "price_fair": 364,
            "eps_avg_yearly": 10.4,
            "eps_latest_yearly": 10.4,
            "eps_growth_yearly": 2658.82
        },
        "20061": {
            "year_quarter": 20061,
            "year": 2006,
            "quarter": 1,
            "eps": 0.97,
            "eps_growth_year": null,
            "eps_4q": null,
            "eps_4q_growth_year": null,
            "roe": 5.97,
            "roe_4q": 26.3,
            "gross_profit": 121699,
            "gross_margin": 12.63,
            "gross_margin_4q_avg": 16.51,
            "net_income": 39955,
            "net_income_4q": null,
            "revenue": 963388,
            "revenue_4q": null,
            "common_shares": 429377,
            "book_valuer_per_share": 17.07,
            "book_valuer_per_share_4q_avg": 11.58,
            "equity": 732944,
            "current_ratio": 138.52,
            "debt_ratio": 66.27,
            "inventory_turnover_ratio": 1.76,
            "account_receivable_turnover_ratio": null,
            "reinvestment_rate": null,
            "research_to_sale_ratio": null,
            "price_fair": 249.9,
            "eps_avg_yearly": 7.14,
            "eps_latest_yearly": 3.88,
            "eps_growth_yearly": 1204.03
        },
        "20062": {
            "year_quarter": 20062,
            "year": 2006,
            "quarter": 2,
            "eps": 0.92,
            "eps_growth_year": null,
            "eps_4q": 4.51,
            "eps_4q_growth_year": null,
            "roe": 5.26,
            "roe_4q": 31.560000000000002,
            "gross_profit": 138877,
            "gross_margin": 12,
            "gross_margin_4q_avg": 19.51,
            "net_income": 38902,
            "net_income_4q": null,
            "revenue": 1157549,
            "revenue_4q": null,
            "common_shares": 429377,
            "book_valuer_per_share": 17.39,
            "book_valuer_per_share_4q_avg": 15.92,
            "equity": 746794,
            "current_ratio": 125.09,
            "debt_ratio": 73.03,
            "inventory_turnover_ratio": 1.59,
            "account_receivable_turnover_ratio": null,
            "reinvestment_rate": null,
            "research_to_sale_ratio": null,
            "price_fair": 209.53,
            "eps_avg_yearly": 5.99,
            "eps_latest_yearly": 3.68,
            "eps_growth_yearly": 795.81
        },
        "20063": {
            "year_quarter": 20063,
            "year": 2006,
            "quarter": 3,
            "eps": 1.3,
            "eps_growth_year": 282.35,
            "eps_4q": 4.7,
            "eps_4q_growth_year": null,
            "roe": 8.68,
            "roe_4q": 37.71,
            "gross_profit": 198996,
            "gross_margin": 11.52,
            "gross_margin_4q_avg": 12.97,
            "net_income": 67894,
            "net_income_4q": null,
            "revenue": 1727407,
            "revenue_4q": null,
            "common_shares": 527126,
            "book_valuer_per_share": 15.52,
            "book_valuer_per_share_4q_avg": 16.47,
            "equity": 817963,
            "current_ratio": 126.41,
            "debt_ratio": 73.01,
            "inventory_turnover_ratio": 2.12,
            "account_receivable_turnover_ratio": null,
            "reinvestment_rate": null,
            "research_to_sale_ratio": null,
            "price_fair": 202.65,
            "eps_avg_yearly": 5.79,
            "eps_latest_yearly": 5.2,
            "eps_growth_yearly": 638.16
        },
        "20064": {
            "year_quarter": 20064,
            "year": 2006,
            "quarter": 4,
            "eps": 1.76,
            "eps_growth_year": -32.31,
            "eps_4q": 4.57,
            "eps_4q_growth_year": null,
            "roe": 10.65,
            "roe_4q": 30.559999999999995,
            "gross_profit": 192953,
            "gross_margin": 10.07,
            "gross_margin_4q_avg": 11.56,
            "net_income": 92022,
            "net_income_4q": null,
            "revenue": 1915834,
            "revenue_4q": null,
            "common_shares": 527126,
            "book_valuer_per_share": 17.26,
            "book_valuer_per_share_4q_avg": 16.81,
            "equity": 909882,
            "current_ratio": 129.92,
            "debt_ratio": 72.43,
            "inventory_turnover_ratio": 2.78,
            "account_receivable_turnover_ratio": null,
            "reinvestment_rate": null,
            "research_to_sale_ratio": null,
            "price_fair": 211.4,
            "eps_avg_yearly": 6.04,
            "eps_latest_yearly": 7.04,
            "eps_growth_yearly": 538.84
        },
        "20071": {
            "year_quarter": 20071,
            "year": 2007,
            "quarter": 1,
            "eps": 1.45,
            "eps_growth_year": 49.48,
            "eps_4q": 5.23,
            "eps_4q_growth_year": null,
            "roe": 8.04,
            "roe_4q": 32.629999999999995,
            "gross_profit": 182488,
            "gross_margin": 10.25,
            "gross_margin_4q_avg": 10.96,
            "net_income": 76307,
            "net_income_4q": null,
            "revenue": 1780289,
            "revenue_4q": null,
            "common_shares": 527126,
            "book_valuer_per_share": 18.75,
            "book_valuer_per_share_4q_avg": 17.23,
            "equity": 988613,
            "current_ratio": 138.52,
            "debt_ratio": 68.1,
            "inventory_turnover_ratio": 2.1,
            "account_receivable_turnover_ratio": null,
            "reinvestment_rate": null,
            "research_to_sale_ratio": null,
            "price_fair": 210,
            "eps_avg_yearly": 6,
            "eps_latest_yearly": 5.8,
            "eps_growth_yearly": 437.29
        },
        "20072": {
            "year_quarter": 20072,
            "year": 2007,
            "quarter": 2,
            "eps": 1.64,
            "eps_growth_year": 78.26,
            "eps_4q": 6.12,
            "eps_4q_growth_year": 35.72,
            "roe": 6.98,
            "roe_4q": 34.35,
            "gross_profit": 202977,
            "gross_margin": 9.74,
            "gross_margin_4q_avg": 10.4,
            "net_income": 86499,
            "net_income_4q": null,
            "revenue": 2083460,
            "revenue_4q": null,
            "common_shares": 627126,
            "book_valuer_per_share": 23.73,
            "book_valuer_per_share_4q_avg": 18.82,
            "equity": 1488479,
            "current_ratio": 170.26,
            "debt_ratio": 55.96,
            "inventory_turnover_ratio": 1.93,
            "account_receivable_turnover_ratio": null,
            "reinvestment_rate": null,
            "research_to_sale_ratio": null,
            "price_fair": 212.8,
            "eps_avg_yearly": 6.08,
            "eps_latest_yearly": 6.56,
            "eps_growth_yearly": 382.31
        },
        "20073": {
            "year_quarter": 20073,
            "year": 2007,
            "quarter": 3,
            "eps": 2.5,
            "eps_growth_year": 92.31,
            "eps_4q": 6.27,
            "eps_4q_growth_year": 33.36,
            "roe": 10.73,
            "roe_4q": 36.4,
            "gross_profit": 302888,
            "gross_margin": 12.16,
            "gross_margin_4q_avg": 10.56,
            "net_income": 168816,
            "net_income_4q": null,
            "revenue": 2490059,
            "revenue_4q": null,
            "common_shares": 742685,
            "book_valuer_per_share": 22.33,
            "book_valuer_per_share_4q_avg": 20.52,
            "equity": 1658764,
            "current_ratio": 163.1,
            "debt_ratio": 58.16,
            "inventory_turnover_ratio": 2.29,
            "account_receivable_turnover_ratio": null,
            "reinvestment_rate": null,
            "research_to_sale_ratio": null,
            "price_fair": 229.95,
            "eps_avg_yearly": 6.57,
            "eps_latest_yearly": 10,
            "eps_growth_yearly": 360.74
        },
        "20074": {
            "year_quarter": 20074,
            "year": 2007,
            "quarter": 4,
            "eps": 2.48,
            "eps_growth_year": 40.91,
            "eps_4q": 7.32,
            "eps_4q_growth_year": 60.39,
            "roe": 9.72,
            "roe_4q": 35.47,
            "gross_profit": 324245,
            "gross_margin": 11.7,
            "gross_margin_4q_avg": 10.96,
            "net_income": 169765,
            "net_income_4q": null,
            "revenue": 2771041,
            "revenue_4q": null,
            "common_shares": 742685,
            "book_valuer_per_share": 24.7,
            "book_valuer_per_share_4q_avg": 22.38,
            "equity": 1834347,
            "current_ratio": 150.02,
            "debt_ratio": 58.5,
            "inventory_turnover_ratio": 3.31,
            "account_receivable_turnover_ratio": null,
            "reinvestment_rate": null,
            "research_to_sale_ratio": null,
            "price_fair": 242.98,
            "eps_avg_yearly": 6.94,
            "eps_latest_yearly": 9.92,
            "eps_growth_yearly": 320.3
        },
        "20081": {
            "year_quarter": 20081,
            "year": 2008,
            "quarter": 1,
            "eps": 0.85,
            "eps_growth_year": -41.38,
            "eps_4q": 6.56,
            "eps_4q_growth_year": 25.52,
            "roe": 3.43,
            "roe_4q": 30.860000000000003,
            "gross_profit": 264142,
            "gross_margin": 13.06,
            "gross_margin_4q_avg": 11.67,
            "net_income": 63257,
            "net_income_4q": null,
            "revenue": 2022359,
            "revenue_4q": null,
            "common_shares": 742685,
            "book_valuer_per_share": 25,
            "book_valuer_per_share_4q_avg": 23.94,
            "equity": 1856956,
            "current_ratio": 143.03,
            "debt_ratio": 53.68,
            "inventory_turnover_ratio": 3.09,
            "account_receivable_turnover_ratio": null,
            "reinvestment_rate": null,
            "research_to_sale_ratio": null,
            "price_fair": 230.58,
            "eps_avg_yearly": 6.59,
            "eps_latest_yearly": 3.4,
            "eps_growth_yearly": 261.98
        },
        "20082": {
            "year_quarter": 20082,
            "year": 2008,
            "quarter": 2,
            "eps": 0.28,
            "eps_growth_year": -82.93,
            "eps_4q": 5.66,
            "eps_4q_growth_year": -7.48,
            "roe": 1.15,
            "roe_4q": 25.03,
            "gross_profit": 202173,
            "gross_margin": 12.32,
            "gross_margin_4q_avg": 12.31,
            "net_income": 20910,
            "net_income_4q": null,
            "revenue": 1641383,
            "revenue_4q": null,
            "common_shares": 742685,
            "book_valuer_per_share": 24,
            "book_valuer_per_share_4q_avg": 24.01,
            "equity": 1782201,
            "current_ratio": 213.29,
            "debt_ratio": 59.2,
            "inventory_turnover_ratio": 2.4,
            "account_receivable_turnover_ratio": null,
            "reinvestment_rate": null,
            "research_to_sale_ratio": null,
            "price_fair": 213.18,
            "eps_avg_yearly": 6.09,
            "eps_latest_yearly": 1.12,
            "eps_growth_yearly": 213.78
        },
        "20083": {
            "year_quarter": 20083,
            "year": 2008,
            "quarter": 3,
            "eps": 2.8,
            "eps_growth_year": 12,
            "eps_4q": 5.81,
            "eps_4q_growth_year": -7.33,
            "roe": 12.52,
            "roe_4q": 26.82,
            "gross_profit": 349952,
            "gross_margin": 13.47,
            "gross_margin_4q_avg": 12.64,
            "net_income": 235892,
            "net_income_4q": null,
            "revenue": 2598661,
            "revenue_4q": null,
            "common_shares": 846553,
            "book_valuer_per_share": 23.47,
            "book_valuer_per_share_4q_avg": 24.29,
            "equity": 1986821,
            "current_ratio": 178.94,
            "debt_ratio": 63.48,
            "inventory_turnover_ratio": 3.08,
            "account_receivable_turnover_ratio": null,
            "reinvestment_rate": null,
            "research_to_sale_ratio": null,
            "price_fair": 228.08,
            "eps_avg_yearly": 6.52,
            "eps_latest_yearly": 11.2,
            "eps_growth_yearly": 495.96
        },
        "20084": {
            "year_quarter": 20084,
            "year": 2008,
            "quarter": 4,
            "eps": 0.79,
            "eps_growth_year": -68.15,
            "eps_4q": 4.59,
            "eps_4q_growth_year": -37.35,
            "roe": 3.28,
            "roe_4q": 20.38,
            "gross_profit": 275627,
            "gross_margin": 11.05,
            "gross_margin_4q_avg": 12.48,
            "net_income": 66562,
            "net_income_4q": null,
            "revenue": 2494105,
            "revenue_4q": null,
            "common_shares": 846553,
            "book_valuer_per_share": 24.5,
            "book_valuer_per_share_4q_avg": 24.24,
            "equity": 2074043,
            "current_ratio": 173.31,
            "debt_ratio": 63.79,
            "inventory_turnover_ratio": 2.09,
            "account_receivable_turnover_ratio": 2.21,
            "reinvestment_rate": null,
            "research_to_sale_ratio": null,
            "price_fair": 219.05,
            "eps_avg_yearly": 6.26,
            "eps_latest_yearly": 3.16,
            "eps_growth_yearly": 435.73
        },
        "20091": {
            "year_quarter": 20091,
            "year": 2009,
            "quarter": 1,
            "eps": 1.04,
            "eps_growth_year": 22.35,
            "eps_4q": 4.93,
            "eps_4q_growth_year": -24.92,
            "roe": 4.08,
            "roe_4q": 21.029999999999998,
            "gross_profit": 167313,
            "gross_margin": 10.82,
            "gross_margin_4q_avg": 11.92,
            "net_income": 86526,
            "net_income_4q": null,
            "revenue": 1545646,
            "revenue_4q": null,
            "common_shares": 846553,
            "book_valuer_per_share": 25.66,
            "book_valuer_per_share_4q_avg": 24.41,
            "equity": 2171968,
            "current_ratio": 247.64,
            "debt_ratio": 52.32,
            "inventory_turnover_ratio": 1.24,
            "account_receivable_turnover_ratio": 0.85,
            "reinvestment_rate": null,
            "research_to_sale_ratio": null,
            "price_fair": 213.8,
            "eps_avg_yearly": 6.11,
            "eps_latest_yearly": 4.16,
            "eps_growth_yearly": 413.64
        },
        "20092": {
            "year_quarter": 20092,
            "year": 2009,
            "quarter": 2,
            "eps": 0.33,
            "eps_growth_year": 17.86,
            "eps_4q": 4.74,
            "eps_4q_growth_year": -16.24,
            "roe": 1.38,
            "roe_4q": 21.259999999999998,
            "gross_profit": 256940,
            "gross_margin": 12.25,
            "gross_margin_4q_avg": 11.9,
            "net_income": 29097,
            "net_income_4q": null,
            "revenue": 2097355,
            "revenue_4q": null,
            "common_shares": 846553,
            "book_valuer_per_share": 24.31,
            "book_valuer_per_share_4q_avg": 24.49,
            "equity": 2058308,
            "current_ratio": 132.02,
            "debt_ratio": 60.46,
            "inventory_turnover_ratio": 1.76,
            "account_receivable_turnover_ratio": 1.27,
            "reinvestment_rate": 58.68,
            "research_to_sale_ratio": null,
            "price_fair": 202.63,
            "eps_avg_yearly": 5.79,
            "eps_latest_yearly": 1.32,
            "eps_growth_yearly": 367.86
        },
        "20093": {
            "year_quarter": 20093,
            "year": 2009,
            "quarter": 3,
            "eps": 1.27,
            "eps_growth_year": -54.64,
            "eps_4q": 3.35,
            "eps_4q_growth_year": -42.36,
            "roe": 5.21,
            "roe_4q": 13.95,
            "gross_profit": 293710,
            "gross_margin": 11.44,
            "gross_margin_4q_avg": 11.39,
            "net_income": 111173,
            "net_income_4q": null,
            "revenue": 2568325,
            "revenue_4q": null,
            "common_shares": 909014,
            "book_valuer_per_share": 24.29,
            "book_valuer_per_share_4q_avg": 24.69,
            "equity": 2208255,
            "current_ratio": 136.94,
            "debt_ratio": 60.03,
            "inventory_turnover_ratio": 1.78,
            "account_receivable_turnover_ratio": 1.17,
            "reinvestment_rate": 43.21,
            "research_to_sale_ratio": null,
            "price_fair": 201.08,
            "eps_avg_yearly": 5.75,
            "eps_latest_yearly": 5.08,
            "eps_growth_yearly": 416.08
        },
        "20094": {
            "year_quarter": 20094,
            "year": 2009,
            "quarter": 4,
            "eps": 1.06,
            "eps_growth_year": 34.18,
            "eps_4q": 3.42,
            "eps_4q_growth_year": -25.42,
            "roe": 4.02,
            "roe_4q": 14.69,
            "gross_profit": 307201,
            "gross_margin": 13.61,
            "gross_margin_4q_avg": 12.03,
            "net_income": 94111,
            "net_income_4q": null,
            "revenue": 2256930,
            "revenue_4q": null,
            "common_shares": 953141,
            "book_valuer_per_share": 26.37,
            "book_valuer_per_share_4q_avg": 25.16,
            "equity": 2472324,
            "current_ratio": 159.48,
            "debt_ratio": 51.72,
            "inventory_turnover_ratio": 1.61,
            "account_receivable_turnover_ratio": 1.87,
            "reinvestment_rate": 61.8,
            "research_to_sale_ratio": null,
            "price_fair": 187.6,
            "eps_avg_yearly": 5.36,
            "eps_latest_yearly": 4.24,
            "eps_growth_yearly": 245.77
        },
        "20101": {
            "year_quarter": 20101,
            "year": 2010,
            "quarter": 1,
            "eps": 1.05,
            "eps_growth_year": 0.96,
            "eps_4q": 3.48,
            "eps_4q_growth_year": -29.38,
            "roe": 3.91,
            "roe_4q": 14.52,
            "gross_profit": 307553,
            "gross_margin": 14.42,
            "gross_margin_4q_avg": 12.93,
            "net_income": 100556,
            "net_income_4q": null,
            "revenue": 2132388,
            "revenue_4q": null,
            "common_shares": 978141,
            "book_valuer_per_share": 27.69,
            "book_valuer_per_share_4q_avg": 25.67,
            "equity": 2665523,
            "current_ratio": 170.4,
            "debt_ratio": 48.84,
            "inventory_turnover_ratio": 1.6,
            "account_receivable_turnover_ratio": 0.91,
            "reinvestment_rate": 72.42,
            "research_to_sale_ratio": 2.99,
            "price_fair": 188.3,
            "eps_avg_yearly": 5.38,
            "eps_latest_yearly": 4.2,
            "eps_growth_yearly": 261.21
        },
        "20102": {
            "year_quarter": 20102,
            "year": 2010,
            "quarter": 2,
            "eps": 1.4,
            "eps_growth_year": 324.23,
            "eps_4q": 4.42,
            "eps_4q_growth_year": -6.75,
            "roe": 5.29,
            "roe_4q": 18.43,
            "gross_profit": 380263,
            "gross_margin": 15.23,
            "gross_margin_4q_avg": 13.68,
            "net_income": 141714,
            "net_income_4q": null,
            "revenue": 2496510,
            "revenue_4q": null,
            "common_shares": 979556,
            "book_valuer_per_share": 27.88,
            "book_valuer_per_share_4q_avg": 26.56,
            "equity": 2688447,
            "current_ratio": 152.46,
            "debt_ratio": 54.31,
            "inventory_turnover_ratio": 1.6,
            "account_receivable_turnover_ratio": 0.99,
            "reinvestment_rate": 80.25,
            "research_to_sale_ratio": 2.71,
            "price_fair": 192.5,
            "eps_avg_yearly": 5.5,
            "eps_latest_yearly": 5.6,
            "eps_growth_yearly": 270.83
        },
        "20103": {
            "year_quarter": 20103,
            "year": 2010,
            "quarter": 3,
            "eps": 0.85,
            "eps_growth_year": -33.13,
            "eps_4q": 4.03,
            "eps_4q_growth_year": 20.2,
            "roe": 3.19,
            "roe_4q": 16.41,
            "gross_profit": 327739,
            "gross_margin": 13.92,
            "gross_margin_4q_avg": 14.3,
            "net_income": 89862,
            "net_income_4q": null,
            "revenue": 2354182,
            "revenue_4q": null,
            "common_shares": 1073548,
            "book_valuer_per_share": 27.76,
            "book_valuer_per_share_4q_avg": 27.43,
            "equity": 2937557,
            "current_ratio": 196.04,
            "debt_ratio": 43.19,
            "inventory_turnover_ratio": 1.75,
            "account_receivable_turnover_ratio": 0.89,
            "reinvestment_rate": 78.98,
            "research_to_sale_ratio": 2.52,
            "price_fair": 188.56,
            "eps_avg_yearly": 5.39,
            "eps_latest_yearly": 3.4,
            "eps_growth_yearly": 250.68
        },
        "20104": {
            "year_quarter": 20104,
            "year": 2010,
            "quarter": 4,
            "eps": -0.65,
            "eps_growth_year": -161.69,
            "eps_4q": 2.45,
            "eps_4q_growth_year": -28.36,
            "roe": -2.41,
            "roe_4q": 9.98,
            "gross_profit": 235663,
            "gross_margin": 12.38,
            "gross_margin_4q_avg": 13.99,
            "net_income": -69938,
            "net_income_4q": null,
            "revenue": 1902892,
            "revenue_4q": null,
            "common_shares": 1084929,
            "book_valuer_per_share": 26.88,
            "book_valuer_per_share_4q_avg": 27.55,
            "equity": 2874605,
            "current_ratio": 169.4,
            "debt_ratio": 50.48,
            "inventory_turnover_ratio": 2.29,
            "account_receivable_turnover_ratio": 0.8,
            "reinvestment_rate": 65.06,
            "research_to_sale_ratio": 3.07,
            "price_fair": 184.71,
            "eps_avg_yearly": 5.28,
            "eps_latest_yearly": 3.4,
            "eps_growth_yearly": 257.96
        },
        "20111": {
            "year_quarter": 20111,
            "year": 2011,
            "quarter": 1,
            "eps": 0.01,
            "eps_growth_year": -99.05,
            "eps_4q": 1.52,
            "eps_4q_growth_year": -56.4,
            "roe": 0.02,
            "roe_4q": 6.09,
            "gross_profit": 118795,
            "gross_margin": 10.23,
            "gross_margin_4q_avg": 12.94,
            "net_income": 607,
            "net_income_4q": null,
            "revenue": 1161180,
            "revenue_4q": null,
            "common_shares": 1079509,
            "book_valuer_per_share": 26.97,
            "book_valuer_per_share_4q_avg": 27.37,
            "equity": 2884223,
            "current_ratio": 225.8,
            "debt_ratio": 36.09,
            "inventory_turnover_ratio": 2.11,
            "account_receivable_turnover_ratio": 0.64,
            "reinvestment_rate": 80.71,
            "research_to_sale_ratio": 2.59,
            "price_fair": 183.4,
            "eps_avg_yearly": 5.24,
            "eps_latest_yearly": 3.4,
            "eps_growth_yearly": 281.42
        },
        "20112": {
            "year_quarter": 20112,
            "year": 2011,
            "quarter": 2,
            "eps": 0.03,
            "eps_growth_year": -98.05,
            "eps_4q": 0.22,
            "eps_4q_growth_year": -95.04,
            "roe": 0.1,
            "roe_4q": 0.8999999999999999,
            "gross_profit": 146064,
            "gross_margin": 10.87,
            "gross_margin_4q_avg": 11.85,
            "net_income": 2921,
            "net_income_4q": null,
            "revenue": 1344082,
            "revenue_4q": null,
            "common_shares": 1079509,
            "book_valuer_per_share": 25.45,
            "book_valuer_per_share_4q_avg": 26.77,
            "equity": 2721569,
            "current_ratio": 197.99,
            "debt_ratio": 44.17,
            "inventory_turnover_ratio": 1.98,
            "account_receivable_turnover_ratio": 1.08,
            "reinvestment_rate": 84.11,
            "research_to_sale_ratio": 1.74,
            "price_fair": 167.3,
            "eps_avg_yearly": 4.78,
            "eps_latest_yearly": 0.12,
            "eps_growth_yearly": 334.82
        },
        "20113": {
            "year_quarter": 20113,
            "year": 2011,
            "quarter": 3,
            "eps": -0.12,
            "eps_growth_year": -114.42,
            "eps_4q": -0.8,
            "eps_4q_growth_year": -119.87,
            "roe": -0.45,
            "roe_4q": -2.74,
            "gross_profit": 98200,
            "gross_margin": 7.72,
            "gross_margin_4q_avg": 10.3,
            "net_income": -11998,
            "net_income_4q": null,
            "revenue": 1271566,
            "revenue_4q": null,
            "common_shares": 1069509,
            "book_valuer_per_share": 26.17,
            "book_valuer_per_share_4q_avg": 26.37,
            "equity": 2562975,
            "current_ratio": 244.96,
            "debt_ratio": 46.56,
            "inventory_turnover_ratio": 1.66,
            "account_receivable_turnover_ratio": 1.06,
            "reinvestment_rate": 99.94,
            "research_to_sale_ratio": 2.89,
            "price_fair": 153.25,
            "eps_avg_yearly": 4.38,
            "eps_latest_yearly": 0.12,
            "eps_growth_yearly": 344.44
        },
        "20114": {
            "year_quarter": 20114,
            "year": 2011,
            "quarter": 4,
            "eps": -0.92,
            "eps_growth_year": null,
            "eps_4q": -1,
            "eps_4q_growth_year": -140.89,
            "roe": -3.54,
            "roe_4q": -3.87,
            "gross_profit": 67543,
            "gross_margin": 7.54,
            "gross_margin_4q_avg": 9.09,
            "net_income": -88764,
            "net_income_4q": null,
            "revenue": 895470,
            "revenue_4q": null,
            "common_shares": 1019509,
            "book_valuer_per_share": 25.34,
            "book_valuer_per_share_4q_avg": 25.98,
            "equity": 2458271,
            "current_ratio": 339.1,
            "debt_ratio": 37.43,
            "inventory_turnover_ratio": 1.56,
            "account_receivable_turnover_ratio": 0.79,
            "reinvestment_rate": 75.65,
            "research_to_sale_ratio": 3.62,
            "price_fair": 137.08,
            "eps_avg_yearly": 3.92,
            "eps_latest_yearly": 0.12,
            "eps_growth_yearly": 373.41
        },
        "20121": {
            "year_quarter": 20121,
            "year": 2012,
            "quarter": 1,
            "eps": 0.31,
            "eps_growth_year": 3000,
            "eps_4q": -0.71,
            "eps_4q_growth_year": -147.01,
            "roe": 1.23,
            "roe_4q": -2.66,
            "gross_profit": 143042,
            "gross_margin": 13.34,
            "gross_margin_4q_avg": 9.87,
            "net_income": 30098,
            "net_income_4q": null,
            "revenue": 1072125,
            "revenue_4q": null,
            "common_shares": 989899,
            "book_valuer_per_share": 25.8,
            "book_valuer_per_share_4q_avg": 25.69,
            "equity": 2450845,
            "current_ratio": 253.23,
            "debt_ratio": 44.86,
            "inventory_turnover_ratio": 2.2,
            "account_receivable_turnover_ratio": 1.06,
            "reinvestment_rate": 65.96,
            "research_to_sale_ratio": 3.17,
            "price_fair": 138.73,
            "eps_avg_yearly": 3.96,
            "eps_latest_yearly": 0.12,
            "eps_growth_yearly": 431.25
        },
        "20122": {
            "year_quarter": 20122,
            "year": 2012,
            "quarter": 2,
            "eps": 0.34,
            "eps_growth_year": 1139.84,
            "eps_4q": -0.41,
            "eps_4q_growth_year": -284.83,
            "roe": 1.33,
            "roe_4q": -1.43,
            "gross_profit": 124198,
            "gross_margin": 8.46,
            "gross_margin_4q_avg": 9.27,
            "net_income": 32166,
            "net_income_4q": null,
            "revenue": 1468551,
            "revenue_4q": null,
            "common_shares": 989899,
            "book_valuer_per_share": 25.2,
            "book_valuer_per_share_4q_avg": 25.63,
            "equity": 2393965,
            "current_ratio": 195.42,
            "debt_ratio": 53.13,
            "inventory_turnover_ratio": 2.25,
            "account_receivable_turnover_ratio": 1.12,
            "reinvestment_rate": 70.68,
            "research_to_sale_ratio": 1.98,
            "price_fair": 139.49,
            "eps_avg_yearly": 3.99,
            "eps_latest_yearly": 1.36,
            "eps_growth_yearly": 459.16
        },
        "20123": {
            "year_quarter": 20123,
            "year": 2012,
            "quarter": 3,
            "eps": -0.09,
            "eps_growth_year": null,
            "eps_4q": -0.37,
            "eps_4q_growth_year": null,
            "roe": -0.34,
            "roe_4q": -1.3200000000000003,
            "gross_profit": 115372,
            "gross_margin": 7.17,
            "gross_margin_4q_avg": 9.13,
            "net_income": -8193,
            "net_income_4q": null,
            "revenue": 1609721,
            "revenue_4q": null,
            "common_shares": 989899,
            "book_valuer_per_share": 25.06,
            "book_valuer_per_share_4q_avg": 25.35,
            "equity": 2380659,
            "current_ratio": 224.89,
            "debt_ratio": 47.8,
            "inventory_turnover_ratio": 2.04,
            "account_receivable_turnover_ratio": 1.01,
            "reinvestment_rate": 40.23,
            "research_to_sale_ratio": 1.92,
            "price_fair": 114.24,
            "eps_avg_yearly": 3.26,
            "eps_latest_yearly": 1.36,
            "eps_growth_yearly": 145.07
        },
        "20124": {
            "year_quarter": 20124,
            "year": 2012,
            "quarter": 4,
            "eps": 0.03,
            "eps_growth_year": null,
            "eps_4q": 0.6,
            "eps_4q_growth_year": null,
            "roe": 0.11,
            "roe_4q": 2.33,
            "gross_profit": 111599,
            "gross_margin": 7.83,
            "gross_margin_4q_avg": 9.2,
            "net_income": 2648,
            "net_income_4q": null,
            "revenue": 1424488,
            "revenue_4q": null,
            "common_shares": 989899,
            "book_valuer_per_share": 25.1,
            "book_valuer_per_share_4q_avg": 25.29,
            "equity": 2384592,
            "current_ratio": 205.32,
            "debt_ratio": 51.49,
            "inventory_turnover_ratio": 1.88,
            "account_receivable_turnover_ratio": 0.86,
            "reinvestment_rate": 28.53,
            "research_to_sale_ratio": 1.72,
            "price_fair": 114.64,
            "eps_avg_yearly": 3.28,
            "eps_latest_yearly": 1.36,
            "eps_growth_yearly": 193.1
        },
        "20131": {
            "year_quarter": 20131,
            "year": 2013,
            "quarter": 1,
            "eps": 0.02,
            "eps_growth_year": -93.55,
            "eps_4q": 0.3,
            "eps_4q_growth_year": null,
            "roe": 0.06,
            "roe_4q": 1.1600000000000001,
            "gross_profit": 81879,
            "gross_margin": 6.55,
            "gross_margin_4q_avg": 7.5,
            "net_income": 1428,
            "net_income_4q": null,
            "revenue": 1250542,
            "revenue_4q": null,
            "common_shares": 989899,
            "book_valuer_per_share": 25.2,
            "book_valuer_per_share_4q_avg": 25.14,
            "equity": 2394015,
            "current_ratio": 254.82,
            "debt_ratio": 43.91,
            "inventory_turnover_ratio": 1.97,
            "account_receivable_turnover_ratio": 0.84,
            "reinvestment_rate": -48.58,
            "research_to_sale_ratio": 1.92,
            "price_fair": 98.78,
            "eps_avg_yearly": 2.82,
            "eps_latest_yearly": 0.08,
            "eps_growth_yearly": 164.22
        },
        "20132": {
            "year_quarter": 20132,
            "year": 2013,
            "quarter": 2,
            "eps": 0.26,
            "eps_growth_year": -23.22,
            "eps_4q": 0.21,
            "eps_4q_growth_year": null,
            "roe": 1.03,
            "roe_4q": 0.8600000000000001,
            "gross_profit": 104626,
            "gross_margin": 9.35,
            "gross_margin_4q_avg": 7.73,
            "net_income": 24398,
            "net_income_4q": null,
            "revenue": 1119363,
            "revenue_4q": null,
            "common_shares": 989899,
            "book_valuer_per_share": 24.55,
            "book_valuer_per_share_4q_avg": 24.98,
            "equity": 2331688,
            "current_ratio": 223.57,
            "debt_ratio": 48.35,
            "inventory_turnover_ratio": 1.76,
            "account_receivable_turnover_ratio": 0.84,
            "reinvestment_rate": -48.71,
            "research_to_sale_ratio": 2.11,
            "price_fair": 97.69,
            "eps_avg_yearly": 2.79,
            "eps_latest_yearly": 1.04,
            "eps_growth_yearly": 727.89
        },
        "20133": {
            "year_quarter": 20133,
            "year": 2013,
            "quarter": 3,
            "eps": -0.09,
            "eps_growth_year": null,
            "eps_4q": 0.21,
            "eps_4q_growth_year": null,
            "roe": -0.35,
            "roe_4q": 0.85,
            "gross_profit": 78403,
            "gross_margin": 6.55,
            "gross_margin_4q_avg": 7.57,
            "net_income": -8141,
            "net_income_4q": null,
            "revenue": 1197012,
            "revenue_4q": null,
            "common_shares": 989899,
            "book_valuer_per_share": 24.43,
            "book_valuer_per_share_4q_avg": 24.82,
            "equity": 2320487,
            "current_ratio": 199.99,
            "debt_ratio": 43.05,
            "inventory_turnover_ratio": 1.88,
            "account_receivable_turnover_ratio": 0.94,
            "reinvestment_rate": -69.41,
            "research_to_sale_ratio": 2.12,
            "price_fair": 87.68,
            "eps_avg_yearly": 2.51,
            "eps_latest_yearly": 1.04,
            "eps_growth_yearly": 676.46
        },
        "20134": {
            "year_quarter": 20134,
            "year": 2013,
            "quarter": 4,
            "eps": -0.13,
            "eps_growth_year": -566.69,
            "eps_4q": 0.06,
            "eps_4q_growth_year": -90.61,
            "roe": -0.53,
            "roe_4q": 0.21000000000000002,
            "gross_profit": 35381,
            "gross_margin": 3.58,
            "gross_margin_4q_avg": 6.51,
            "net_income": -12358,
            "net_income_4q": null,
            "revenue": 988284,
            "revenue_4q": null,
            "common_shares": 989899,
            "book_valuer_per_share": 24.36,
            "book_valuer_per_share_4q_avg": 24.64,
            "equity": 2314178,
            "current_ratio": 210.73,
            "debt_ratio": 40.53,
            "inventory_turnover_ratio": 2.07,
            "account_receivable_turnover_ratio": 0.85,
            "reinvestment_rate": -302.01,
            "research_to_sale_ratio": 2.13,
            "price_fair": 79,
            "eps_avg_yearly": 2.26,
            "eps_latest_yearly": 1.04,
            "eps_growth_yearly": 782.54
        },
        "20141": {
            "year_quarter": 20141,
            "year": 2014,
            "quarter": 1,
            "eps": 0.41,
            "eps_growth_year": 1950,
            "eps_4q": 0.45,
            "eps_4q_growth_year": 51.09,
            "roe": 1.65,
            "roe_4q": 1.7999999999999998,
            "gross_profit": 113027,
            "gross_margin": 11.76,
            "gross_margin_4q_avg": 7.81,
            "net_income": 38479,
            "net_income_4q": null,
            "revenue": 961449,
            "revenue_4q": null,
            "common_shares": 989899,
            "book_valuer_per_share": 24.82,
            "book_valuer_per_share_4q_avg": 24.54,
            "equity": 2357452,
            "current_ratio": 217.8,
            "debt_ratio": 39.3,
            "inventory_turnover_ratio": 2.26,
            "account_receivable_turnover_ratio": 0.89,
            "reinvestment_rate": -481.24,
            "research_to_sale_ratio": 2.29,
            "price_fair": 67.67,
            "eps_avg_yearly": 1.93,
            "eps_latest_yearly": 1.04,
            "eps_growth_yearly": 913.59
        },
        "20142": {
            "year_quarter": 20142,
            "year": 2014,
            "quarter": 2,
            "eps": 0.42,
            "eps_growth_year": 61.54,
            "eps_4q": 0.6,
            "eps_4q_growth_year": 183.16,
            "roe": 1.68,
            "roe_4q": 2.4499999999999997,
            "gross_profit": 122515,
            "gross_margin": 10.57,
            "gross_margin_4q_avg": 8.12,
            "net_income": 39448,
            "net_income_4q": null,
            "revenue": 1159555,
            "revenue_4q": null,
            "common_shares": 989899,
            "book_valuer_per_share": 24.66,
            "book_valuer_per_share_4q_avg": 24.57,
            "equity": 2342158,
            "current_ratio": 199.56,
            "debt_ratio": 43.61,
            "inventory_turnover_ratio": 2.3,
            "account_receivable_turnover_ratio": 1.1,
            "reinvestment_rate": -1680.96,
            "research_to_sale_ratio": 2.15,
            "price_fair": 44.8,
            "eps_avg_yearly": 1.28,
            "eps_latest_yearly": 1.68,
            "eps_growth_yearly": 893
        },
        "20143": {
            "year_quarter": 20143,
            "year": 2014,
            "quarter": 3,
            "eps": -0.07,
            "eps_growth_year": null,
            "eps_4q": 0.63,
            "eps_4q_growth_year": 192.07,
            "roe": -0.26,
            "roe_4q": 2.54,
            "gross_profit": 79153,
            "gross_margin": 6.94,
            "gross_margin_4q_avg": 8.21,
            "net_income": -6183,
            "net_income_4q": null,
            "revenue": 1139761,
            "revenue_4q": null,
            "common_shares": 949899,
            "book_valuer_per_share": 24.66,
            "book_valuer_per_share_4q_avg": 24.63,
            "equity": 2342171,
            "current_ratio": 223.78,
            "debt_ratio": 38.35,
            "inventory_turnover_ratio": 2.08,
            "account_receivable_turnover_ratio": 1.01,
            "reinvestment_rate": null,
            "research_to_sale_ratio": 1.83,
            "price_fair": 29.96,
            "eps_avg_yearly": 0.86,
            "eps_latest_yearly": 1.68,
            "eps_growth_yearly": 1103.03
        },
        "20144": {
            "year_quarter": 20144,
            "year": 2014,
            "quarter": 4,
            "eps": 0.77,
            "eps_growth_year": null,
            "eps_4q": 1.53,
            "eps_4q_growth_year": 2619.34,
            "roe": 3.06,
            "roe_4q": 6.129999999999999,
            "gross_profit": 151500,
            "gross_margin": 9.82,
            "gross_margin_4q_avg": 9.77,
            "net_income": 73116,
            "net_income_4q": null,
            "revenue": 1542634,
            "revenue_4q": null,
            "common_shares": 949899,
            "book_valuer_per_share": 25.58,
            "book_valuer_per_share_4q_avg": 24.93,
            "equity": 2430007,
            "current_ratio": 207.99,
            "debt_ratio": 42.93,
            "inventory_turnover_ratio": 2.84,
            "account_receivable_turnover_ratio": 1.12,
            "reinvestment_rate": -786.45,
            "research_to_sale_ratio": 1.52,
            "price_fair": 29.96,
            "eps_avg_yearly": 0.86,
            "eps_latest_yearly": 1.68,
            "eps_growth_yearly": 1103.03
        },
        "20151": {
            "year_quarter": 20151,
            "year": 2015,
            "quarter": 1,
            "eps": 0.34,
            "eps_growth_year": -17.07,
            "eps_4q": 1.46,
            "eps_4q_growth_year": 227.64,
            "roe": 1.33,
            "roe_4q": 5.8100000000000005,
            "gross_profit": 121615,
            "gross_margin": 10.73,
            "gross_margin_4q_avg": 9.52,
            "net_income": 32467,
            "net_income_4q": null,
            "revenue": 1133541,
            "revenue_4q": null,
            "common_shares": 949899,
            "book_valuer_per_share": 25.87,
            "book_valuer_per_share_4q_avg": 25.19,
            "equity": 2457111,
            "current_ratio": 247.99,
            "debt_ratio": 35.9,
            "inventory_turnover_ratio": 1.93,
            "account_receivable_turnover_ratio": 0.85,
            "reinvestment_rate": -614.72,
            "research_to_sale_ratio": 2.56,
            "price_fair": 32.9,
            "eps_avg_yearly": 0.94,
            "eps_latest_yearly": 1.36,
            "eps_growth_yearly": 881.96
        },
        "20152": {
            "year_quarter": 20152,
            "year": 2015,
            "quarter": 2,
            "eps": -0.19,
            "eps_growth_year": -145.24,
            "eps_4q": 0.86,
            "eps_4q_growth_year": 41.46,
            "roe": -0.76,
            "roe_4q": 3.37,
            "gross_profit": 80657,
            "gross_margin": 6.86,
            "gross_margin_4q_avg": 8.59,
            "net_income": -18162,
            "net_income_4q": null,
            "revenue": 1176624,
            "revenue_4q": null,
            "common_shares": 949899,
            "book_valuer_per_share": 24.64,
            "book_valuer_per_share_4q_avg": 25.19,
            "equity": 2340850,
            "current_ratio": 244.75,
            "debt_ratio": 36.09,
            "inventory_turnover_ratio": 2.1,
            "account_receivable_turnover_ratio": 1.03,
            "reinvestment_rate": -702.59,
            "research_to_sale_ratio": 2.65,
            "price_fair": 38.64,
            "eps_avg_yearly": 1.1,
            "eps_latest_yearly": 1.36,
            "eps_growth_yearly": 898.35
        },
        "20153": {
            "year_quarter": 20153,
            "year": 2015,
            "quarter": 3,
            "eps": 0.76,
            "eps_growth_year": null,
            "eps_4q": 1.75,
            "eps_4q_growth_year": 179.98,
            "roe": 3.06,
            "roe_4q": 6.6899999999999995,
            "gross_profit": 151435,
            "gross_margin": 11.86,
            "gross_margin_4q_avg": 9.82,
            "net_income": 71805,
            "net_income_4q": null,
            "revenue": 1276376,
            "revenue_4q": null,
            "common_shares": 949899,
            "book_valuer_per_share": 25.78,
            "book_valuer_per_share_4q_avg": 25.47,
            "equity": 2345306,
            "current_ratio": 235.98,
            "debt_ratio": 36.35,
            "inventory_turnover_ratio": 2.55,
            "account_receivable_turnover_ratio": 1.08,
            "reinvestment_rate": -424.23,
            "research_to_sale_ratio": 2.66,
            "price_fair": 38.64,
            "eps_avg_yearly": 1.1,
            "eps_latest_yearly": 1.36,
            "eps_growth_yearly": 898.35
        },
        "20154": {
            "year_quarter": 20154,
            "year": 2015,
            "quarter": 4,
            "eps": 0.19,
            "eps_growth_year": -75.37,
            "eps_4q": 1.14,
            "eps_4q_growth_year": -25.04,
            "roe": 0.73,
            "roe_4q": 4.36,
            "gross_profit": 122496,
            "gross_margin": 9.27,
            "gross_margin_4q_avg": 9.68,
            "net_income": 17120,
            "net_income_4q": null,
            "revenue": 1321707,
            "revenue_4q": null,
            "common_shares": 902999,
            "book_valuer_per_share": 25.93,
            "book_valuer_per_share_4q_avg": 25.56,
            "equity": 2341386,
            "current_ratio": 227.49,
            "debt_ratio": 37.75,
            "inventory_turnover_ratio": 2.9,
            "account_receivable_turnover_ratio": 1.14,
            "reinvestment_rate": -259.82,
            "research_to_sale_ratio": 3.19,
            "price_fair": 36.63,
            "eps_avg_yearly": 1.05,
            "eps_latest_yearly": 0.76,
            "eps_growth_yearly": 698.63
        },
        "20161": {
            "year_quarter": 20161,
            "year": 2016,
            "quarter": 1,
            "eps": 0.02,
            "eps_growth_year": -94.12,
            "eps_4q": 0.83,
            "eps_4q_growth_year": -43.28,
            "roe": 0.09,
            "roe_4q": 3.12,
            "gross_profit": 99664,
            "gross_margin": 10.25,
            "gross_margin_4q_avg": 9.56,
            "net_income": 2150,
            "net_income_4q": null,
            "revenue": 972619,
            "revenue_4q": null,
            "common_shares": 902999,
            "book_valuer_per_share": 26.09,
            "book_valuer_per_share_4q_avg": 25.61,
            "equity": 2294084,
            "current_ratio": 250.8,
            "debt_ratio": 33.88,
            "inventory_turnover_ratio": 1.93,
            "account_receivable_turnover_ratio": 0.94,
            "reinvestment_rate": -274.08,
            "research_to_sale_ratio": 3.42,
            "price_fair": 31.8,
            "eps_avg_yearly": 0.91,
            "eps_latest_yearly": 0.08,
            "eps_growth_yearly": 547.69
        },
        "20162": {
            "year_quarter": 20162,
            "year": 2016,
            "quarter": 2,
            "eps": -0.02,
            "eps_growth_year": null,
            "eps_4q": 1.03,
            "eps_4q_growth_year": 20.87,
            "roe": -0.06,
            "roe_4q": 3.8200000000000003,
            "gross_profit": 112310,
            "gross_margin": 9.85,
            "gross_margin_4q_avg": 10.31,
            "net_income": -1347,
            "net_income_4q": null,
            "revenue": 1140545,
            "revenue_4q": null,
            "common_shares": 902999,
            "book_valuer_per_share": 25.04,
            "book_valuer_per_share_4q_avg": 25.71,
            "equity": 2173822,
            "current_ratio": 218.61,
            "debt_ratio": 39.13,
            "inventory_turnover_ratio": 2.07,
            "account_receivable_turnover_ratio": 1.24,
            "reinvestment_rate": -335.86,
            "research_to_sale_ratio": 4.28,
            "price_fair": 29.17,
            "eps_avg_yearly": 0.83,
            "eps_latest_yearly": 0.08,
            "eps_growth_yearly": 632.53
        },
        "20163": {
            "year_quarter": 20163,
            "year": 2016,
            "quarter": 3,
            "eps": 0.34,
            "eps_growth_year": -55.26,
            "eps_4q": 0.55,
            "eps_4q_growth_year": -68.65,
            "roe": 1.36,
            "roe_4q": 2.12,
            "gross_profit": 141815,
            "gross_margin": 10.07,
            "gross_margin_4q_avg": 9.86,
            "net_income": 29705,
            "net_income_4q": null,
            "revenue": 1408205,
            "revenue_4q": null,
            "common_shares": 867999,
            "book_valuer_per_share": 25.29,
            "book_valuer_per_share_4q_avg": 25.59,
            "equity": 2194887,
            "current_ratio": 202.91,
            "debt_ratio": 42.75,
            "inventory_turnover_ratio": 2.07,
            "account_receivable_turnover_ratio": 1.27,
            "reinvestment_rate": -180.25,
            "research_to_sale_ratio": 2.24,
            "price_fair": 29.17,
            "eps_avg_yearly": 0.83,
            "eps_latest_yearly": 0.08,
            "eps_growth_yearly": 632.53
        },
        "20164": {
            "year_quarter": 20164,
            "year": 2016,
            "quarter": 4,
            "eps": 0.56,
            "eps_growth_year": 193.89,
            "eps_4q": 0.91,
            "eps_4q_growth_year": -20.52,
            "roe": 2.18,
            "roe_4q": 3.57,
            "gross_profit": 153964,
            "gross_margin": 9.38,
            "gross_margin_4q_avg": 9.89,
            "net_income": 48363,
            "net_income_4q": null,
            "revenue": 1642159,
            "revenue_4q": null,
            "common_shares": 867999,
            "book_valuer_per_share": 25.79,
            "book_valuer_per_share_4q_avg": 25.55,
            "equity": 2239002,
            "current_ratio": 182.24,
            "debt_ratio": 48.39,
            "inventory_turnover_ratio": 2.01,
            "account_receivable_turnover_ratio": 1.07,
            "reinvestment_rate": -139.95,
            "research_to_sale_ratio": 1.67,
            "price_fair": 36.2,
            "eps_avg_yearly": 1.03,
            "eps_latest_yearly": 2.24,
            "eps_growth_yearly": 579.14
        },
        "20171": {
            "year_quarter": 20171,
            "year": 2017,
            "quarter": 1,
            "eps": 0.12,
            "eps_growth_year": 500,
            "eps_4q": 1,
            "eps_4q_growth_year": 21,
            "roe": 0.46,
            "roe_4q": 3.94,
            "gross_profit": 130935,
            "gross_margin": 9.58,
            "gross_margin_4q_avg": 9.72,
            "net_income": 10356,
            "net_income_4q": null,
            "revenue": 1366121,
            "revenue_4q": null,
            "common_shares": 867999,
            "book_valuer_per_share": 25.79,
            "book_valuer_per_share_4q_avg": 25.48,
            "equity": 2238619,
            "current_ratio": 199.02,
            "debt_ratio": 44.06,
            "inventory_turnover_ratio": 1.56,
            "account_receivable_turnover_ratio": 0.86,
            "reinvestment_rate": -33.96,
            "research_to_sale_ratio": 2.71,
            "price_fair": 38.2,
            "eps_avg_yearly": 1.09,
            "eps_latest_yearly": 0.48,
            "eps_growth_yearly": 553.29
        },
        "20172": {
            "year_quarter": 20172,
            "year": 2017,
            "quarter": 2,
            "eps": 0.79,
            "eps_growth_year": null,
            "eps_4q": 1.81,
            "eps_4q_growth_year": 74.81,
            "roe": 3.07,
            "roe_4q": 7.07,
            "gross_profit": 193920,
            "gross_margin": 10.22,
            "gross_margin_4q_avg": 9.81,
            "net_income": 68428,
            "net_income_4q": null,
            "revenue": 1896615,
            "revenue_4q": null,
            "common_shares": 867999,
            "book_valuer_per_share": 25.63,
            "book_valuer_per_share_4q_avg": 25.63,
            "equity": 2224493,
            "current_ratio": 177.28,
            "debt_ratio": 50.05,
            "inventory_turnover_ratio": 2.05,
            "account_receivable_turnover_ratio": 1.16,
            "reinvestment_rate": -26.56,
            "research_to_sale_ratio": 2.03,
            "price_fair": 48.8,
            "eps_avg_yearly": 1.39,
            "eps_latest_yearly": 3.16,
            "eps_growth_yearly": 186.62
        },
        "20173": {
            "year_quarter": 20173,
            "year": 2017,
            "quarter": 3,
            "eps": 0.71,
            "eps_growth_year": 108.82,
            "eps_4q": 2.17,
            "eps_4q_growth_year": 295.49,
            "roe": 2.71,
            "roe_4q": 8.42,
            "gross_profit": 221702,
            "gross_margin": 10.49,
            "gross_margin_4q_avg": 9.92,
            "net_income": 61216,
            "net_income_4q": null,
            "revenue": 2113136,
            "revenue_4q": null,
            "common_shares": 867999,
            "book_valuer_per_share": 26.37,
            "book_valuer_per_share_4q_avg": 25.9,
            "equity": 2289022,
            "current_ratio": 172.79,
            "debt_ratio": 51.62,
            "inventory_turnover_ratio": 2.21,
            "account_receivable_turnover_ratio": 1.07,
            "reinvestment_rate": -15.15,
            "research_to_sale_ratio": 2.85,
            "price_fair": 55.13,
            "eps_avg_yearly": 1.58,
            "eps_latest_yearly": 2.84,
            "eps_growth_yearly": 158.23
        },
        "20174": {
            "year_quarter": 20174,
            "year": 2017,
            "quarter": 4,
            "eps": 0.63,
            "eps_growth_year": 12.69,
            "eps_4q": 2.24,
            "eps_4q_growth_year": 146.61,
            "roe": 2.35,
            "roe_4q": 8.590000000000002,
            "gross_profit": 198838,
            "gross_margin": 9.23,
            "gross_margin_4q_avg": 9.88,
            "net_income": 54444,
            "net_income_4q": null,
            "revenue": 2153557,
            "revenue_4q": null,
            "common_shares": 867999,
            "book_valuer_per_share": 26.97,
            "book_valuer_per_share_4q_avg": 26.19,
            "equity": 2345017,
            "current_ratio": 177.68,
            "debt_ratio": 50.13,
            "inventory_turnover_ratio": 2.37,
            "account_receivable_turnover_ratio": 0.96,
            "reinvestment_rate": -12.92,
            "research_to_sale_ratio": 1.87,
            "price_fair": 58.8,
            "eps_avg_yearly": 1.68,
            "eps_latest_yearly": 2.52,
            "eps_growth_yearly": 135.64
        },
        "20181": {
            "year_quarter": 20181,
            "year": 2018,
            "quarter": 1,
            "eps": 0.16,
            "eps_growth_year": 33.33,
            "eps_4q": 2.28,
            "eps_4q_growth_year": 126.99,
            "roe": 0.57,
            "roe_4q": 8.7,
            "gross_profit": 141811,
            "gross_margin": 7.34,
            "gross_margin_4q_avg": 9.32,
            "net_income": 13395,
            "net_income_4q": null,
            "revenue": 1933144,
            "revenue_4q": null,
            "common_shares": 867999,
            "book_valuer_per_share": 27.17,
            "book_valuer_per_share_4q_avg": 26.54,
            "equity": 2361919,
            "current_ratio": 180.6,
            "debt_ratio": 49.08,
            "inventory_turnover_ratio": 2.03,
            "account_receivable_turnover_ratio": 0.83,
            "reinvestment_rate": -12.24,
            "research_to_sale_ratio": 2.1,
            "price_fair": 55.16,
            "eps_avg_yearly": 1.58,
            "eps_latest_yearly": 0.64,
            "eps_growth_yearly": 92.24
        },
        "20182": {
            "year_quarter": 20182,
            "year": 2018,
            "quarter": 2,
            "eps": 1.34,
            "eps_growth_year": 69.62,
            "eps_4q": 2.83,
            "eps_4q_growth_year": 56.37,
            "roe": 4.97,
            "roe_4q": 10.600000000000001,
            "gross_profit": 283241,
            "gross_margin": 11.75,
            "gross_margin_4q_avg": 9.7,
            "net_income": 115899,
            "net_income_4q": null,
            "revenue": 2411013,
            "revenue_4q": null,
            "common_shares": 867999,
            "book_valuer_per_share": 26.48,
            "book_valuer_per_share_4q_avg": 26.75,
            "equity": 2302222,
            "current_ratio": 153.84,
            "debt_ratio": 58.44,
            "inventory_turnover_ratio": 1.87,
            "account_receivable_turnover_ratio": 0.92,
            "reinvestment_rate": 1.7,
            "research_to_sale_ratio": 2.23,
            "price_fair": 68.04,
            "eps_avg_yearly": 1.94,
            "eps_latest_yearly": 5.36,
            "eps_growth_yearly": 386.26
        },
        "20183": {
            "year_quarter": 20183,
            "year": 2018,
            "quarter": 3,
            "eps": 0.66,
            "eps_growth_year": -7.04,
            "eps_4q": 2.78,
            "eps_4q_growth_year": 28.3,
            "roe": 2.47,
            "roe_4q": 10.36,
            "gross_profit": 269573,
            "gross_margin": 10,
            "gross_margin_4q_avg": 9.58,
            "net_income": 57455,
            "net_income_4q": null,
            "revenue": 2696869,
            "revenue_4q": null,
            "common_shares": 867999,
            "book_valuer_per_share": 27.05,
            "book_valuer_per_share_4q_avg": 26.92,
            "equity": 2351195,
            "current_ratio": 142.33,
            "debt_ratio": 64.23,
            "inventory_turnover_ratio": 1.71,
            "account_receivable_turnover_ratio": 0.78,
            "reinvestment_rate": 1.7,
            "research_to_sale_ratio": 1.94,
            "price_fair": 70.25,
            "eps_avg_yearly": 2.01,
            "eps_latest_yearly": 2.64,
            "eps_growth_yearly": 332.69
        },
        "20184": {
            "year_quarter": 20184,
            "year": 2018,
            "quarter": 4,
            "eps": 0.23,
            "eps_growth_year": -63.24,
            "eps_4q": 2.41,
            "eps_4q_growth_year": 7.38,
            "roe": 0.84,
            "roe_4q": 8.85,
            "gross_profit": 198451,
            "gross_margin": 8.49,
            "gross_margin_4q_avg": 9.4,
            "net_income": 19779,
            "net_income_4q": null,
            "revenue": 2336279,
            "revenue_4q": null,
            "common_shares": 867999,
            "book_valuer_per_share": 27.49,
            "book_valuer_per_share_4q_avg": 27.05,
            "equity": 2347081,
            "current_ratio": 147.89,
            "debt_ratio": 61.03,
            "inventory_turnover_ratio": 1.37,
            "account_receivable_turnover_ratio": 0.65,
            "reinvestment_rate": 1.31,
            "research_to_sale_ratio": 2.29,
            "price_fair": 67.08,
            "eps_avg_yearly": 1.92,
            "eps_latest_yearly": 0.92,
            "eps_growth_yearly": 283.25
        },
        "20191": {
            "year_quarter": 20191,
            "year": 2019,
            "quarter": 1,
            "eps": -0.62,
            "eps_growth_year": -487.5,
            "eps_4q": 1.63,
            "eps_4q_growth_year": -28.22,
            "roe": -2.31,
            "roe_4q": 5.97,
            "gross_profit": 72410,
            "gross_margin": 4.2,
            "gross_margin_4q_avg": 8.61,
            "net_income": -53522,
            "net_income_4q": null,
            "revenue": 1723562,
            "revenue_4q": null,
            "common_shares": 857029,
            "book_valuer_per_share": 26.67,
            "book_valuer_per_share_4q_avg": 26.92,
            "equity": 2289290,
            "current_ratio": 159.32,
            "debt_ratio": 55.13,
            "inventory_turnover_ratio": 1.12,
            "account_receivable_turnover_ratio": 0.6,
            "reinvestment_rate": 7.4,
            "research_to_sale_ratio": 2.75,
            "price_fair": 68.85,
            "eps_avg_yearly": 1.97,
            "eps_latest_yearly": 0.92,
            "eps_growth_yearly": 329.31
        },
        "20192": {
            "year_quarter": 20192,
            "year": 2019,
            "quarter": 2,
            "eps": 0.92,
            "eps_growth_year": -31.34,
            "eps_4q": 1.22,
            "eps_4q_growth_year": -56.66,
            "roe": 3.55,
            "roe_4q": 4.55,
            "gross_profit": 249231,
            "gross_margin": 10.55,
            "gross_margin_4q_avg": 8.31,
            "net_income": 78676,
            "net_income_4q": null,
            "revenue": 2362813,
            "revenue_4q": null,
            "common_shares": 857029,
            "book_valuer_per_share": 25.48,
            "book_valuer_per_share_4q_avg": 26.67,
            "equity": 2142712,
            "current_ratio": 150.83,
            "debt_ratio": 58.2,
            "inventory_turnover_ratio": 1.68,
            "account_receivable_turnover_ratio": 0.95,
            "reinvestment_rate": 7.16,
            "research_to_sale_ratio": 1.97,
            "price_fair": 68.85,
            "eps_avg_yearly": 1.97,
            "eps_latest_yearly": 0.92,
            "eps_growth_yearly": 329.31
        },
        "20193": {
            "year_quarter": 20193,
            "year": 2019,
            "quarter": 3,
            "eps": 1.14,
            "eps_growth_year": 72.73,
            "eps_4q": 1.68,
            "eps_4q_growth_year": -39.71,
            "roe": 4.33,
            "roe_4q": 6.41,
            "gross_profit": 307849,
            "gross_margin": 11.59,
            "gross_margin_4q_avg": 8.71,
            "net_income": 94129,
            "net_income_4q": null,
            "revenue": 2655406,
            "revenue_4q": null,
            "common_shares": 833059,
            "book_valuer_per_share": 26.47,
            "book_valuer_per_share_4q_avg": 26.53,
            "equity": 2208031,
            "current_ratio": 145.53,
            "debt_ratio": 61.48,
            "inventory_turnover_ratio": 2.04,
            "account_receivable_turnover_ratio": 0.91,
            "reinvestment_rate": 3.5,
            "research_to_sale_ratio": 1.88,
            "price_fair": 76.42,
            "eps_avg_yearly": 2.18,
            "eps_latest_yearly": 4.56,
            "eps_growth_yearly": 309.84
        },
        "20194": {
            "year_quarter": 20194,
            "year": 2019,
            "quarter": 4,
            "eps": 0.43,
            "eps_growth_year": 85.76,
            "eps_4q": 1.87,
            "eps_4q_growth_year": -22.32,
            "roe": 1.6,
            "roe_4q": 7.17,
            "gross_profit": 267991,
            "gross_margin": 10.93,
            "gross_margin_4q_avg": 9.32,
            "net_income": 35683,
            "net_income_4q": null,
            "revenue": 2451956,
            "revenue_4q": null,
            "common_shares": 833059,
            "book_valuer_per_share": 26.85,
            "book_valuer_per_share_4q_avg": 26.37,
            "equity": 2239038,
            "current_ratio": 150.12,
            "debt_ratio": 59.57,
            "inventory_turnover_ratio": 1.86,
            "account_receivable_turnover_ratio": 0.76,
            "reinvestment_rate": 1.37,
            "research_to_sale_ratio": 2.47,
            "price_fair": 79.22,
            "eps_avg_yearly": 2.26,
            "eps_latest_yearly": 1.72,
            "eps_growth_yearly": 314.08
        },
        "20201": {
            "year_quarter": 20201,
            "year": 2020,
            "quarter": 1,
            "eps": 0.18,
            "eps_growth_year": null,
            "eps_4q": 2.7,
            "eps_4q_growth_year": 65.21,
            "roe": 0.68,
            "roe_4q": 10.16,
            "gross_profit": 179602,
            "gross_margin": 9.52,
            "gross_margin_4q_avg": 10.65,
            "net_income": 15004,
            "net_income_4q": null,
            "revenue": 1887172,
            "revenue_4q": null,
            "common_shares": 833059,
            "book_valuer_per_share": 25.98,
            "book_valuer_per_share_4q_avg": 26.2,
            "equity": 2159284,
            "current_ratio": 153.49,
            "debt_ratio": 57.97,
            "inventory_turnover_ratio": 1.36,
            "account_receivable_turnover_ratio": 0.66,
            "reinvestment_rate": 0.07,
            "research_to_sale_ratio": 3.45,
            "price_fair": 81.08,
            "eps_avg_yearly": 2.32,
            "eps_latest_yearly": 0.72,
            "eps_growth_yearly": 324.52
        },
        "20202": {
            "year_quarter": 20202,
            "year": 2020,
            "quarter": 2,
            "eps": 1.44,
            "eps_growth_year": 56.52,
            "eps_4q": 3.26,
            "eps_4q_growth_year": 166.36,
            "roe": 5.35,
            "roe_4q": 11.959999999999999,
            "gross_profit": 360154,
            "gross_margin": 11.19,
            "gross_margin_4q_avg": 10.81,
            "net_income": 116531,
            "net_income_4q": null,
            "revenue": 3218166,
            "revenue_4q": null,
            "common_shares": 833059,
            "book_valuer_per_share": 27.36,
            "book_valuer_per_share_4q_avg": 26.67,
            "equity": 2196953,
            "current_ratio": 139.14,
            "debt_ratio": 65.56,
            "inventory_turnover_ratio": 2.16,
            "account_receivable_turnover_ratio": 1.06,
            "reinvestment_rate": 0.13,
            "research_to_sale_ratio": 1.77,
            "price_fair": 90.35,
            "eps_avg_yearly": 2.58,
            "eps_latest_yearly": 5.76,
            "eps_growth_yearly": 514.94
        },
        "20203": {
            "year_quarter": 20203,
            "year": 2020,
            "quarter": 3,
            "eps": 1.41,
            "eps_growth_year": 23.68,
            "eps_4q": 3.5,
            "eps_4q_growth_year": 108.32,
            "roe": 5.03,
            "roe_4q": 12.659999999999998,
            "gross_profit": 344056,
            "gross_margin": 9.8,
            "gross_margin_4q_avg": 10.36,
            "net_income": 113517,
            "net_income_4q": null,
            "revenue": 3510160,
            "revenue_4q": null,
            "common_shares": 803059,
            "book_valuer_per_share": 28.81,
            "book_valuer_per_share_4q_avg": 27.25,
            "equity": 2313729,
            "current_ratio": 137.94,
            "debt_ratio": 66.65,
            "inventory_turnover_ratio": 2.19,
            "account_receivable_turnover_ratio": 0.93,
            "reinvestment_rate": 0.86,
            "research_to_sale_ratio": 1.79,
            "price_fair": 98,
            "eps_avg_yearly": 2.8,
            "eps_latest_yearly": 5.64,
            "eps_growth_yearly": 477.57
        },
        "20204": {
            "year_quarter": 20204,
            "year": 2020,
            "quarter": 4,
            "eps": 1.07,
            "eps_growth_year": 148.57,
            "eps_4q": 4.12,
            "eps_4q_growth_year": 120.33,
            "roe": 3.63,
            "roe_4q": 14.69,
            "gross_profit": 355695,
            "gross_margin": 10.01,
            "gross_margin_4q_avg": 10.13,
            "net_income": 85581,
            "net_income_4q": null,
            "revenue": 3551926,
            "revenue_4q": null,
            "common_shares": 803059,
            "book_valuer_per_share": 29.93,
            "book_valuer_per_share_4q_avg": 28.02,
            "equity": 2403943,
            "current_ratio": 140.02,
            "debt_ratio": 65.83,
            "inventory_turnover_ratio": 2.07,
            "account_receivable_turnover_ratio": 0.9,
            "reinvestment_rate": 2.03,
            "research_to_sale_ratio": 1.43,
            "price_fair": 103.1,
            "eps_avg_yearly": 2.95,
            "eps_latest_yearly": 4.28,
            "eps_growth_yearly": 452.19
        },
        "20211": {
            "year_quarter": 20211,
            "year": 2021,
            "quarter": 1,
            "eps": 1.13,
            "eps_growth_year": 527.78,
            "eps_4q": 5.06,
            "eps_4q_growth_year": 87.55,
            "roe": 3.88,
            "roe_4q": 17.89,
            "gross_profit": 299850,
            "gross_margin": 8.72,
            "gross_margin_4q_avg": 9.93,
            "net_income": 91084,
            "net_income_4q": null,
            "revenue": 3437075,
            "revenue_4q": null,
            "common_shares": 803059,
            "book_valuer_per_share": 28.55,
            "book_valuer_per_share_4q_avg": 28.66,
            "equity": 2292549,
            "current_ratio": 133.03,
            "debt_ratio": 69.48,
            "inventory_turnover_ratio": 1.78,
            "account_receivable_turnover_ratio": 0.83,
            "reinvestment_rate": 5.1,
            "research_to_sale_ratio": 1.44,
            "price_fair": 113.2,
            "eps_avg_yearly": 3.23,
            "eps_latest_yearly": 4.52,
            "eps_growth_yearly": 476.24
        },
        "20212": {
            "year_quarter": 20212,
            "year": 2021,
            "quarter": 2,
            "eps": 0.54,
            "eps_growth_year": -62.5,
            "eps_4q": 4.16,
            "eps_4q_growth_year": 27.41,
            "roe": 1.86,
            "roe_4q": 14.400000000000002,
            "gross_profit": 258580,
            "gross_margin": 6.82,
            "gross_margin_4q_avg": 8.84,
            "net_income": 43557,
            "net_income_4q": null,
            "revenue": 3790243,
            "revenue_4q": null,
            "common_shares": 803059,
            "book_valuer_per_share": 29.69,
            "book_valuer_per_share_4q_avg": 29.25,
            "equity": 2384445,
            "current_ratio": 134.13,
            "debt_ratio": 69.08,
            "inventory_turnover_ratio": 1.73,
            "account_receivable_turnover_ratio": 0.86,
            "reinvestment_rate": 5.83,
            "research_to_sale_ratio": 1.39,
            "price_fair": 110.7,
            "eps_avg_yearly": 3.16,
            "eps_latest_yearly": 2.16,
            "eps_growth_yearly": 301.8
        },
        "20213": {
            "year_quarter": 20213,
            "year": 2021,
            "quarter": 3,
            "eps": 0.86,
            "eps_growth_year": -39.01,
            "eps_4q": 3.6,
            "eps_4q_growth_year": 3.06,
            "roe": 2.86,
            "roe_4q": 12.23,
            "gross_profit": 303572,
            "gross_margin": 9.92,
            "gross_margin_4q_avg": 8.87,
            "net_income": 69207,
            "net_income_4q": null,
            "revenue": 3059429,
            "revenue_4q": null,
            "common_shares": 803059,
            "book_valuer_per_share": 30.52,
            "book_valuer_per_share_4q_avg": 29.67,
            "equity": 2451287,
            "current_ratio": 143.44,
            "debt_ratio": 68.32,
            "inventory_turnover_ratio": 1.28,
            "account_receivable_turnover_ratio": 0.7,
            "reinvestment_rate": 6.41,
            "research_to_sale_ratio": 2.67,
            "price_fair": 112.2,
            "eps_avg_yearly": 3.21,
            "eps_latest_yearly": 3.44,
            "eps_growth_yearly": 321.62
        },
        "20214": {
            "year_quarter": 20214,
            "year": 2021,
            "quarter": 4,
            "eps": 0.63,
            "eps_growth_year": -41.31,
            "eps_4q": 3.16,
            "eps_4q_growth_year": -23.17,
            "roe": 2.03,
            "roe_4q": 10.629999999999999,
            "gross_profit": 288136,
            "gross_margin": 7.86,
            "gross_margin_4q_avg": 8.33,
            "net_income": 50228,
            "net_income_4q": null,
            "revenue": 3667414,
            "revenue_4q": null,
            "common_shares": 803059,
            "book_valuer_per_share": 31.21,
            "book_valuer_per_share_4q_avg": 29.99,
            "equity": 2506045,
            "current_ratio": 156.44,
            "debt_ratio": 67.28,
            "inventory_turnover_ratio": 1.71,
            "account_receivable_turnover_ratio": 0.84,
            "reinvestment_rate": 11.81,
            "research_to_sale_ratio": 1.51,
            "price_fair": 112.2,
            "eps_avg_yearly": 3.21,
            "eps_latest_yearly": 2.52,
            "eps_growth_yearly": 317.2
        },
        "20221": {
            "year_quarter": 20221,
            "year": 2022,
            "quarter": 1,
            "eps": 0.97,
            "eps_growth_year": -14.16,
            "eps_4q": 3,
            "eps_4q_growth_year": -40.7,
            "roe": 3.16,
            "roe_4q": 9.909999999999998,
            "gross_profit": 253258,
            "gross_margin": 8.25,
            "gross_margin_4q_avg": 8.21,
            "net_income": 78199,
            "net_income_4q": null,
            "revenue": 3068286,
            "revenue_4q": null,
            "common_shares": 803059,
            "book_valuer_per_share": 30.45,
            "book_valuer_per_share_4q_avg": 30.47,
            "equity": 2444959,
            "current_ratio": 166.88,
            "debt_ratio": 67.52,
            "inventory_turnover_ratio": 1.5,
            "account_receivable_turnover_ratio": 0.71,
            "reinvestment_rate": 12.99,
            "research_to_sale_ratio": 1.59,
            "price_fair": 120.3,
            "eps_avg_yearly": 3.44,
            "eps_latest_yearly": 3.88,
            "eps_growth_yearly": 353.94
        },
        "20222": {
            "year_quarter": 20222,
            "year": 2022,
            "quarter": 2,
            "eps": 0.57,
            "eps_growth_year": 5.56,
            "eps_4q": 3.03,
            "eps_4q_growth_year": -27.01,
            "roe": 1.86,
            "roe_4q": 9.91,
            "gross_profit": 203874,
            "gross_margin": 8.44,
            "gross_margin_4q_avg": 8.62,
            "net_income": 45946,
            "net_income_4q": null,
            "revenue": 2416417,
            "revenue_4q": null,
            "common_shares": 803059,
            "book_valuer_per_share": 30.96,
            "book_valuer_per_share_4q_avg": 30.79,
            "equity": 2486445,
            "current_ratio": 171.1,
            "debt_ratio": 66.49,
            "inventory_turnover_ratio": 1.02,
            "account_receivable_turnover_ratio": 0.62,
            "reinvestment_rate": 10.72,
            "research_to_sale_ratio": 1.95,
            "price_fair": 112.6,
            "eps_avg_yearly": 3.22,
            "eps_latest_yearly": 2.28,
            "eps_growth_yearly": 131.44
        },
        "20223": {
            "year_quarter": 20223,
            "year": 2022,
            "quarter": 3,
            "eps": 1.61,
            "eps_growth_year": 87.21,
            "eps_4q": 3.78,
            "eps_4q_growth_year": 4.9,
            "roe": 5.05,
            "roe_4q": 12.1,
            "gross_profit": 343995,
            "gross_margin": 11.21,
            "gross_margin_4q_avg": 8.94,
            "net_income": 129224,
            "net_income_4q": null,
            "revenue": 3068189,
            "revenue_4q": null,
            "common_shares": 803059,
            "book_valuer_per_share": 32.72,
            "book_valuer_per_share_4q_avg": 31.34,
            "equity": 2627448,
            "current_ratio": 165.57,
            "debt_ratio": 68.41,
            "inventory_turnover_ratio": 1.2,
            "account_receivable_turnover_ratio": 0.76,
            "reinvestment_rate": 20.76,
            "research_to_sale_ratio": 2.26,
            "price_fair": 122.1,
            "eps_avg_yearly": 3.49,
            "eps_latest_yearly": 6.44,
            "eps_growth_yearly": 198.07
        },
        "20224": {
            "year_quarter": 20224,
            "year": 2022,
            "quarter": 4,
            "eps": -0.41,
            "eps_growth_year": -165.23,
            "eps_4q": 2.75,
            "eps_4q_growth_year": -13.17,
            "roe": -1.26,
            "roe_4q": 8.81,
            "gross_profit": 195440,
            "gross_margin": 7.67,
            "gross_margin_4q_avg": 8.89,
            "net_income": -32824,
            "net_income_4q": null,
            "revenue": 2546698,
            "revenue_4q": null,
            "common_shares": 803059,
            "book_valuer_per_share": 32.2,
            "book_valuer_per_share_4q_avg": 31.58,
            "equity": 2601896,
            "current_ratio": 196.6,
            "debt_ratio": 60.56,
            "inventory_turnover_ratio": 1.19,
            "account_receivable_turnover_ratio": 0.69,
            "reinvestment_rate": 16.37,
            "research_to_sale_ratio": 2.66,
            "price_fair": 129.02,
            "eps_avg_yearly": 3.69,
            "eps_latest_yearly": 6.44,
            "eps_growth_yearly": 233.35
        },
        "20231": {
            "year_quarter": 20231,
            "year": 2023,
            "quarter": 1,
            "eps": -1.35,
            "eps_growth_year": -239.18,
            "eps_4q": 0.42,
            "eps_4q_growth_year": -85.99,
            "roe": -4.38,
            "roe_4q": 1.2700000000000002,
            "gross_profit": 44885,
            "gross_margin": 2.6,
            "gross_margin_4q_avg": 7.48,
            "net_income": -108934,
            "net_income_4q": null,
            "revenue": 1727412,
            "revenue_4q": null,
            "common_shares": 803059,
            "book_valuer_per_share": 29.32,
            "book_valuer_per_share_4q_avg": 31.3,
            "equity": 2370830,
            "current_ratio": 188.1,
            "debt_ratio": 61.08,
            "inventory_turnover_ratio": 1.01,
            "account_receivable_turnover_ratio": 0.63,
            "reinvestment_rate": 13.49,
            "research_to_sale_ratio": 2.75,
            "price_fair": 129.02,
            "eps_avg_yearly": 3.69,
            "eps_latest_yearly": 6.44,
            "eps_growth_yearly": 233.35
        },
        "20232": {
            "year_quarter": 20232,
            "year": 2023,
            "quarter": 2,
            "eps": 0.03,
            "eps_growth_year": -94.74,
            "eps_4q": -0.12,
            "eps_4q_growth_year": -104.11,
            "roe": 0.11,
            "roe_4q": -0.47999999999999954,
            "gross_profit": 155715,
            "gross_margin": 7.6,
            "gross_margin_4q_avg": 7.27,
            "net_income": 2619,
            "net_income_4q": null,
            "revenue": 2048448,
            "revenue_4q": null,
            "common_shares": 803059,
            "book_valuer_per_share": 30.29,
            "book_valuer_per_share_4q_avg": 31.13,
            "equity": 2449365,
            "current_ratio": 203.45,
            "debt_ratio": 57.91,
            "inventory_turnover_ratio": 1.35,
            "account_receivable_turnover_ratio": 0.82,
            "reinvestment_rate": 8.24,
            "research_to_sale_ratio": 2.34,
            "price_fair": 129.02,
            "eps_avg_yearly": 3.69,
            "eps_latest_yearly": 6.44,
            "eps_growth_yearly": 233.35
        },
        "20233": {
            "year_quarter": 20233,
            "year": 2023,
            "quarter": 3,
            "eps": -0.29,
            "eps_growth_year": -118.01,
            "eps_4q": -1.84,
            "eps_4q_growth_year": -148.75,
            "roe": -0.9,
            "roe_4q": -6.43,
            "gross_profit": 189219,
            "gross_margin": 10.19,
            "gross_margin_4q_avg": 7.02,
            "net_income": -22966,
            "net_income_4q": null,
            "revenue": 1856960,
            "revenue_4q": null,
            "common_shares": 883059,
            "book_valuer_per_share": 29.92,
            "book_valuer_per_share_4q_avg": 30.43,
            "equity": 2659534,
            "current_ratio": 190.33,
            "debt_ratio": 57.86,
            "inventory_turnover_ratio": 1.32,
            "account_receivable_turnover_ratio": 0.79,
            "reinvestment_rate": 10.23,
            "research_to_sale_ratio": 3.02,
            "price_fair": 126.47,
            "eps_avg_yearly": 3.61,
            "eps_latest_yearly": 6.44,
            "eps_growth_yearly": 244.83
        }
    },
    "months": {
        "2004-07": {
            "month": "2004-07",
            "price": "34.67",
            "revenue": 120836
        },
        "2004-08": {
            "month": "2004-08",
            "price": "29.52",
            "revenue": 198931
        },
        "2004-09": {
            "month": "2004-09",
            "price": "32.15",
            "revenue": 209550
        },
        "2004-10": {
            "month": "2004-10",
            "price": "32.41",
            "revenue": 214714
        },
        "2004-11": {
            "month": "2004-11",
            "price": "30.76",
            "revenue": 231008
        },
        "2004-12": {
            "month": "2004-12",
            "price": "30.74",
            "revenue": 133280
        },
        "2005-01": {
            "month": "2005-01",
            "price": "29.74",
            "revenue": 193460
        },
        "2005-02": {
            "month": "2005-02",
            "price": "28.78",
            "revenue": 155715
        },
        "2005-03": {
            "month": "2005-03",
            "price": "29.73",
            "revenue": 279903
        },
        "2005-04": {
            "month": "2005-04",
            "price": "30.92",
            "revenue": 303242
        },
        "2005-05": {
            "month": "2005-05",
            "price": "27.36",
            "revenue": 269254
        },
        "2005-06": {
            "month": "2005-06",
            "price": "25.07",
            "revenue": 306446
        },
        "2005-07": {
            "month": "2005-07",
            "price": "26.70",
            "revenue": 314508
        },
        "2005-08": {
            "month": "2005-08",
            "price": "30.08",
            "revenue": 391776
        },
        "2005-09": {
            "month": "2005-09",
            "price": "23.63",
            "revenue": 404038
        },
        "2005-10": {
            "month": "2005-10",
            "price": "21.74",
            "revenue": 420987
        },
        "2005-11": {
            "month": "2005-11",
            "price": "24.12",
            "revenue": 434156
        },
        "2005-12": {
            "month": "2005-12",
            "price": "32.65",
            "revenue": 419561
        },
        "2006-01": {
            "month": "2006-01",
            "price": "40.96",
            "revenue": 313814
        },
        "2006-02": {
            "month": "2006-02",
            "price": "41.07",
            "revenue": 323000
        },
        "2006-03": {
            "month": "2006-03",
            "price": "42.60",
            "revenue": 369732
        },
        "2006-04": {
            "month": "2006-04",
            "price": "40.92",
            "revenue": 390055
        },
        "2006-05": {
            "month": "2006-05",
            "price": "40.83",
            "revenue": 346149
        },
        "2006-06": {
            "month": "2006-06",
            "price": "39.17",
            "revenue": 419348
        },
        "2006-07": {
            "month": "2006-07",
            "price": "38.48",
            "revenue": 501835
        },
        "2006-08": {
            "month": "2006-08",
            "price": "37.56",
            "revenue": 578539
        },
        "2006-09": {
            "month": "2006-09",
            "price": "36.14",
            "revenue": 647002
        },
        "2006-10": {
            "month": "2006-10",
            "price": "32.93",
            "revenue": 645390
        },
        "2006-11": {
            "month": "2006-11",
            "price": "33.38",
            "revenue": 752432
        },
        "2006-12": {
            "month": "2006-12",
            "price": "37.84",
            "revenue": 519455
        },
        "2007-01": {
            "month": "2007-01",
            "price": "42.54",
            "revenue": 563449
        },
        "2007-02": {
            "month": "2007-02",
            "price": "42.68",
            "revenue": 443443
        },
        "2007-03": {
            "month": "2007-03",
            "price": "49.33",
            "revenue": 773397
        },
        "2007-04": {
            "month": "2007-04",
            "price": "57.98",
            "revenue": 688306
        },
        "2007-05": {
            "month": "2007-05",
            "price": "62.55",
            "revenue": 696061
        },
        "2007-06": {
            "month": "2007-06",
            "price": "94.02",
            "revenue": 699093
        },
        "2007-07": {
            "month": "2007-07",
            "price": "96.57",
            "revenue": 751171
        },
        "2007-08": {
            "month": "2007-08",
            "price": "80.77",
            "revenue": 838852
        },
        "2007-09": {
            "month": "2007-09",
            "price": "86.97",
            "revenue": 900037
        },
        "2007-10": {
            "month": "2007-10",
            "price": "85.25",
            "revenue": 912504
        },
        "2007-11": {
            "month": "2007-11",
            "price": "87.70",
            "revenue": 1000117
        },
        "2007-12": {
            "month": "2007-12",
            "price": "79.33",
            "revenue": 858419
        },
        "2008-01": {
            "month": "2008-01",
            "price": "64.76",
            "revenue": 690739
        },
        "2008-02": {
            "month": "2008-02",
            "price": "56.79",
            "revenue": 627433
        },
        "2008-03": {
            "month": "2008-03",
            "price": "61.29",
            "revenue": 707407
        },
        "2008-04": {
            "month": "2008-04",
            "price": "69.31",
            "revenue": 542922
        },
        "2008-05": {
            "month": "2008-05",
            "price": "68.57",
            "revenue": 615154
        },
        "2008-06": {
            "month": "2008-06",
            "price": "57.07",
            "revenue": 482909
        },
        "2008-07": {
            "month": "2008-07",
            "price": "48.75",
            "revenue": 801724
        },
        "2008-08": {
            "month": "2008-08",
            "price": "54.39",
            "revenue": 837267
        },
        "2008-09": {
            "month": "2008-09",
            "price": "45.32",
            "revenue": 955858
        },
        "2008-10": {
            "month": "2008-10",
            "price": "37.70",
            "revenue": 1004046
        },
        "2008-11": {
            "month": "2008-11",
            "price": "38.02",
            "revenue": 912042
        },
        "2008-12": {
            "month": "2008-12",
            "price": "33.73",
            "revenue": 614771
        },
        "2009-01": {
            "month": "2009-01",
            "price": "33.54",
            "revenue": 425266
        },
        "2009-02": {
            "month": "2009-02",
            "price": "34.64",
            "revenue": 500528
        },
        "2009-03": {
            "month": "2009-03",
            "price": "38.51",
            "revenue": 619681
        },
        "2009-04": {
            "month": "2009-04",
            "price": "40.50",
            "revenue": 632498
        },
        "2009-05": {
            "month": "2009-05",
            "price": "43.18",
            "revenue": 704235
        },
        "2009-06": {
            "month": "2009-06",
            "price": "43.92",
            "revenue": 757083
        },
        "2009-07": {
            "month": "2009-07",
            "price": "47.68",
            "revenue": 762185
        },
        "2009-08": {
            "month": "2009-08",
            "price": "45.78",
            "revenue": 849420
        },
        "2009-09": {
            "month": "2009-09",
            "price": "48.41",
            "revenue": 952801
        },
        "2009-10": {
            "month": "2009-10",
            "price": "52.53",
            "revenue": 847792
        },
        "2009-11": {
            "month": "2009-11",
            "price": "49.31",
            "revenue": 728278
        },
        "2009-12": {
            "month": "2009-12",
            "price": "48.46",
            "revenue": 676958
        },
        "2010-01": {
            "month": "2010-01",
            "price": "47.99",
            "revenue": 740182
        },
        "2010-02": {
            "month": "2010-02",
            "price": "40.65",
            "revenue": 634802
        },
        "2010-03": {
            "month": "2010-03",
            "price": "43.98",
            "revenue": 757311
        },
        "2010-04": {
            "month": "2010-04",
            "price": "45.97",
            "revenue": 769003
        },
        "2010-05": {
            "month": "2010-05",
            "price": "45.68",
            "revenue": 861059
        },
        "2010-06": {
            "month": "2010-06",
            "price": "47.93",
            "revenue": 866484
        },
        "2010-07": {
            "month": "2010-07",
            "price": "47.72",
            "revenue": 742114
        },
        "2010-08": {
            "month": "2010-08",
            "price": "49.25",
            "revenue": 704737
        },
        "2010-09": {
            "month": "2010-09",
            "price": "50.03",
            "revenue": 907191
        },
        "2010-10": {
            "month": "2010-10",
            "price": "49.52",
            "revenue": 807308
        },
        "2010-11": {
            "month": "2010-11",
            "price": "41.36",
            "revenue": 662614
        },
        "2010-12": {
            "month": "2010-12",
            "price": "38.55",
            "revenue": 435626
        },
        "2011-01": {
            "month": "2011-01",
            "price": "32.39",
            "revenue": 446207
        },
        "2011-02": {
            "month": "2011-02",
            "price": "31.68",
            "revenue": 330663
        },
        "2011-03": {
            "month": "2011-03",
            "price": "35.05",
            "revenue": 384310
        },
        "2011-04": {
            "month": "2011-04",
            "price": "34.43",
            "revenue": 497427
        },
        "2011-05": {
            "month": "2011-05",
            "price": "29.17",
            "revenue": 533471
        },
        "2011-06": {
            "month": "2011-06",
            "price": "29.71",
            "revenue": 313183
        },
        "2011-07": {
            "month": "2011-07",
            "price": "29.82",
            "revenue": 390157
        },
        "2011-08": {
            "month": "2011-08",
            "price": "22.98",
            "revenue": 509583
        },
        "2011-09": {
            "month": "2011-09",
            "price": "22.72",
            "revenue": 371826
        },
        "2011-10": {
            "month": "2011-10",
            "price": "20.32",
            "revenue": 282463
        },
        "2011-11": {
            "month": "2011-11",
            "price": "16.08",
            "revenue": 246841
        },
        "2011-12": {
            "month": "2011-12",
            "price": "15.28",
            "revenue": 367978
        },
        "2012-01": {
            "month": "2012-01",
            "price": "16.09",
            "revenue": 267227
        },
        "2012-02": {
            "month": "2012-02",
            "price": "20.71",
            "revenue": 354926
        },
        "2012-03": {
            "month": "2012-03",
            "price": "24.85",
            "revenue": 449972
        },
        "2012-04": {
            "month": "2012-04",
            "price": "23.72",
            "revenue": 438626
        },
        "2012-05": {
            "month": "2012-05",
            "price": "22.94",
            "revenue": 514199
        },
        "2012-06": {
            "month": "2012-06",
            "price": "24.30",
            "revenue": 515726
        },
        "2012-07": {
            "month": "2012-07",
            "price": "26.19",
            "revenue": 468990
        },
        "2012-08": {
            "month": "2012-08",
            "price": "25.70",
            "revenue": 525017
        },
        "2012-09": {
            "month": "2012-09",
            "price": "25.00",
            "revenue": 615713
        },
        "2012-10": {
            "month": "2012-10",
            "price": "23.40",
            "revenue": 528264
        },
        "2012-11": {
            "month": "2012-11",
            "price": "18.42",
            "revenue": 452388
        },
        "2012-12": {
            "month": "2012-12",
            "price": "18.81",
            "revenue": 443837
        },
        "2013-01": {
            "month": "2013-01",
            "price": "19.11",
            "revenue": 515212
        },
        "2013-02": {
            "month": "2013-02",
            "price": "18.97",
            "revenue": 321992
        },
        "2013-03": {
            "month": "2013-03",
            "price": "19.04",
            "revenue": 413339
        },
        "2013-04": {
            "month": "2013-04",
            "price": "18.74",
            "revenue": 354151
        },
        "2013-05": {
            "month": "2013-05",
            "price": "18.54",
            "revenue": 350085
        },
        "2013-06": {
            "month": "2013-06",
            "price": "18.68",
            "revenue": 415126
        },
        "2013-07": {
            "month": "2013-07",
            "price": "18.45",
            "revenue": 459604
        },
        "2013-08": {
            "month": "2013-08",
            "price": "16.10",
            "revenue": 402663
        },
        "2013-09": {
            "month": "2013-09",
            "price": "16.15",
            "revenue": 334745
        },
        "2013-10": {
            "month": "2013-10",
            "price": "16.03",
            "revenue": 320495
        },
        "2013-11": {
            "month": "2013-11",
            "price": "14.52",
            "revenue": 339214
        },
        "2013-12": {
            "month": "2013-12",
            "price": "14.79",
            "revenue": 328575
        },
        "2014-01": {
            "month": "2014-01",
            "price": "15.76",
            "revenue": 242120
        },
        "2014-02": {
            "month": "2014-02",
            "price": "15.77",
            "revenue": 274517
        },
        "2014-03": {
            "month": "2014-03",
            "price": "17.46",
            "revenue": 444812
        },
        "2014-04": {
            "month": "2014-04",
            "price": "17.21",
            "revenue": 455301
        },
        "2014-05": {
            "month": "2014-05",
            "price": "18.88",
            "revenue": 344934
        },
        "2014-06": {
            "month": "2014-06",
            "price": "19.08",
            "revenue": 359320
        },
        "2014-07": {
            "month": "2014-07",
            "price": "19.22",
            "revenue": 360155
        },
        "2014-08": {
            "month": "2014-08",
            "price": "20.75",
            "revenue": 345159
        },
        "2014-09": {
            "month": "2014-09",
            "price": "20.35",
            "revenue": 434447
        },
        "2014-10": {
            "month": "2014-10",
            "price": "18.79",
            "revenue": 526845
        },
        "2014-11": {
            "month": "2014-11",
            "price": "18.77",
            "revenue": 494170
        },
        "2014-12": {
            "month": "2014-12",
            "price": "22.45",
            "revenue": 521619
        },
        "2015-01": {
            "month": "2015-01",
            "price": "23.86",
            "revenue": 485842
        },
        "2015-02": {
            "month": "2015-02",
            "price": "23.48",
            "revenue": 266642
        },
        "2015-03": {
            "month": "2015-03",
            "price": "24.14",
            "revenue": 381057
        },
        "2015-04": {
            "month": "2015-04",
            "price": "21.89",
            "revenue": 395970
        },
        "2015-05": {
            "month": "2015-05",
            "price": "20.80",
            "revenue": 372865
        },
        "2015-06": {
            "month": "2015-06",
            "price": "19.44",
            "revenue": 407789
        },
        "2015-07": {
            "month": "2015-07",
            "price": "20.45",
            "revenue": 366022
        },
        "2015-08": {
            "month": "2015-08",
            "price": "17.47",
            "revenue": 422550
        },
        "2015-09": {
            "month": "2015-09",
            "price": "18.21",
            "revenue": 487803
        },
        "2015-10": {
            "month": "2015-10",
            "price": "19.54",
            "revenue": 411201
        },
        "2015-11": {
            "month": "2015-11",
            "price": "18.43",
            "revenue": 463391
        },
        "2015-12": {
            "month": "2015-12",
            "price": "18.22",
            "revenue": 447115
        },
        "2016-01": {
            "month": "2016-01",
            "price": "17.29",
            "revenue": 352779
        },
        "2016-02": {
            "month": "2016-02",
            "price": "17.58",
            "revenue": 232593
        },
        "2016-03": {
            "month": "2016-03",
            "price": "19.27",
            "revenue": 387247
        },
        "2016-04": {
            "month": "2016-04",
            "price": "19.23",
            "revenue": 370618
        },
        "2016-05": {
            "month": "2016-05",
            "price": "18.60",
            "revenue": 311669
        },
        "2016-06": {
            "month": "2016-06",
            "price": "18.31",
            "revenue": 458257
        },
        "2016-07": {
            "month": "2016-07",
            "price": "19.58",
            "revenue": 386499
        },
        "2016-08": {
            "month": "2016-08",
            "price": "18.25",
            "revenue": 483175
        },
        "2016-09": {
            "month": "2016-09",
            "price": "18.01",
            "revenue": 538532
        },
        "2016-10": {
            "month": "2016-10",
            "price": "17.88",
            "revenue": 503148
        },
        "2016-11": {
            "month": "2016-11",
            "price": "17.35",
            "revenue": 527829
        },
        "2016-12": {
            "month": "2016-12",
            "price": "17.46",
            "revenue": 611181
        },
        "2017-01": {
            "month": "2017-01",
            "price": "18.10",
            "revenue": 387968
        },
        "2017-02": {
            "month": "2017-02",
            "price": "18.35",
            "revenue": 453452
        },
        "2017-03": {
            "month": "2017-03",
            "price": "20.52",
            "revenue": 524701
        },
        "2017-04": {
            "month": "2017-04",
            "price": "21.02",
            "revenue": 558297
        },
        "2017-05": {
            "month": "2017-05",
            "price": "21.43",
            "revenue": 655098
        },
        "2017-06": {
            "month": "2017-06",
            "price": "25.11",
            "revenue": 683220
        },
        "2017-07": {
            "month": "2017-07",
            "price": "25.40",
            "revenue": 653937
        },
        "2017-08": {
            "month": "2017-08",
            "price": "31.12",
            "revenue": 731798
        },
        "2017-09": {
            "month": "2017-09",
            "price": "44.98",
            "revenue": 727401
        },
        "2017-10": {
            "month": "2017-10",
            "price": "48.04",
            "revenue": 624868
        },
        "2017-11": {
            "month": "2017-11",
            "price": "39.90",
            "revenue": 789366
        },
        "2017-12": {
            "month": "2017-12",
            "price": "39.26",
            "revenue": 740186
        },
        "2018-01": {
            "month": "2018-01",
            "price": "41.60",
            "revenue": 668018
        },
        "2018-02": {
            "month": "2018-02",
            "price": "40.08",
            "revenue": 457729
        },
        "2018-03": {
            "month": "2018-03",
            "price": "40.86",
            "revenue": 807396
        },
        "2018-04": {
            "month": "2018-04",
            "price": "40.11",
            "revenue": 763317
        },
        "2018-05": {
            "month": "2018-05",
            "price": "38.01",
            "revenue": 857630
        },
        "2018-06": {
            "month": "2018-06",
            "price": "38.65",
            "revenue": 790067
        },
        "2018-07": {
            "month": "2018-07",
            "price": "38.01",
            "revenue": 874986
        },
        "2018-08": {
            "month": "2018-08",
            "price": "39.98",
            "revenue": 948565
        },
        "2018-09": {
            "month": "2018-09",
            "price": "41.76",
            "revenue": 873318
        },
        "2018-10": {
            "month": "2018-10",
            "price": "33.76",
            "revenue": 775358
        },
        "2018-11": {
            "month": "2018-11",
            "price": "31.78",
            "revenue": 856135
        },
        "2018-12": {
            "month": "2018-12",
            "price": "33.98",
            "revenue": 704786
        },
        "2019-01": {
            "month": "2019-01",
            "price": "32.85",
            "revenue": 721886
        },
        "2019-02": {
            "month": "2019-02",
            "price": "35.09",
            "revenue": 387080
        },
        "2019-03": {
            "month": "2019-03",
            "price": "34.26",
            "revenue": 614595
        },
        "2019-04": {
            "month": "2019-04",
            "price": "33.15",
            "revenue": 677805
        },
        "2019-05": {
            "month": "2019-05",
            "price": "29.58",
            "revenue": 780475
        },
        "2019-06": {
            "month": "2019-06",
            "price": "30.16",
            "revenue": 904533
        },
        "2019-07": {
            "month": "2019-07",
            "price": "32.10",
            "revenue": 797963
        },
        "2019-08": {
            "month": "2019-08",
            "price": "28.92",
            "revenue": 902671
        },
        "2019-09": {
            "month": "2019-09",
            "price": "28.91",
            "revenue": 954771
        },
        "2019-10": {
            "month": "2019-10",
            "price": "29.78",
            "revenue": 785462
        },
        "2019-11": {
            "month": "2019-11",
            "price": "30.10",
            "revenue": 892955
        },
        "2019-12": {
            "month": "2019-12",
            "price": "30.50",
            "revenue": 773539
        },
        "2020-01": {
            "month": "2020-01",
            "price": "29.79",
            "revenue": 685868
        },
        "2020-02": {
            "month": "2020-02",
            "price": "28.05",
            "revenue": 419604
        },
        "2020-03": {
            "month": "2020-03",
            "price": "22.19",
            "revenue": 781701
        },
        "2020-04": {
            "month": "2020-04",
            "price": "25.44",
            "revenue": 1120293
        },
        "2020-05": {
            "month": "2020-05",
            "price": "29.90",
            "revenue": 1033372
        },
        "2020-06": {
            "month": "2020-06",
            "price": "31.27",
            "revenue": 1064501
        },
        "2020-07": {
            "month": "2020-07",
            "price": "33.52",
            "revenue": 1185441
        },
        "2020-08": {
            "month": "2020-08",
            "price": "40.77",
            "revenue": 1192913
        },
        "2020-09": {
            "month": "2020-09",
            "price": "44.21",
            "revenue": 1131806
        },
        "2020-10": {
            "month": "2020-10",
            "price": "42.52",
            "revenue": 907605
        },
        "2020-11": {
            "month": "2020-11",
            "price": "42.20",
            "revenue": 1254065
        },
        "2020-12": {
            "month": "2020-12",
            "price": "46.38",
            "revenue": 1390256
        },
        "2021-01": {
            "month": "2021-01",
            "price": "47.73",
            "revenue": 1111509
        },
        "2021-02": {
            "month": "2021-02",
            "price": "48.53",
            "revenue": 949367
        },
        "2021-03": {
            "month": "2021-03",
            "price": "52.63",
            "revenue": 1376199
        },
        "2021-04": {
            "month": "2021-04",
            "price": "52.87",
            "revenue": 1082219
        },
        "2021-05": {
            "month": "2021-05",
            "price": "44.47",
            "revenue": 1107444
        },
        "2021-06": {
            "month": "2021-06",
            "price": "46.02",
            "revenue": 1600580
        },
        "2021-07": {
            "month": "2021-07",
            "price": "53.24",
            "revenue": 843765
        },
        "2021-08": {
            "month": "2021-08",
            "price": "42.38",
            "revenue": 715557
        },
        "2021-09": {
            "month": "2021-09",
            "price": "36.22",
            "revenue": 1500106
        },
        "2021-10": {
            "month": "2021-10",
            "price": "40.68",
            "revenue": 1046846
        },
        "2021-11": {
            "month": "2021-11",
            "price": "42.86",
            "revenue": 1209843
        },
        "2021-12": {
            "month": "2021-12",
            "price": "42.27",
            "revenue": 1410726
        },
        "2022-01": {
            "month": "2022-01",
            "price": "41.18",
            "revenue": 1017835
        },
        "2022-02": {
            "month": "2022-02",
            "price": "40.48",
            "revenue": 759606
        },
        "2022-03": {
            "month": "2022-03",
            "price": "40.23",
            "revenue": 1290844
        },
        "2022-04": {
            "month": "2022-04",
            "price": "38.93",
            "revenue": 545573
        },
        "2022-05": {
            "month": "2022-05",
            "price": "36.14",
            "revenue": 460924
        },
        "2022-06": {
            "month": "2022-06",
            "price": "36.21",
            "revenue": 1409921
        },
        "2022-07": {
            "month": "2022-07",
            "price": "32.40",
            "revenue": 1012448
        },
        "2022-08": {
            "month": "2022-08",
            "price": "34.07",
            "revenue": 1168352
        },
        "2022-09": {
            "month": "2022-09",
            "price": "34.68",
            "revenue": 887388
        },
        "2022-10": {
            "month": "2022-10",
            "price": "30.68",
            "revenue": 931634
        },
        "2022-11": {
            "month": "2022-11",
            "price": "33.86",
            "revenue": 765801
        },
        "2022-12": {
            "month": "2022-12",
            "price": "34.05",
            "revenue": 849263
        },
        "2023-01": {
            "month": "2023-01",
            "price": "33.37",
            "revenue": 446526
        },
        "2023-02": {
            "month": "2023-02",
            "price": "34.96",
            "revenue": 525269
        },
        "2023-03": {
            "month": "2023-03",
            "price": "34.29",
            "revenue": 755617
        },
        "2023-04": {
            "month": "2023-04",
            "price": "34.39",
            "revenue": 511537
        },
        "2023-05": {
            "month": "2023-05",
            "price": "33.14",
            "revenue": 658857
        },
        "2023-06": {
            "month": "2023-06",
            "price": "35.42",
            "revenue": 887376
        },
        "2023-07": {
            "month": "2023-07",
            "price": "33.15",
            "revenue": 571708
        },
        "2023-08": {
            "month": "2023-08",
            "price": "31.11",
            "revenue": 714469
        },
        "2023-09": {
            "month": "2023-09",
            "price": "30.18",
            "revenue": 561461
        },
        "2023-10": {
            "month": "2023-10",
            "price": "28.86",
            "revenue": 498988
        },
        "2023-11": {
            "month": "2023-11",
            "price": "28.70",
            "revenue": 477545
        },
        "2023-12": {
            "month": "2023-12",
            "price": "29.25",
            "revenue": 594191
        }
    }
}
