{
    "summary": {
        "stock_name": "雙鴻",
        "stock_id": "3324",
        "category": "其他電子",
        "main_business": "散熱模組",
        "website_url": "http://www.auras.com.tw",
        "ceo": "林育申",
        "pe_ratio": 24,
        "report_year_from": 2003,
        "report_year_to": 2023,
        "age": 20,
        "eps_negative_percentage": 20,
        "eps_growth_avg": {
            "last_all": 6.83,
            "last_2y": 8.07,
            "last_4y": 20.54,
            "last_8y": 20.62,
            "last_12y": 15.52,
            "last_16y": 6.63,
            "last_20y": null,
            "at_2006_last_3y": null,
            "at_2007_last_3y": null,
            "at_2008_last_3y": -45.31,
            "at_2009_last_3y": -100,
            "at_2010_last_3y": null,
            "at_2011_last_3y": 100,
            "at_2012_last_3y": 37.02,
            "at_2013_last_3y": 0.23,
            "at_2014_last_3y": -15.18,
            "at_2015_last_3y": -15.18,
            "at_2016_last_3y": 16.31,
            "at_2017_last_3y": 20.72,
            "at_2018_last_3y": 30.69,
            "at_2019_last_3y": 30.69,
            "at_2020_last_3y": 8.28,
            "at_2021_last_3y": 22.7,
            "at_2022_last_3y": 31.05,
            "at_2023_last_3y": 31.05,
            "at_2006_last_all": -45.31,
            "at_2007_last_all": -45.31,
            "at_2008_last_all": -45.31,
            "at_2009_last_all": -45.31,
            "at_2010_last_all": -45.31,
            "at_2011_last_all": 3.13,
            "at_2012_last_all": -4.14,
            "at_2013_last_all": -17.99,
            "at_2014_last_all": -25.22,
            "at_2015_last_all": -7.33,
            "at_2016_last_all": 6.08,
            "at_2017_last_all": -0.79,
            "at_2018_last_all": -2.86,
            "at_2019_last_all": 6.49,
            "at_2020_last_all": 6.81,
            "at_2021_last_all": 6.44,
            "at_2022_last_all": 6.83,
            "at_2023_last_all": 6.83
        },
        "latest_eps": 13.11,
        "latest_price": 309,
        "latest_roe": 21.21,
        "latest_gross_margin": 20.63,
        "latest_equity": 5667597,
        "latest_revenue": 2596172,
        "latest_gross_profit": 535472,
        "latest_net_income": 241250,
        "latest_debt_ratio": 49.73,
        "latest_current_ratio": 145.35,
        "latest_account_receivable_turnover_ratio": 0.58,
        "latest_inventory_turnover_ratio": 1.02,
        "latest_reinvestment_rate": 31.28,
        "latest_research_to_sale_ratio": 6.08
    },
    "eps_dividends": {
        "2001": {
            "cash": 0,
            "stock": 0,
            "eps": 0
        },
        "2002": {
            "cash": 0,
            "stock": 0,
            "eps": 0
        },
        "2003": {
            "cash": 0,
            "stock": 0,
            "eps": 0
        },
        "2004": {
            "cash": 0,
            "stock": 13,
            "eps": 5.44
        },
        "2005": {
            "cash": 2.5,
            "stock": 2.5,
            "eps": 5.95
        },
        "2006": {
            "cash": 1.5,
            "stock": 1,
            "eps": -1.42
        },
        "2007": {
            "cash": 0,
            "stock": 0,
            "eps": -3.82
        },
        "2008": {
            "cash": 0,
            "stock": 0,
            "eps": -2.97
        },
        "2009": {
            "cash": 0,
            "stock": 0,
            "eps": -1.14
        },
        "2010": {
            "cash": 0,
            "stock": 0,
            "eps": 1.01
        },
        "2011": {
            "cash": 0,
            "stock": 0,
            "eps": 2.89
        },
        "2012": {
            "cash": 1,
            "stock": 0,
            "eps": 2.14
        },
        "2013": {
            "cash": 1,
            "stock": 0,
            "eps": 0.57
        },
        "2014": {
            "cash": 0.4,
            "stock": 0,
            "eps": 0.22
        },
        "2015": {
            "cash": 0.2,
            "stock": 0,
            "eps": 2.43
        },
        "2016": {
            "cash": 1,
            "stock": 0,
            "eps": 8.29
        },
        "2017": {
            "cash": 3.5,
            "stock": 0,
            "eps": 3.67
        },
        "2018": {
            "cash": 2,
            "stock": 0,
            "eps": 2.88
        },
        "2019": {
            "cash": 1.5,
            "stock": 0,
            "eps": 11.66
        },
        "2020": {
            "cash": 5,
            "stock": 0,
            "eps": 12.87
        },
        "2021": {
            "cash": 5.5,
            "stock": 0,
            "eps": 13.12
        },
        "2022": {
            "cash": 6,
            "stock": 0,
            "eps": 14.68
        },
        "2023": {
            "cash": 6.5,
            "stock": 0,
            "eps": 6
        }
    },
    "dividends": {
        "2004-02-25": {
            "cash": 0,
            "stock": 13
        },
        "2005-03-07": {
            "cash": 2.5,
            "stock": 2.5
        },
        "2006-04-03": {
            "cash": 1.5,
            "stock": 1
        },
        "2012-06-25": {
            "cash": 1,
            "stock": 0
        },
        "2013-06-28": {
            "cash": 1,
            "stock": 0
        },
        "2014-09-19": {
            "cash": 0.4,
            "stock": 0
        },
        "2015-09-23": {
            "cash": 0.2,
            "stock": 0
        },
        "2016-10-14": {
            "cash": 1,
            "stock": 0
        },
        "2017-08-03": {
            "cash": 3.5,
            "stock": 0
        },
        "2018-08-13": {
            "cash": 2,
            "stock": 0
        },
        "2019-07-31": {
            "cash": 1.5,
            "stock": 0
        },
        "2020-08-14": {
            "cash": 5,
            "stock": 0
        },
        "2021-09-13": {
            "cash": 5.5,
            "stock": 0
        },
        "2022-07-28": {
            "cash": 6,
            "stock": 0
        },
        "2023-07-27": {
            "cash": 6.5,
            "stock": 0
        }
    },
    "prices": {
        "200101": "無",
        "200102": "無",
        "200103": "無",
        "200104": "無",
        "200105": "無",
        "200106": "無",
        "200107": "無",
        "200108": "無",
        "200109": "無",
        "200110": "無",
        "200111": "無",
        "200112": "無",
        "200201": "無",
        "200202": "無",
        "200203": "無",
        "200204": "無",
        "200205": "無",
        "200206": "無",
        "200207": "無",
        "200208": "無",
        "200209": "無",
        "200210": "無",
        "200211": "無",
        "200212": "無",
        "200301": "無",
        "200302": "無",
        "200303": "無",
        "200304": "無",
        "200305": "無",
        "200306": "無",
        "200307": "無",
        "200308": "無",
        "200309": "無",
        "200310": "無",
        "200311": "無",
        "200312": "無",
        "200401": "無",
        "200402": "無",
        "200403": "無",
        "200404": "無",
        "200405": "90.00",
        "200406": "95.00",
        "200407": "95.42",
        "200408": "98.15",
        "200409": "98.15",
        "200410": "87.32",
        "200411": "88.85",
        "200412": "87.05",
        "200501": "85.00",
        "200502": "90.92",
        "200503": "95.68",
        "200504": "95.72",
        "200505": "90.02",
        "200506": "95.18",
        "200507": "101.51",
        "200508": "85.54",
        "200509": "59.64",
        "200510": "50.50",
        "200511": "48.55",
        "200512": "53.46",
        "200601": "57.76",
        "200602": "46.69",
        "200603": "44.60",
        "200604": "46.20",
        "200605": "39.47",
        "200606": "29.30",
        "200607": "27.57",
        "200608": "26.34",
        "200609": "20.55",
        "200610": "21.70",
        "200611": "28.63",
        "200612": "31.98",
        "200701": "30.43",
        "200702": "30.16",
        "200703": "31.45",
        "200704": "33.88",
        "200705": "29.99",
        "200706": "31.00",
        "200707": "33.45",
        "200708": "36.46",
        "200709": "30.24",
        "200710": "28.31",
        "200711": "20.89",
        "200712": "18.18",
        "200801": "15.06",
        "200802": "13.56",
        "200803": "16.57",
        "200804": "16.96",
        "200805": "15.57",
        "200806": "12.90",
        "200807": "9.75",
        "200808": "9.54",
        "200809": "10.79",
        "200810": "10.05",
        "200811": "5.45",
        "200812": "4.72",
        "200901": "5.17",
        "200902": "5.23",
        "200903": "6.84",
        "200904": "8.38",
        "200905": "8.13",
        "200906": "6.95",
        "200907": "7.16",
        "200908": "8.52",
        "200909": "9.72",
        "200910": "12.09",
        "200911": "17.65",
        "200912": "18.73",
        "201001": "23.20",
        "201002": "20.31",
        "201003": "22.64",
        "201004": "24.70",
        "201005": "24.38",
        "201006": "22.76",
        "201007": "21.27",
        "201008": "20.89",
        "201009": "18.37",
        "201010": "22.80",
        "201011": "21.87",
        "201012": "25.96",
        "201101": "28.00",
        "201102": "28.21",
        "201103": "26.72",
        "201104": "25.55",
        "201105": "26.19",
        "201106": "28.02",
        "201107": "25.78",
        "201108": "29.22",
        "201109": "29.83",
        "201110": "28.44",
        "201111": "28.70",
        "201112": "27.07",
        "201201": "28.08",
        "201202": "39.14",
        "201203": "45.19",
        "201204": "43.88",
        "201205": "38.60",
        "201206": "36.63",
        "201207": "36.67",
        "201208": "40.06",
        "201209": "36.76",
        "201210": "33.49",
        "201211": "28.46",
        "201212": "28.88",
        "201301": "31.78",
        "201302": "31.92",
        "201303": "30.00",
        "201304": "26.83",
        "201305": "24.98",
        "201306": "21.83",
        "201307": "21.57",
        "201308": "18.95",
        "201309": "17.96",
        "201310": "18.19",
        "201311": "19.77",
        "201312": "21.30",
        "201401": "23.67",
        "201402": "25.00",
        "201403": "27.60",
        "201404": "25.35",
        "201405": "25.07",
        "201406": "24.95",
        "201407": "22.03",
        "201408": "21.08",
        "201409": "20.09",
        "201410": "17.67",
        "201411": "15.36",
        "201412": "18.13",
        "201501": "19.68",
        "201502": "20.10",
        "201503": "22.43",
        "201504": "20.79",
        "201505": "18.86",
        "201506": "17.09",
        "201507": "17.16",
        "201508": "16.09",
        "201509": "17.98",
        "201510": "22.49",
        "201511": "27.75",
        "201512": "39.62",
        "201601": "47.41",
        "201602": "61.75",
        "201603": "77.79",
        "201604": "68.66",
        "201605": "59.49",
        "201606": "68.15",
        "201607": "79.74",
        "201608": "101.88",
        "201609": "102.35",
        "201610": "99.62",
        "201611": "94.29",
        "201612": "99.40",
        "201701": "93.88",
        "201702": "99.11",
        "201703": "93.88",
        "201704": "84.67",
        "201705": "76.74",
        "201706": "81.74",
        "201707": "83.69",
        "201708": "82.02",
        "201709": "86.33",
        "201710": "85.15",
        "201711": "75.62",
        "201712": "73.07",
        "201801": "81.93",
        "201802": "87.38",
        "201803": "79.51",
        "201804": "71.25",
        "201805": "66.67",
        "201806": "71.18",
        "201807": "71.67",
        "201808": "65.13",
        "201809": "52.56",
        "201810": "52.99",
        "201811": "70.25",
        "201812": "89.51",
        "201901": "113.35",
        "201902": "125.77",
        "201903": "121.78",
        "201904": "138.45",
        "201905": "125.68",
        "201906": "137.68",
        "201907": "153.67",
        "201908": "189.71",
        "201909": "182.11",
        "201910": "224.67",
        "201911": "210.00",
        "201912": "217.14",
        "202001": "189.80",
        "202002": "165.29",
        "202003": "135.23",
        "202004": "153.58",
        "202005": "165.70",
        "202006": "170.18",
        "202007": "200.13",
        "202008": "228.38",
        "202009": "228.93",
        "202010": "226.39",
        "202011": "238.17",
        "202012": "218.39",
        "202101": "225.90",
        "202102": "217.15",
        "202103": "215.07",
        "202104": "202.58",
        "202105": "160.36",
        "202106": "183.48",
        "202107": "184.50",
        "202108": "169.91",
        "202109": "170.60",
        "202110": "159.38",
        "202111": "172.73",
        "202112": "197.70",
        "202201": "214.92",
        "202202": "240.93",
        "202203": "216.80",
        "202204": "180.42",
        "202205": "171.33",
        "202206": "178.40",
        "202207": "163.98",
        "202208": "159.15",
        "202209": "153.83",
        "202210": "124.55",
        "202211": "141.05",
        "202212": "154.09",
        "202301": "151.15",
        "202302": "163.11",
        "202303": "178.50",
        "202304": "241.47",
        "202305": "253.20",
        "202306": "288.35",
        "202307": "300.43",
        "202308": "290.95",
        "202309": "320.27"
    },
    "quarters": {
        "20011": {
            "year_quarter": 20011,
            "year": 2001,
            "quarter": 1,
            "eps": null,
            "eps_growth_year": null,
            "eps_4q": null,
            "eps_4q_growth_year": null,
            "roe": null,
            "roe_4q": 0,
            "gross_profit": null,
            "gross_margin": null,
            "gross_margin_4q_avg": 0,
            "net_income": null,
            "revenue": null,
            "common_shares": null,
            "book_valuer_per_share": null,
            "book_valuer_per_share_4q_avg": 0,
            "equity": null,
            "current_ratio": null,
            "debt_ratio": null,
            "inventory_turnover_ratio": null,
            "account_receivable_turnover_ratio": null,
            "reinvestment_rate": null,
            "research_to_sale_ratio": null,
            "price_fair": 0,
            "eps_avg_yearly": 0,
            "eps_latest_yearly": 0,
            "eps_growth_yearly": 0
        },
        "20012": {
            "year_quarter": 20012,
            "year": 2001,
            "quarter": 2,
            "eps": null,
            "eps_growth_year": null,
            "eps_4q": null,
            "eps_4q_growth_year": null,
            "roe": null,
            "roe_4q": 0,
            "gross_profit": null,
            "gross_margin": null,
            "gross_margin_4q_avg": 0,
            "net_income": null,
            "revenue": null,
            "common_shares": null,
            "book_valuer_per_share": null,
            "book_valuer_per_share_4q_avg": 0,
            "equity": null,
            "current_ratio": null,
            "debt_ratio": null,
            "inventory_turnover_ratio": null,
            "account_receivable_turnover_ratio": null,
            "reinvestment_rate": null,
            "research_to_sale_ratio": null,
            "price_fair": 0,
            "eps_avg_yearly": 0,
            "eps_latest_yearly": 0,
            "eps_growth_yearly": 0
        },
        "20013": {
            "year_quarter": 20013,
            "year": 2001,
            "quarter": 3,
            "eps": null,
            "eps_growth_year": null,
            "eps_4q": null,
            "eps_4q_growth_year": null,
            "roe": null,
            "roe_4q": 0,
            "gross_profit": null,
            "gross_margin": null,
            "gross_margin_4q_avg": 0,
            "net_income": null,
            "revenue": null,
            "common_shares": null,
            "book_valuer_per_share": null,
            "book_valuer_per_share_4q_avg": 0,
            "equity": null,
            "current_ratio": null,
            "debt_ratio": null,
            "inventory_turnover_ratio": null,
            "account_receivable_turnover_ratio": null,
            "reinvestment_rate": null,
            "research_to_sale_ratio": null,
            "price_fair": 0,
            "eps_avg_yearly": 0,
            "eps_latest_yearly": 0,
            "eps_growth_yearly": 0
        },
        "20014": {
            "year_quarter": 20014,
            "year": 2001,
            "quarter": 4,
            "eps": null,
            "eps_growth_year": null,
            "eps_4q": null,
            "eps_4q_growth_year": null,
            "roe": null,
            "roe_4q": 0,
            "gross_profit": null,
            "gross_margin": null,
            "gross_margin_4q_avg": 0,
            "net_income": null,
            "revenue": null,
            "common_shares": 50000,
            "book_valuer_per_share": 10.42,
            "book_valuer_per_share_4q_avg": 2.61,
            "equity": 52086,
            "current_ratio": 127.91,
            "debt_ratio": 61.68,
            "inventory_turnover_ratio": null,
            "account_receivable_turnover_ratio": null,
            "reinvestment_rate": null,
            "research_to_sale_ratio": null,
            "price_fair": 0,
            "eps_avg_yearly": 0,
            "eps_latest_yearly": 0,
            "eps_growth_yearly": 0
        },
        "20021": {
            "year_quarter": 20021,
            "year": 2002,
            "quarter": 1,
            "eps": null,
            "eps_growth_year": null,
            "eps_4q": null,
            "eps_4q_growth_year": null,
            "roe": null,
            "roe_4q": 0,
            "gross_profit": null,
            "gross_margin": null,
            "gross_margin_4q_avg": 0,
            "net_income": null,
            "revenue": null,
            "common_shares": null,
            "book_valuer_per_share": null,
            "book_valuer_per_share_4q_avg": 2.61,
            "equity": null,
            "current_ratio": null,
            "debt_ratio": null,
            "inventory_turnover_ratio": null,
            "account_receivable_turnover_ratio": null,
            "reinvestment_rate": null,
            "research_to_sale_ratio": null,
            "price_fair": 0,
            "eps_avg_yearly": 0,
            "eps_latest_yearly": 0,
            "eps_growth_yearly": 0
        },
        "20022": {
            "year_quarter": 20022,
            "year": 2002,
            "quarter": 2,
            "eps": null,
            "eps_growth_year": null,
            "eps_4q": null,
            "eps_4q_growth_year": null,
            "roe": null,
            "roe_4q": 0,
            "gross_profit": null,
            "gross_margin": null,
            "gross_margin_4q_avg": 0,
            "net_income": null,
            "revenue": null,
            "common_shares": null,
            "book_valuer_per_share": null,
            "book_valuer_per_share_4q_avg": 2.61,
            "equity": null,
            "current_ratio": null,
            "debt_ratio": null,
            "inventory_turnover_ratio": null,
            "account_receivable_turnover_ratio": null,
            "reinvestment_rate": null,
            "research_to_sale_ratio": null,
            "price_fair": 0,
            "eps_avg_yearly": 0,
            "eps_latest_yearly": 0,
            "eps_growth_yearly": 0
        },
        "20023": {
            "year_quarter": 20023,
            "year": 2002,
            "quarter": 3,
            "eps": null,
            "eps_growth_year": null,
            "eps_4q": null,
            "eps_4q_growth_year": null,
            "roe": null,
            "roe_4q": 0,
            "gross_profit": null,
            "gross_margin": null,
            "gross_margin_4q_avg": 0,
            "net_income": null,
            "revenue": null,
            "common_shares": null,
            "book_valuer_per_share": null,
            "book_valuer_per_share_4q_avg": 2.61,
            "equity": null,
            "current_ratio": null,
            "debt_ratio": null,
            "inventory_turnover_ratio": null,
            "account_receivable_turnover_ratio": null,
            "reinvestment_rate": null,
            "research_to_sale_ratio": null,
            "price_fair": 0,
            "eps_avg_yearly": 0,
            "eps_latest_yearly": 0,
            "eps_growth_yearly": 0
        },
        "20024": {
            "year_quarter": 20024,
            "year": 2002,
            "quarter": 4,
            "eps": null,
            "eps_growth_year": null,
            "eps_4q": null,
            "eps_4q_growth_year": null,
            "roe": null,
            "roe_4q": 0,
            "gross_profit": null,
            "gross_margin": null,
            "gross_margin_4q_avg": 0,
            "net_income": null,
            "revenue": null,
            "common_shares": 55000,
            "book_valuer_per_share": 23.59,
            "book_valuer_per_share_4q_avg": 5.9,
            "equity": 129738,
            "current_ratio": 116.95,
            "debt_ratio": 72.66,
            "inventory_turnover_ratio": null,
            "account_receivable_turnover_ratio": null,
            "reinvestment_rate": null,
            "research_to_sale_ratio": null,
            "price_fair": 0,
            "eps_avg_yearly": 0,
            "eps_latest_yearly": 0,
            "eps_growth_yearly": 0
        },
        "20031": {
            "year_quarter": 20031,
            "year": 2003,
            "quarter": 1,
            "eps": null,
            "eps_growth_year": null,
            "eps_4q": null,
            "eps_4q_growth_year": null,
            "roe": null,
            "roe_4q": 0,
            "gross_profit": null,
            "gross_margin": null,
            "gross_margin_4q_avg": 0,
            "net_income": null,
            "revenue": null,
            "common_shares": null,
            "book_valuer_per_share": null,
            "book_valuer_per_share_4q_avg": 5.9,
            "equity": null,
            "current_ratio": null,
            "debt_ratio": null,
            "inventory_turnover_ratio": null,
            "account_receivable_turnover_ratio": null,
            "reinvestment_rate": null,
            "research_to_sale_ratio": null,
            "price_fair": 0,
            "eps_avg_yearly": 0,
            "eps_latest_yearly": 0,
            "eps_growth_yearly": 0
        },
        "20032": {
            "year_quarter": 20032,
            "year": 2003,
            "quarter": 2,
            "eps": null,
            "eps_growth_year": null,
            "eps_4q": null,
            "eps_4q_growth_year": null,
            "roe": null,
            "roe_4q": 0,
            "gross_profit": null,
            "gross_margin": null,
            "gross_margin_4q_avg": 0,
            "net_income": null,
            "revenue": null,
            "common_shares": null,
            "book_valuer_per_share": null,
            "book_valuer_per_share_4q_avg": 5.9,
            "equity": null,
            "current_ratio": null,
            "debt_ratio": null,
            "inventory_turnover_ratio": null,
            "account_receivable_turnover_ratio": null,
            "reinvestment_rate": null,
            "research_to_sale_ratio": null,
            "price_fair": 0,
            "eps_avg_yearly": 0,
            "eps_latest_yearly": 0,
            "eps_growth_yearly": 0
        },
        "20033": {
            "year_quarter": 20033,
            "year": 2003,
            "quarter": 3,
            "eps": null,
            "eps_growth_year": null,
            "eps_4q": null,
            "eps_4q_growth_year": null,
            "roe": null,
            "roe_4q": 0,
            "gross_profit": null,
            "gross_margin": null,
            "gross_margin_4q_avg": 0,
            "net_income": null,
            "revenue": null,
            "common_shares": null,
            "book_valuer_per_share": null,
            "book_valuer_per_share_4q_avg": 5.9,
            "equity": null,
            "current_ratio": null,
            "debt_ratio": null,
            "inventory_turnover_ratio": null,
            "account_receivable_turnover_ratio": null,
            "reinvestment_rate": null,
            "research_to_sale_ratio": null,
            "price_fair": 0,
            "eps_avg_yearly": 0,
            "eps_latest_yearly": 0,
            "eps_growth_yearly": 0
        },
        "20034": {
            "year_quarter": 20034,
            "year": 2003,
            "quarter": 4,
            "eps": null,
            "eps_growth_year": null,
            "eps_4q": null,
            "eps_4q_growth_year": null,
            "roe": null,
            "roe_4q": 0,
            "gross_profit": null,
            "gross_margin": null,
            "gross_margin_4q_avg": 0,
            "net_income": null,
            "revenue": null,
            "common_shares": 110000,
            "book_valuer_per_share": 27.43,
            "book_valuer_per_share_4q_avg": 6.86,
            "equity": 301679,
            "current_ratio": 119.35,
            "debt_ratio": 73.94,
            "inventory_turnover_ratio": null,
            "account_receivable_turnover_ratio": null,
            "reinvestment_rate": null,
            "research_to_sale_ratio": null,
            "price_fair": 0,
            "eps_avg_yearly": 0,
            "eps_latest_yearly": 0,
            "eps_growth_yearly": 0
        },
        "20041": {
            "year_quarter": 20041,
            "year": 2004,
            "quarter": 1,
            "eps": null,
            "eps_growth_year": null,
            "eps_4q": null,
            "eps_4q_growth_year": null,
            "roe": null,
            "roe_4q": 0,
            "gross_profit": null,
            "gross_margin": null,
            "gross_margin_4q_avg": 0,
            "net_income": null,
            "revenue": null,
            "common_shares": null,
            "book_valuer_per_share": null,
            "book_valuer_per_share_4q_avg": 6.86,
            "equity": null,
            "current_ratio": null,
            "debt_ratio": null,
            "inventory_turnover_ratio": null,
            "account_receivable_turnover_ratio": null,
            "reinvestment_rate": null,
            "research_to_sale_ratio": null,
            "price_fair": 0,
            "eps_avg_yearly": 0,
            "eps_latest_yearly": 0,
            "eps_growth_yearly": 0
        },
        "20042": {
            "year_quarter": 20042,
            "year": 2004,
            "quarter": 2,
            "eps": null,
            "eps_growth_year": null,
            "eps_4q": null,
            "eps_4q_growth_year": null,
            "roe": null,
            "roe_4q": 0,
            "gross_profit": null,
            "gross_margin": null,
            "gross_margin_4q_avg": 0,
            "net_income": null,
            "revenue": null,
            "common_shares": null,
            "book_valuer_per_share": null,
            "book_valuer_per_share_4q_avg": 6.86,
            "equity": null,
            "current_ratio": null,
            "debt_ratio": null,
            "inventory_turnover_ratio": null,
            "account_receivable_turnover_ratio": null,
            "reinvestment_rate": null,
            "research_to_sale_ratio": null,
            "price_fair": 0,
            "eps_avg_yearly": 0,
            "eps_latest_yearly": 0,
            "eps_growth_yearly": 0
        },
        "20043": {
            "year_quarter": 20043,
            "year": 2004,
            "quarter": 3,
            "eps": 2.76,
            "eps_growth_year": null,
            "eps_4q": null,
            "eps_4q_growth_year": null,
            "roe": 16.36,
            "roe_4q": 16.36,
            "gross_profit": 150442,
            "gross_margin": 21.38,
            "gross_margin_4q_avg": 5.35,
            "net_income": 75347,
            "revenue": 703753,
            "common_shares": 272724,
            "book_valuer_per_share": 16.89,
            "book_valuer_per_share_4q_avg": 11.08,
            "equity": 460631,
            "current_ratio": 138.47,
            "debt_ratio": 66.95,
            "inventory_turnover_ratio": 2.27,
            "account_receivable_turnover_ratio": null,
            "reinvestment_rate": null,
            "research_to_sale_ratio": null,
            "price_fair": 0,
            "eps_avg_yearly": 0,
            "eps_latest_yearly": 0,
            "eps_growth_yearly": 0
        },
        "20044": {
            "year_quarter": 20044,
            "year": 2004,
            "quarter": 4,
            "eps": 2.68,
            "eps_growth_year": null,
            "eps_4q": null,
            "eps_4q_growth_year": null,
            "roe": 14.76,
            "roe_4q": 31.119999999999997,
            "gross_profit": 163577,
            "gross_margin": 20.68,
            "gross_margin_4q_avg": 10.52,
            "net_income": 73104,
            "revenue": 790986,
            "common_shares": 272724,
            "book_valuer_per_share": 19.43,
            "book_valuer_per_share_4q_avg": 9.08,
            "equity": 530038,
            "current_ratio": 136.01,
            "debt_ratio": 68.33,
            "inventory_turnover_ratio": 2.24,
            "account_receivable_turnover_ratio": null,
            "reinvestment_rate": null,
            "research_to_sale_ratio": null,
            "price_fair": 32.16,
            "eps_avg_yearly": 10.72,
            "eps_latest_yearly": 10.72,
            "eps_growth_yearly": -11.59
        },
        "20051": {
            "year_quarter": 20051,
            "year": 2005,
            "quarter": 1,
            "eps": 1.93,
            "eps_growth_year": null,
            "eps_4q": null,
            "eps_4q_growth_year": null,
            "roe": 9.48,
            "roe_4q": 40.6,
            "gross_profit": 121340,
            "gross_margin": 19.38,
            "gross_margin_4q_avg": 15.36,
            "net_income": 52716,
            "revenue": 626184,
            "common_shares": 272724,
            "book_valuer_per_share": 21.36,
            "book_valuer_per_share_4q_avg": 14.42,
            "equity": 582481,
            "current_ratio": 163.33,
            "debt_ratio": 56.53,
            "inventory_turnover_ratio": 1.83,
            "account_receivable_turnover_ratio": null,
            "reinvestment_rate": null,
            "research_to_sale_ratio": null,
            "price_fair": 27.66,
            "eps_avg_yearly": 9.22,
            "eps_latest_yearly": 7.72,
            "eps_growth_yearly": -61.77
        },
        "20052": {
            "year_quarter": 20052,
            "year": 2005,
            "quarter": 2,
            "eps": 1.15,
            "eps_growth_year": null,
            "eps_4q": 8.38,
            "eps_4q_growth_year": null,
            "roe": 4.82,
            "roe_4q": 45.42,
            "gross_profit": 91522,
            "gross_margin": 18.63,
            "gross_margin_4q_avg": 20.02,
            "net_income": 32016,
            "revenue": 491230,
            "common_shares": 302724,
            "book_valuer_per_share": 24.64,
            "book_valuer_per_share_4q_avg": 20.58,
            "equity": 746060,
            "current_ratio": 182.73,
            "debt_ratio": 47.73,
            "inventory_turnover_ratio": 1.68,
            "account_receivable_turnover_ratio": null,
            "reinvestment_rate": null,
            "research_to_sale_ratio": null,
            "price_fair": 23.04,
            "eps_avg_yearly": 7.68,
            "eps_latest_yearly": 4.6,
            "eps_growth_yearly": -95.06
        },
        "20053": {
            "year_quarter": 20053,
            "year": 2005,
            "quarter": 3,
            "eps": 1.76,
            "eps_growth_year": -36.23,
            "eps_4q": 6.04,
            "eps_4q_growth_year": null,
            "roe": 8.27,
            "roe_4q": 37.33,
            "gross_profit": 121768,
            "gross_margin": 18.2,
            "gross_margin_4q_avg": 19.22,
            "net_income": 64972,
            "revenue": 669105,
            "common_shares": 389000,
            "book_valuer_per_share": 21.21,
            "book_valuer_per_share_4q_avg": 21.66,
            "equity": 825253,
            "current_ratio": 167.85,
            "debt_ratio": 50.46,
            "inventory_turnover_ratio": 2.1,
            "account_receivable_turnover_ratio": null,
            "reinvestment_rate": null,
            "research_to_sale_ratio": null,
            "price_fair": 22.56,
            "eps_avg_yearly": 7.52,
            "eps_latest_yearly": 7.04,
            "eps_growth_yearly": -18.25
        },
        "20054": {
            "year_quarter": 20054,
            "year": 2005,
            "quarter": 4,
            "eps": 1.11,
            "eps_growth_year": -58.58,
            "eps_4q": 5.11,
            "eps_4q_growth_year": null,
            "roe": 4.94,
            "roe_4q": 27.51,
            "gross_profit": 113767,
            "gross_margin": 18.23,
            "gross_margin_4q_avg": 18.61,
            "net_income": 41561,
            "revenue": 623926,
            "common_shares": 389000,
            "book_valuer_per_share": 22.06,
            "book_valuer_per_share_4q_avg": 22.32,
            "equity": 858168,
            "current_ratio": 168.08,
            "debt_ratio": 55.19,
            "inventory_turnover_ratio": 1.66,
            "account_receivable_turnover_ratio": null,
            "reinvestment_rate": null,
            "research_to_sale_ratio": null,
            "price_fair": 20.71,
            "eps_avg_yearly": 6.9,
            "eps_latest_yearly": 4.44,
            "eps_growth_yearly": -44.15
        },
        "20061": {
            "year_quarter": 20061,
            "year": 2006,
            "quarter": 1,
            "eps": 0.55,
            "eps_growth_year": -71.5,
            "eps_4q": 4.1,
            "eps_4q_growth_year": null,
            "roe": 2.47,
            "roe_4q": 20.5,
            "gross_profit": 87784,
            "gross_margin": 16.73,
            "gross_margin_4q_avg": 17.95,
            "net_income": 21453,
            "revenue": 524699,
            "common_shares": 389000,
            "book_valuer_per_share": 22.58,
            "book_valuer_per_share_4q_avg": 22.62,
            "equity": 878396,
            "current_ratio": 192.8,
            "debt_ratio": 43.67,
            "inventory_turnover_ratio": 1.39,
            "account_receivable_turnover_ratio": null,
            "reinvestment_rate": null,
            "research_to_sale_ratio": null,
            "price_fair": 18.36,
            "eps_avg_yearly": 6.12,
            "eps_latest_yearly": 2.2,
            "eps_growth_yearly": -70.42
        },
        "20062": {
            "year_quarter": 20062,
            "year": 2006,
            "quarter": 2,
            "eps": -0.78,
            "eps_growth_year": -167.83,
            "eps_4q": 2.51,
            "eps_4q_growth_year": -70.04,
            "roe": -3.66,
            "roe_4q": 12.02,
            "gross_profit": 27569,
            "gross_margin": 5.98,
            "gross_margin_4q_avg": 14.79,
            "net_income": -30372,
            "revenue": 460683,
            "common_shares": 389000,
            "book_valuer_per_share": 20.13,
            "book_valuer_per_share_4q_avg": 21.5,
            "equity": 783156,
            "current_ratio": 176.13,
            "debt_ratio": 43.38,
            "inventory_turnover_ratio": 1.79,
            "account_receivable_turnover_ratio": null,
            "reinvestment_rate": null,
            "research_to_sale_ratio": null,
            "price_fair": 18.36,
            "eps_avg_yearly": 6.12,
            "eps_latest_yearly": 2.2,
            "eps_growth_yearly": -70.42
        },
        "20063": {
            "year_quarter": 20063,
            "year": 2006,
            "quarter": 3,
            "eps": -0.37,
            "eps_growth_year": -121.02,
            "eps_4q": 0.38,
            "eps_4q_growth_year": -93.65,
            "roe": -2.04,
            "roe_4q": 1.7100000000000004,
            "gross_profit": 8598,
            "gross_margin": 1.92,
            "gross_margin_4q_avg": 10.72,
            "net_income": -15884,
            "revenue": 448567,
            "common_shares": 437000,
            "book_valuer_per_share": 17.72,
            "book_valuer_per_share_4q_avg": 20.62,
            "equity": 774201,
            "current_ratio": 147.95,
            "debt_ratio": 46.54,
            "inventory_turnover_ratio": 1.97,
            "account_receivable_turnover_ratio": null,
            "reinvestment_rate": null,
            "research_to_sale_ratio": null,
            "price_fair": 18.36,
            "eps_avg_yearly": 6.12,
            "eps_latest_yearly": 2.2,
            "eps_growth_yearly": -70.42
        },
        "20064": {
            "year_quarter": 20064,
            "year": 2006,
            "quarter": 4,
            "eps": -0.82,
            "eps_growth_year": -173.87,
            "eps_4q": -1.41,
            "eps_4q_growth_year": -127.6,
            "roe": -4.57,
            "roe_4q": -7.799999999999999,
            "gross_profit": 23336,
            "gross_margin": 5.02,
            "gross_margin_4q_avg": 7.41,
            "net_income": -34368,
            "revenue": 465085,
            "common_shares": 437000,
            "book_valuer_per_share": 16.73,
            "book_valuer_per_share_4q_avg": 19.29,
            "equity": 731070,
            "current_ratio": 135.51,
            "debt_ratio": 63.08,
            "inventory_turnover_ratio": 1.35,
            "account_receivable_turnover_ratio": null,
            "reinvestment_rate": null,
            "research_to_sale_ratio": null,
            "price_fair": 18.36,
            "eps_avg_yearly": 6.12,
            "eps_latest_yearly": 2.2,
            "eps_growth_yearly": -70.42
        },
        "20071": {
            "year_quarter": 20071,
            "year": 2007,
            "quarter": 1,
            "eps": -0.27,
            "eps_growth_year": -149.09,
            "eps_4q": -2.12,
            "eps_4q_growth_year": -151.67,
            "roe": -1.61,
            "roe_4q": -11.88,
            "gross_profit": 33911,
            "gross_margin": 8.24,
            "gross_margin_4q_avg": 5.29,
            "net_income": -11769,
            "revenue": 411410,
            "common_shares": 437000,
            "book_valuer_per_share": 16.7,
            "book_valuer_per_share_4q_avg": 17.82,
            "equity": 729892,
            "current_ratio": 137.55,
            "debt_ratio": 48.33,
            "inventory_turnover_ratio": 1.33,
            "account_receivable_turnover_ratio": null,
            "reinvestment_rate": null,
            "research_to_sale_ratio": null,
            "price_fair": 18.36,
            "eps_avg_yearly": 6.12,
            "eps_latest_yearly": 2.2,
            "eps_growth_yearly": -70.42
        },
        "20072": {
            "year_quarter": 20072,
            "year": 2007,
            "quarter": 2,
            "eps": -0.85,
            "eps_growth_year": null,
            "eps_4q": -2.25,
            "eps_4q_growth_year": -189.72,
            "roe": -5.1,
            "roe_4q": -13.32,
            "gross_profit": 40585,
            "gross_margin": 9.53,
            "gross_margin_4q_avg": 6.18,
            "net_income": -36360,
            "revenue": 425838,
            "common_shares": 437000,
            "book_valuer_per_share": 15.95,
            "book_valuer_per_share_4q_avg": 16.78,
            "equity": 697215,
            "current_ratio": 131.86,
            "debt_ratio": 50,
            "inventory_turnover_ratio": 2.15,
            "account_receivable_turnover_ratio": null,
            "reinvestment_rate": null,
            "research_to_sale_ratio": null,
            "price_fair": 18.36,
            "eps_avg_yearly": 6.12,
            "eps_latest_yearly": 2.2,
            "eps_growth_yearly": -70.42
        },
        "20073": {
            "year_quarter": 20073,
            "year": 2007,
            "quarter": 3,
            "eps": -0.42,
            "eps_growth_year": null,
            "eps_4q": -2.3,
            "eps_4q_growth_year": -699.58,
            "roe": -2.61,
            "roe_4q": -13.889999999999999,
            "gross_profit": 43102,
            "gross_margin": 9.44,
            "gross_margin_4q_avg": 8.06,
            "net_income": -17981,
            "revenue": 456373,
            "common_shares": 437000,
            "book_valuer_per_share": 15.6,
            "book_valuer_per_share_4q_avg": 16.25,
            "equity": 681908,
            "current_ratio": 117.73,
            "debt_ratio": 61.35,
            "inventory_turnover_ratio": 1.85,
            "account_receivable_turnover_ratio": null,
            "reinvestment_rate": null,
            "research_to_sale_ratio": null,
            "price_fair": 18.36,
            "eps_avg_yearly": 6.12,
            "eps_latest_yearly": 2.2,
            "eps_growth_yearly": -70.42
        },
        "20074": {
            "year_quarter": 20074,
            "year": 2007,
            "quarter": 4,
            "eps": -2.28,
            "eps_growth_year": null,
            "eps_4q": -3.82,
            "eps_4q_growth_year": null,
            "roe": -15.36,
            "roe_4q": -24.68,
            "gross_profit": 81332,
            "gross_margin": 11.39,
            "gross_margin_4q_avg": 9.65,
            "net_income": -97814,
            "revenue": 714348,
            "common_shares": 437000,
            "book_valuer_per_share": 13.54,
            "book_valuer_per_share_4q_avg": 15.45,
            "equity": 591738,
            "current_ratio": 99.8,
            "debt_ratio": 79.97,
            "inventory_turnover_ratio": 2.03,
            "account_receivable_turnover_ratio": null,
            "reinvestment_rate": null,
            "research_to_sale_ratio": null,
            "price_fair": 18.36,
            "eps_avg_yearly": 6.12,
            "eps_latest_yearly": 2.2,
            "eps_growth_yearly": -70.42
        },
        "20081": {
            "year_quarter": 20081,
            "year": 2008,
            "quarter": 1,
            "eps": -0.79,
            "eps_growth_year": null,
            "eps_4q": -3.97,
            "eps_4q_growth_year": null,
            "roe": -6.24,
            "roe_4q": -29.310000000000002,
            "gross_profit": 101817,
            "gross_margin": 13.75,
            "gross_margin_4q_avg": 11.03,
            "net_income": -37792,
            "revenue": 740624,
            "common_shares": 492970,
            "book_valuer_per_share": 12.59,
            "book_valuer_per_share_4q_avg": 14.42,
            "equity": 620523,
            "current_ratio": 98.58,
            "debt_ratio": 70.14,
            "inventory_turnover_ratio": 1.71,
            "account_receivable_turnover_ratio": null,
            "reinvestment_rate": null,
            "research_to_sale_ratio": null,
            "price_fair": 18.36,
            "eps_avg_yearly": 6.12,
            "eps_latest_yearly": 2.2,
            "eps_growth_yearly": -70.42
        },
        "20082": {
            "year_quarter": 20082,
            "year": 2008,
            "quarter": 2,
            "eps": -0.99,
            "eps_growth_year": null,
            "eps_4q": -4.08,
            "eps_4q_growth_year": null,
            "roe": -7.92,
            "roe_4q": -32.13,
            "gross_profit": 54642,
            "gross_margin": 6.97,
            "gross_margin_4q_avg": 10.39,
            "net_income": -47605,
            "revenue": 784294,
            "common_shares": 492970,
            "book_valuer_per_share": 11.78,
            "book_valuer_per_share_4q_avg": 13.38,
            "equity": 580940,
            "current_ratio": 95.55,
            "debt_ratio": 72.03,
            "inventory_turnover_ratio": 1.91,
            "account_receivable_turnover_ratio": null,
            "reinvestment_rate": 1778.13,
            "research_to_sale_ratio": null,
            "price_fair": 18.36,
            "eps_avg_yearly": 6.12,
            "eps_latest_yearly": 2.2,
            "eps_growth_yearly": -70.42
        },
        "20083": {
            "year_quarter": 20083,
            "year": 2008,
            "quarter": 3,
            "eps": -0.09,
            "eps_growth_year": null,
            "eps_4q": -3.81,
            "eps_4q_growth_year": null,
            "roe": -0.78,
            "roe_4q": -30.299999999999997,
            "gross_profit": 103091,
            "gross_margin": 10.42,
            "gross_margin_4q_avg": 10.63,
            "net_income": -4535,
            "revenue": 989833,
            "common_shares": 492970,
            "book_valuer_per_share": 11.68,
            "book_valuer_per_share_4q_avg": 12.4,
            "equity": 575917,
            "current_ratio": 93.33,
            "debt_ratio": 73.23,
            "inventory_turnover_ratio": 2.25,
            "account_receivable_turnover_ratio": null,
            "reinvestment_rate": null,
            "research_to_sale_ratio": null,
            "price_fair": 18.36,
            "eps_avg_yearly": 6.12,
            "eps_latest_yearly": 2.2,
            "eps_growth_yearly": -70.42
        },
        "20084": {
            "year_quarter": 20084,
            "year": 2008,
            "quarter": 4,
            "eps": -1.1,
            "eps_growth_year": null,
            "eps_4q": -2.99,
            "eps_4q_growth_year": null,
            "roe": -9.45,
            "roe_4q": -24.39,
            "gross_profit": 69893,
            "gross_margin": 9.98,
            "gross_margin_4q_avg": 10.28,
            "net_income": -52373,
            "revenue": 700071,
            "common_shares": 492970,
            "book_valuer_per_share": 10.79,
            "book_valuer_per_share_4q_avg": 11.71,
            "equity": 532005,
            "current_ratio": 85.96,
            "debt_ratio": 69.61,
            "inventory_turnover_ratio": 1.93,
            "account_receivable_turnover_ratio": 3.1,
            "reinvestment_rate": null,
            "research_to_sale_ratio": null,
            "price_fair": 15.6,
            "eps_avg_yearly": 5.2,
            "eps_latest_yearly": 2.2,
            "eps_growth_yearly": -82.19
        },
        "20091": {
            "year_quarter": 20091,
            "year": 2009,
            "quarter": 1,
            "eps": -0.55,
            "eps_growth_year": null,
            "eps_4q": -2.64,
            "eps_4q_growth_year": null,
            "roe": -4.83,
            "roe_4q": -22.979999999999997,
            "gross_profit": 57750,
            "gross_margin": 10.21,
            "gross_margin_4q_avg": 9.4,
            "net_income": -25364,
            "revenue": 565680,
            "common_shares": 491510,
            "book_valuer_per_share": 10.55,
            "book_valuer_per_share_4q_avg": 11.2,
            "equity": 518325,
            "current_ratio": 79.66,
            "debt_ratio": 65.33,
            "inventory_turnover_ratio": 2.19,
            "account_receivable_turnover_ratio": 1.52,
            "reinvestment_rate": null,
            "research_to_sale_ratio": null,
            "price_fair": 13.71,
            "eps_avg_yearly": 4.57,
            "eps_latest_yearly": 2.2,
            "eps_growth_yearly": -74.75
        },
        "20092": {
            "year_quarter": 20092,
            "year": 2009,
            "quarter": 2,
            "eps": -1.37,
            "eps_growth_year": null,
            "eps_4q": -2.97,
            "eps_4q_growth_year": null,
            "roe": -13.24,
            "roe_4q": -28.3,
            "gross_profit": 33556,
            "gross_margin": 5.56,
            "gross_margin_4q_avg": 9.04,
            "net_income": -63549,
            "revenue": 604042,
            "common_shares": 491510,
            "book_valuer_per_share": 8.99,
            "book_valuer_per_share_4q_avg": 10.5,
            "equity": 441815,
            "current_ratio": 74.69,
            "debt_ratio": 69.19,
            "inventory_turnover_ratio": 3.03,
            "account_receivable_turnover_ratio": 1.73,
            "reinvestment_rate": null,
            "research_to_sale_ratio": null,
            "price_fair": 13.68,
            "eps_avg_yearly": 4.56,
            "eps_latest_yearly": 2.2,
            "eps_growth_yearly": -45.79
        },
        "20093": {
            "year_quarter": 20093,
            "year": 2009,
            "quarter": 3,
            "eps": 0.38,
            "eps_growth_year": null,
            "eps_4q": -2.66,
            "eps_4q_growth_year": null,
            "roe": 3.95,
            "roe_4q": -23.57,
            "gross_profit": 93271,
            "gross_margin": 11.82,
            "gross_margin_4q_avg": 9.39,
            "net_income": 17672,
            "revenue": 789041,
            "common_shares": 491510,
            "book_valuer_per_share": 9.19,
            "book_valuer_per_share_4q_avg": 9.88,
            "equity": 451856,
            "current_ratio": 80.61,
            "debt_ratio": 71.6,
            "inventory_turnover_ratio": 4.27,
            "account_receivable_turnover_ratio": 1.61,
            "reinvestment_rate": null,
            "research_to_sale_ratio": null,
            "price_fair": 9.96,
            "eps_avg_yearly": 3.32,
            "eps_latest_yearly": 2.2,
            "eps_growth_yearly": -174.76
        },
        "20094": {
            "year_quarter": 20094,
            "year": 2009,
            "quarter": 4,
            "eps": 0.4,
            "eps_growth_year": null,
            "eps_4q": -1.13,
            "eps_4q_growth_year": null,
            "roe": 4.06,
            "roe_4q": -10.06,
            "gross_profit": 106599,
            "gross_margin": 16.68,
            "gross_margin_4q_avg": 11.07,
            "net_income": 18670,
            "revenue": 639144,
            "common_shares": 485560,
            "book_valuer_per_share": 10.1,
            "book_valuer_per_share_4q_avg": 9.71,
            "equity": 468132,
            "current_ratio": 81.93,
            "debt_ratio": 69.08,
            "inventory_turnover_ratio": 3.64,
            "account_receivable_turnover_ratio": 2.7,
            "reinvestment_rate": null,
            "research_to_sale_ratio": null,
            "price_fair": 5.7,
            "eps_avg_yearly": 1.9,
            "eps_latest_yearly": 1.6,
            "eps_growth_yearly": -90.37
        },
        "20101": {
            "year_quarter": 20101,
            "year": 2010,
            "quarter": 1,
            "eps": 0.5,
            "eps_growth_year": null,
            "eps_4q": -0.09,
            "eps_4q_growth_year": null,
            "roe": 4.85,
            "roe_4q": -0.3800000000000008,
            "gross_profit": 96651,
            "gross_margin": 12.62,
            "gross_margin_4q_avg": 11.67,
            "net_income": 23213,
            "revenue": 765868,
            "common_shares": 485560,
            "book_valuer_per_share": 10.55,
            "book_valuer_per_share_4q_avg": 9.71,
            "equity": 488851,
            "current_ratio": 87.56,
            "debt_ratio": 73.28,
            "inventory_turnover_ratio": 4.32,
            "account_receivable_turnover_ratio": 1.3,
            "reinvestment_rate": null,
            "research_to_sale_ratio": 3.16,
            "price_fair": 63,
            "eps_avg_yearly": 1.8,
            "eps_latest_yearly": 2,
            "eps_growth_yearly": 60.53
        },
        "20102": {
            "year_quarter": 20102,
            "year": 2010,
            "quarter": 2,
            "eps": -0.17,
            "eps_growth_year": null,
            "eps_4q": 1.11,
            "eps_4q_growth_year": null,
            "roe": -1.64,
            "roe_4q": 11.219999999999999,
            "gross_profit": 73879,
            "gross_margin": 9.53,
            "gross_margin_4q_avg": 12.66,
            "net_income": -8073,
            "revenue": 775162,
            "common_shares": 485560,
            "book_valuer_per_share": 10.67,
            "book_valuer_per_share_4q_avg": 10.13,
            "equity": 494637,
            "current_ratio": 85.05,
            "debt_ratio": 72.92,
            "inventory_turnover_ratio": 3.41,
            "account_receivable_turnover_ratio": 1.13,
            "reinvestment_rate": null,
            "research_to_sale_ratio": 3.71,
            "price_fair": 63,
            "eps_avg_yearly": 1.8,
            "eps_latest_yearly": 2,
            "eps_growth_yearly": 60.53
        },
        "20103": {
            "year_quarter": 20103,
            "year": 2010,
            "quarter": 3,
            "eps": 0.34,
            "eps_growth_year": -9.81,
            "eps_4q": 0.98,
            "eps_4q_growth_year": null,
            "roe": 3.28,
            "roe_4q": 10.549999999999999,
            "gross_profit": 99199,
            "gross_margin": 11.75,
            "gross_margin_4q_avg": 12.65,
            "net_income": 18284,
            "revenue": 844027,
            "common_shares": 555560,
            "book_valuer_per_share": 11.62,
            "book_valuer_per_share_4q_avg": 10.74,
            "equity": 620208,
            "current_ratio": 98.35,
            "debt_ratio": 64.04,
            "inventory_turnover_ratio": 3.01,
            "account_receivable_turnover_ratio": 1.35,
            "reinvestment_rate": null,
            "research_to_sale_ratio": 3.3,
            "price_fair": 63,
            "eps_avg_yearly": 1.8,
            "eps_latest_yearly": 2,
            "eps_growth_yearly": 60.53
        },
        "20104": {
            "year_quarter": 20104,
            "year": 2010,
            "quarter": 4,
            "eps": 0.34,
            "eps_growth_year": -15.45,
            "eps_4q": 0.96,
            "eps_4q_growth_year": null,
            "roe": 2.92,
            "roe_4q": 9.41,
            "gross_profit": 103782,
            "gross_margin": 12.56,
            "gross_margin_4q_avg": 11.62,
            "net_income": 18044,
            "revenue": 826148,
            "common_shares": 555560,
            "book_valuer_per_share": 11.53,
            "book_valuer_per_share_4q_avg": 11.09,
            "equity": 615144,
            "current_ratio": 99.44,
            "debt_ratio": 59.56,
            "inventory_turnover_ratio": 2.78,
            "account_receivable_turnover_ratio": 1.5,
            "reinvestment_rate": null,
            "research_to_sale_ratio": 3.28,
            "price_fair": 57.87,
            "eps_avg_yearly": 1.65,
            "eps_latest_yearly": 1.36,
            "eps_growth_yearly": 40.35
        },
        "20111": {
            "year_quarter": 20111,
            "year": 2011,
            "quarter": 1,
            "eps": 0.6,
            "eps_growth_year": 20,
            "eps_4q": 1.13,
            "eps_4q_growth_year": null,
            "roe": 4.97,
            "roe_4q": 9.53,
            "gross_profit": 109091,
            "gross_margin": 14.14,
            "gross_margin_4q_avg": 12,
            "net_income": 31887,
            "revenue": 771405,
            "common_shares": 555560,
            "book_valuer_per_share": 12.24,
            "book_valuer_per_share_4q_avg": 11.52,
            "equity": 667891,
            "current_ratio": 101.63,
            "debt_ratio": 60.21,
            "inventory_turnover_ratio": 2.37,
            "account_receivable_turnover_ratio": 1.47,
            "reinvestment_rate": null,
            "research_to_sale_ratio": 3.35,
            "price_fair": 64.4,
            "eps_avg_yearly": 1.84,
            "eps_latest_yearly": 2.4,
            "eps_growth_yearly": 106.73
        },
        "20112": {
            "year_quarter": 20112,
            "year": 2011,
            "quarter": 2,
            "eps": 0.3,
            "eps_growth_year": null,
            "eps_4q": 1.58,
            "eps_4q_growth_year": 42.36,
            "roe": 2.4,
            "roe_4q": 13.569999999999999,
            "gross_profit": 103071,
            "gross_margin": 11.34,
            "gross_margin_4q_avg": 12.45,
            "net_income": 16142,
            "revenue": 908840,
            "common_shares": 555560,
            "book_valuer_per_share": 12.45,
            "book_valuer_per_share_4q_avg": 11.96,
            "equity": 679042,
            "current_ratio": 100.11,
            "debt_ratio": 64.33,
            "inventory_turnover_ratio": 2.65,
            "account_receivable_turnover_ratio": 1.65,
            "reinvestment_rate": null,
            "research_to_sale_ratio": 2.86,
            "price_fair": 59.92,
            "eps_avg_yearly": 1.71,
            "eps_latest_yearly": 1.2,
            "eps_growth_yearly": 45.39
        },
        "20113": {
            "year_quarter": 20113,
            "year": 2011,
            "quarter": 3,
            "eps": 1.1,
            "eps_growth_year": 221.26,
            "eps_4q": 2.2,
            "eps_4q_growth_year": 124.88,
            "roe": 8.21,
            "roe_4q": 18.5,
            "gross_profit": 148869,
            "gross_margin": 13.09,
            "gross_margin_4q_avg": 12.78,
            "net_income": 66445,
            "revenue": 1137362,
            "common_shares": 603520,
            "book_valuer_per_share": 15.3,
            "book_valuer_per_share_4q_avg": 12.88,
            "equity": 938916,
            "current_ratio": 125.1,
            "debt_ratio": 60.89,
            "inventory_turnover_ratio": 2.77,
            "account_receivable_turnover_ratio": 1.67,
            "reinvestment_rate": null,
            "research_to_sale_ratio": 2.8,
            "price_fair": 75.6,
            "eps_avg_yearly": 2.16,
            "eps_latest_yearly": 4.4,
            "eps_growth_yearly": 215.6
        },
        "20114": {
            "year_quarter": 20114,
            "year": 2011,
            "quarter": 4,
            "eps": 0.89,
            "eps_growth_year": 163.39,
            "eps_4q": 2.79,
            "eps_4q_growth_year": 188.96,
            "roe": 5.26,
            "roe_4q": 20.84,
            "gross_profit": 167470,
            "gross_margin": 13.82,
            "gross_margin_4q_avg": 13.1,
            "net_income": 50752,
            "revenue": 1211675,
            "common_shares": 603520,
            "book_valuer_per_share": 16.17,
            "book_valuer_per_share_4q_avg": 14.04,
            "equity": 990422,
            "current_ratio": 122.85,
            "debt_ratio": 63.79,
            "inventory_turnover_ratio": 2.55,
            "account_receivable_turnover_ratio": 1.37,
            "reinvestment_rate": 614.94,
            "research_to_sale_ratio": 3.51,
            "price_fair": 82.6,
            "eps_avg_yearly": 2.36,
            "eps_latest_yearly": 3.56,
            "eps_growth_yearly": 173.89
        },
        "20121": {
            "year_quarter": 20121,
            "year": 2012,
            "quarter": 1,
            "eps": 0.51,
            "eps_growth_year": -15,
            "eps_4q": 2.71,
            "eps_4q_growth_year": 140.68,
            "roe": 2.9,
            "roe_4q": 18.77,
            "gross_profit": 144710,
            "gross_margin": 13.67,
            "gross_margin_4q_avg": 12.98,
            "net_income": 29404,
            "revenue": 1058221,
            "common_shares": 616189,
            "book_valuer_per_share": 16.59,
            "book_valuer_per_share_4q_avg": 15.13,
            "equity": 1035448,
            "current_ratio": 127.71,
            "debt_ratio": 59.97,
            "inventory_turnover_ratio": 2.5,
            "account_receivable_turnover_ratio": 1.02,
            "reinvestment_rate": 106.86,
            "research_to_sale_ratio": 3.03,
            "price_fair": 81.2,
            "eps_avg_yearly": 2.32,
            "eps_latest_yearly": 2.04,
            "eps_growth_yearly": 130.81
        },
        "20122": {
            "year_quarter": 20122,
            "year": 2012,
            "quarter": 2,
            "eps": 0.51,
            "eps_growth_year": 69.19,
            "eps_4q": 2.93,
            "eps_4q_growth_year": 85.4,
            "roe": 2.92,
            "roe_4q": 19.29,
            "gross_profit": 168633,
            "gross_margin": 14.55,
            "gross_margin_4q_avg": 13.78,
            "net_income": 30177,
            "revenue": 1159290,
            "common_shares": 621941,
            "book_valuer_per_share": 16.36,
            "book_valuer_per_share_4q_avg": 16.11,
            "equity": 1028499,
            "current_ratio": 121.5,
            "debt_ratio": 62.48,
            "inventory_turnover_ratio": 2.53,
            "account_receivable_turnover_ratio": 0.97,
            "reinvestment_rate": 59.33,
            "research_to_sale_ratio": 3.24,
            "price_fair": 80.11,
            "eps_avg_yearly": 2.29,
            "eps_latest_yearly": 2.04,
            "eps_growth_yearly": 116.27
        },
        "20123": {
            "year_quarter": 20123,
            "year": 2012,
            "quarter": 3,
            "eps": 0.98,
            "eps_growth_year": -10.6,
            "eps_4q": 2.82,
            "eps_4q_growth_year": 28.48,
            "roe": 6,
            "roe_4q": 17.08,
            "gross_profit": 194647,
            "gross_margin": 15.94,
            "gross_margin_4q_avg": 14.5,
            "net_income": 63878,
            "revenue": 1221289,
            "common_shares": 632033,
            "book_valuer_per_share": 17.23,
            "book_valuer_per_share_4q_avg": 16.59,
            "equity": 1102431,
            "current_ratio": 115.41,
            "debt_ratio": 60.82,
            "inventory_turnover_ratio": 2.21,
            "account_receivable_turnover_ratio": 1.13,
            "reinvestment_rate": 62.76,
            "research_to_sale_ratio": 3.1,
            "price_fair": 85.82,
            "eps_avg_yearly": 2.45,
            "eps_latest_yearly": 3.92,
            "eps_growth_yearly": 141.51
        },
        "20124": {
            "year_quarter": 20124,
            "year": 2012,
            "quarter": 4,
            "eps": 0.14,
            "eps_growth_year": -84.16,
            "eps_4q": 2.11,
            "eps_4q_growth_year": -24.3,
            "roe": 0.87,
            "roe_4q": 12.69,
            "gross_profit": 152110,
            "gross_margin": 12.55,
            "gross_margin_4q_avg": 14.18,
            "net_income": 9732,
            "revenue": 1212124,
            "common_shares": 632033,
            "book_valuer_per_share": 17.53,
            "book_valuer_per_share_4q_avg": 16.93,
            "equity": 1122287,
            "current_ratio": 111.47,
            "debt_ratio": 58.02,
            "inventory_turnover_ratio": 2.24,
            "account_receivable_turnover_ratio": 1.43,
            "reinvestment_rate": 82.69,
            "research_to_sale_ratio": 3.58,
            "price_fair": 79.8,
            "eps_avg_yearly": 2.28,
            "eps_latest_yearly": 0.56,
            "eps_growth_yearly": 97.47
        },
        "20131": {
            "year_quarter": 20131,
            "year": 2013,
            "quarter": 1,
            "eps": 0.03,
            "eps_growth_year": -94.12,
            "eps_4q": 1.65,
            "eps_4q_growth_year": -39.2,
            "roe": 0.09,
            "roe_4q": 9.879999999999999,
            "gross_profit": 114911,
            "gross_margin": 12.04,
            "gross_margin_4q_avg": 13.77,
            "net_income": 993,
            "revenue": 954266,
            "common_shares": 636010,
            "book_valuer_per_share": 17.79,
            "book_valuer_per_share_4q_avg": 17.23,
            "equity": 1153434,
            "current_ratio": 107.1,
            "debt_ratio": 58.11,
            "inventory_turnover_ratio": 1.81,
            "account_receivable_turnover_ratio": 1.13,
            "reinvestment_rate": 79.78,
            "research_to_sale_ratio": 5.01,
            "price_fair": 73.5,
            "eps_avg_yearly": 2.1,
            "eps_latest_yearly": 0.12,
            "eps_growth_yearly": 63.16
        },
        "20132": {
            "year_quarter": 20132,
            "year": 2013,
            "quarter": 2,
            "eps": 0.03,
            "eps_growth_year": -94.14,
            "eps_4q": 1.18,
            "eps_4q_growth_year": -59.82,
            "roe": 0.01,
            "roe_4q": 6.97,
            "gross_profit": 115394,
            "gross_margin": 10.9,
            "gross_margin_4q_avg": 12.86,
            "net_income": 112,
            "revenue": 1058681,
            "common_shares": 636744,
            "book_valuer_per_share": 17.07,
            "book_valuer_per_share_4q_avg": 17.41,
            "equity": 1107596,
            "current_ratio": 102.05,
            "debt_ratio": 64.18,
            "inventory_turnover_ratio": 1.96,
            "account_receivable_turnover_ratio": 1.2,
            "reinvestment_rate": 79.23,
            "research_to_sale_ratio": 4.17,
            "price_fair": 68.17,
            "eps_avg_yearly": 1.95,
            "eps_latest_yearly": 0.12,
            "eps_growth_yearly": 58.3
        },
        "20133": {
            "year_quarter": 20133,
            "year": 2013,
            "quarter": 3,
            "eps": 0.07,
            "eps_growth_year": -92.89,
            "eps_4q": 0.27,
            "eps_4q_growth_year": -90.51,
            "roe": 0.32,
            "roe_4q": 1.29,
            "gross_profit": 154162,
            "gross_margin": 12.1,
            "gross_margin_4q_avg": 11.9,
            "net_income": 3502,
            "revenue": 1274068,
            "common_shares": 636744,
            "book_valuer_per_share": 17.03,
            "book_valuer_per_share_4q_avg": 17.36,
            "equity": 1107275,
            "current_ratio": 101.63,
            "debt_ratio": 64.94,
            "inventory_turnover_ratio": 2.2,
            "account_receivable_turnover_ratio": 1.39,
            "reinvestment_rate": 94.02,
            "research_to_sale_ratio": 4.07,
            "price_fair": 64,
            "eps_avg_yearly": 1.83,
            "eps_latest_yearly": 0.28,
            "eps_growth_yearly": 92.23
        },
        "20134": {
            "year_quarter": 20134,
            "year": 2013,
            "quarter": 4,
            "eps": 0.44,
            "eps_growth_year": 210.63,
            "eps_4q": 0.55,
            "eps_4q_growth_year": -73.73,
            "roe": 2.48,
            "roe_4q": 2.8999999999999995,
            "gross_profit": 151353,
            "gross_margin": 13.88,
            "gross_margin_4q_avg": 12.23,
            "net_income": 29085,
            "revenue": 1090312,
            "common_shares": 706744,
            "book_valuer_per_share": 17.29,
            "book_valuer_per_share_4q_avg": 17.3,
            "equity": 1240622,
            "current_ratio": 106.5,
            "debt_ratio": 62.81,
            "inventory_turnover_ratio": 1.91,
            "account_receivable_turnover_ratio": 1.18,
            "reinvestment_rate": 90.99,
            "research_to_sale_ratio": 4.7,
            "price_fair": 64.4,
            "eps_avg_yearly": 1.84,
            "eps_latest_yearly": 1.76,
            "eps_growth_yearly": 241.75
        },
        "20141": {
            "year_quarter": 20141,
            "year": 2014,
            "quarter": 1,
            "eps": 0.04,
            "eps_growth_year": 33.33,
            "eps_4q": 0.57,
            "eps_4q_growth_year": -65.55,
            "roe": 0.06,
            "roe_4q": 2.8699999999999997,
            "gross_profit": 118788,
            "gross_margin": 12.13,
            "gross_margin_4q_avg": 12.25,
            "net_income": 713,
            "revenue": 979617,
            "common_shares": 706744,
            "book_valuer_per_share": 17.31,
            "book_valuer_per_share_4q_avg": 17.18,
            "equity": 1240033,
            "current_ratio": 107.41,
            "debt_ratio": 61.06,
            "inventory_turnover_ratio": 1.89,
            "account_receivable_turnover_ratio": 1.08,
            "reinvestment_rate": 94.71,
            "research_to_sale_ratio": 3.88,
            "price_fair": 59.8,
            "eps_avg_yearly": 1.71,
            "eps_latest_yearly": 0.16,
            "eps_growth_yearly": 208.63
        },
        "20142": {
            "year_quarter": 20142,
            "year": 2014,
            "quarter": 2,
            "eps": 0.04,
            "eps_growth_year": 33.33,
            "eps_4q": 0.58,
            "eps_4q_growth_year": -50.67,
            "roe": 0.24,
            "roe_4q": 3.0999999999999996,
            "gross_profit": 136895,
            "gross_margin": 13.78,
            "gross_margin_4q_avg": 12.97,
            "net_income": 2886,
            "revenue": 993745,
            "common_shares": 706744,
            "book_valuer_per_share": 16.87,
            "book_valuer_per_share_4q_avg": 17.13,
            "equity": 1208195,
            "current_ratio": 107.77,
            "debt_ratio": 56.94,
            "inventory_turnover_ratio": 2.15,
            "account_receivable_turnover_ratio": 1.09,
            "reinvestment_rate": 80.64,
            "research_to_sale_ratio": 4.2,
            "price_fair": 56.19,
            "eps_avg_yearly": 1.61,
            "eps_latest_yearly": 0.16,
            "eps_growth_yearly": 194.72
        },
        "20143": {
            "year_quarter": 20143,
            "year": 2014,
            "quarter": 3,
            "eps": -0.32,
            "eps_growth_year": -557.14,
            "eps_4q": 0.19,
            "eps_4q_growth_year": -27.72,
            "roe": -1.91,
            "roe_4q": 0.8700000000000001,
            "gross_profit": 126062,
            "gross_margin": 12.54,
            "gross_margin_4q_avg": 13.08,
            "net_income": -23126,
            "revenue": 1004897,
            "common_shares": 711362,
            "book_valuer_per_share": 16.8,
            "book_valuer_per_share_4q_avg": 17.07,
            "equity": 1210023,
            "current_ratio": 111.4,
            "debt_ratio": 57.53,
            "inventory_turnover_ratio": 2.39,
            "account_receivable_turnover_ratio": 1.09,
            "reinvestment_rate": 104.93,
            "research_to_sale_ratio": 4.18,
            "price_fair": 56.19,
            "eps_avg_yearly": 1.61,
            "eps_latest_yearly": 0.16,
            "eps_growth_yearly": 194.72
        },
        "20144": {
            "year_quarter": 20144,
            "year": 2014,
            "quarter": 4,
            "eps": 0.46,
            "eps_growth_year": 4.92,
            "eps_4q": 0.22,
            "eps_4q_growth_year": -60.69,
            "roe": 2.7,
            "roe_4q": 1.0900000000000003,
            "gross_profit": 162261,
            "gross_margin": 12.82,
            "gross_margin_4q_avg": 12.82,
            "net_income": 33357,
            "revenue": 1265361,
            "common_shares": 711362,
            "book_valuer_per_share": 17.5,
            "book_valuer_per_share_4q_avg": 17.12,
            "equity": 1261174,
            "current_ratio": 107.61,
            "debt_ratio": 62.29,
            "inventory_turnover_ratio": 2.68,
            "account_receivable_turnover_ratio": 1.24,
            "reinvestment_rate": 127.81,
            "research_to_sale_ratio": 3.85,
            "price_fair": 56.8,
            "eps_avg_yearly": 1.62,
            "eps_latest_yearly": 0.16,
            "eps_growth_yearly": 208.63
        },
        "20151": {
            "year_quarter": 20151,
            "year": 2015,
            "quarter": 1,
            "eps": -0.4,
            "eps_growth_year": -1100,
            "eps_4q": -0.22,
            "eps_4q_growth_year": -139.04,
            "roe": -2.31,
            "roe_4q": -1.2799999999999998,
            "gross_profit": 114485,
            "gross_margin": 11.09,
            "gross_margin_4q_avg": 12.56,
            "net_income": -28703,
            "revenue": 1032059,
            "common_shares": 711362,
            "book_valuer_per_share": 16.99,
            "book_valuer_per_share_4q_avg": 17.04,
            "equity": 1224320,
            "current_ratio": 106.24,
            "debt_ratio": 62.53,
            "inventory_turnover_ratio": 2,
            "account_receivable_turnover_ratio": 0.94,
            "reinvestment_rate": 144.13,
            "research_to_sale_ratio": 4.78,
            "price_fair": 54.71,
            "eps_avg_yearly": 1.56,
            "eps_latest_yearly": 0.16,
            "eps_growth_yearly": 201.15
        },
        "20152": {
            "year_quarter": 20152,
            "year": 2015,
            "quarter": 2,
            "eps": -0.04,
            "eps_growth_year": -200,
            "eps_4q": -0.3,
            "eps_4q_growth_year": -151.73,
            "roe": 0.09,
            "roe_4q": -1.43,
            "gross_profit": 113591,
            "gross_margin": 11.85,
            "gross_margin_4q_avg": 12.08,
            "net_income": 1128,
            "revenue": 958838,
            "common_shares": 711362,
            "book_valuer_per_share": 16.59,
            "book_valuer_per_share_4q_avg": 16.97,
            "equity": 1198190,
            "current_ratio": 106.49,
            "debt_ratio": 58.56,
            "inventory_turnover_ratio": 2.01,
            "account_receivable_turnover_ratio": 1.04,
            "reinvestment_rate": 141.64,
            "research_to_sale_ratio": 4.46,
            "price_fair": 55.77,
            "eps_avg_yearly": 1.59,
            "eps_latest_yearly": 0.16,
            "eps_growth_yearly": 234.58
        },
        "20153": {
            "year_quarter": 20153,
            "year": 2015,
            "quarter": 3,
            "eps": 1.99,
            "eps_growth_year": null,
            "eps_4q": 2.01,
            "eps_4q_growth_year": 937.57,
            "roe": 11.41,
            "roe_4q": 11.89,
            "gross_profit": 268219,
            "gross_margin": 19.31,
            "gross_margin_4q_avg": 13.77,
            "net_income": 147390,
            "revenue": 1389158,
            "common_shares": 711362,
            "book_valuer_per_share": 19.13,
            "book_valuer_per_share_4q_avg": 17.55,
            "equity": 1384550,
            "current_ratio": 111.12,
            "debt_ratio": 61.97,
            "inventory_turnover_ratio": 2.62,
            "account_receivable_turnover_ratio": 1.28,
            "reinvestment_rate": 103.36,
            "research_to_sale_ratio": 3.4,
            "price_fair": 46.84,
            "eps_avg_yearly": 1.34,
            "eps_latest_yearly": 0.16,
            "eps_growth_yearly": 158.94
        },
        "20154": {
            "year_quarter": 20154,
            "year": 2015,
            "quarter": 4,
            "eps": 0.88,
            "eps_growth_year": 90.6,
            "eps_4q": 2.42,
            "eps_4q_growth_year": 1012.51,
            "roe": 4.47,
            "roe_4q": 13.659999999999998,
            "gross_profit": 239221,
            "gross_margin": 18.1,
            "gross_margin_4q_avg": 15.09,
            "net_income": 62869,
            "revenue": 1321960,
            "common_shares": 711362,
            "book_valuer_per_share": 19.76,
            "book_valuer_per_share_4q_avg": 18.12,
            "equity": 1430492,
            "current_ratio": 112.82,
            "debt_ratio": 59.77,
            "inventory_turnover_ratio": 2.25,
            "account_receivable_turnover_ratio": 0.96,
            "reinvestment_rate": 99.35,
            "research_to_sale_ratio": 2.78,
            "price_fair": 46.71,
            "eps_avg_yearly": 1.33,
            "eps_latest_yearly": 3.52,
            "eps_growth_yearly": 145.6
        },
        "20161": {
            "year_quarter": 20161,
            "year": 2016,
            "quarter": 1,
            "eps": 1.54,
            "eps_growth_year": null,
            "eps_4q": 4.36,
            "eps_4q_growth_year": null,
            "roe": 7.44,
            "roe_4q": 23.41,
            "gross_profit": 311229,
            "gross_margin": 22.06,
            "gross_margin_4q_avg": 17.83,
            "net_income": 110100,
            "revenue": 1410739,
            "common_shares": 713062,
            "book_valuer_per_share": 21.08,
            "book_valuer_per_share_4q_avg": 19.14,
            "equity": 1528332,
            "current_ratio": 110.12,
            "debt_ratio": 59.43,
            "inventory_turnover_ratio": 2.45,
            "account_receivable_turnover_ratio": 0.98,
            "reinvestment_rate": 114.91,
            "research_to_sale_ratio": 3.48,
            "price_fair": 59.82,
            "eps_avg_yearly": 1.71,
            "eps_latest_yearly": 6.16,
            "eps_growth_yearly": 188.4
        },
        "20162": {
            "year_quarter": 20162,
            "year": 2016,
            "quarter": 2,
            "eps": 1.76,
            "eps_growth_year": null,
            "eps_4q": 6.15,
            "eps_4q_growth_year": null,
            "roe": 8.1,
            "roe_4q": 31.419999999999998,
            "gross_profit": 311371,
            "gross_margin": 22.51,
            "gross_margin_4q_avg": 20.5,
            "net_income": 125325,
            "revenue": 1383279,
            "common_shares": 713112,
            "book_valuer_per_share": 21.7,
            "book_valuer_per_share_4q_avg": 20.42,
            "equity": 1565129,
            "current_ratio": 127.6,
            "debt_ratio": 57.81,
            "inventory_turnover_ratio": 2.28,
            "account_receivable_turnover_ratio": 1.01,
            "reinvestment_rate": 93.34,
            "research_to_sale_ratio": 3.42,
            "price_fair": 75.73,
            "eps_avg_yearly": 2.16,
            "eps_latest_yearly": 7.04,
            "eps_growth_yearly": 193.59
        },
        "20163": {
            "year_quarter": 20163,
            "year": 2016,
            "quarter": 3,
            "eps": 2.5,
            "eps_growth_year": 25.63,
            "eps_4q": 6.26,
            "eps_4q_growth_year": 211.83,
            "roe": 10.57,
            "roe_4q": 30.580000000000002,
            "gross_profit": 393406,
            "gross_margin": 19.42,
            "gross_margin_4q_avg": 20.52,
            "net_income": 189915,
            "revenue": 2025269,
            "common_shares": 763112,
            "book_valuer_per_share": 26.17,
            "book_valuer_per_share_4q_avg": 22.18,
            "equity": 2029723,
            "current_ratio": 135.76,
            "debt_ratio": 57.8,
            "inventory_turnover_ratio": 2.85,
            "account_receivable_turnover_ratio": 1.25,
            "reinvestment_rate": 65.32,
            "research_to_sale_ratio": 2.56,
            "price_fair": 95.07,
            "eps_avg_yearly": 2.72,
            "eps_latest_yearly": 10,
            "eps_growth_yearly": 175.37
        },
        "20164": {
            "year_quarter": 20164,
            "year": 2016,
            "quarter": 4,
            "eps": 2.49,
            "eps_growth_year": 183.63,
            "eps_4q": 7.84,
            "eps_4q_growth_year": 223.35,
            "roe": 9.14,
            "roe_4q": 35.25,
            "gross_profit": 322179,
            "gross_margin": 18.65,
            "gross_margin_4q_avg": 20.66,
            "net_income": 197618,
            "revenue": 1727943,
            "common_shares": 784686,
            "book_valuer_per_share": 28.91,
            "book_valuer_per_share_4q_avg": 24.47,
            "equity": 2292403,
            "current_ratio": 150.97,
            "debt_ratio": 51.06,
            "inventory_turnover_ratio": 2.3,
            "account_receivable_turnover_ratio": 0.85,
            "reinvestment_rate": 35.17,
            "research_to_sale_ratio": 3.8,
            "price_fair": 124.98,
            "eps_avg_yearly": 3.57,
            "eps_latest_yearly": 9.96,
            "eps_growth_yearly": 206.39
        },
        "20171": {
            "year_quarter": 20171,
            "year": 2017,
            "quarter": 1,
            "eps": 0.11,
            "eps_growth_year": -92.86,
            "eps_4q": 6.5,
            "eps_4q_growth_year": 49.16,
            "roe": 0.43,
            "roe_4q": 28.240000000000002,
            "gross_profit": 201957,
            "gross_margin": 14.98,
            "gross_margin_4q_avg": 18.89,
            "net_income": 9766,
            "revenue": 1348209,
            "common_shares": 795920,
            "book_valuer_per_share": 28.23,
            "book_valuer_per_share_4q_avg": 26.25,
            "equity": 2272409,
            "current_ratio": 162.2,
            "debt_ratio": 46.44,
            "inventory_turnover_ratio": 1.83,
            "account_receivable_turnover_ratio": 0.72,
            "reinvestment_rate": 30.31,
            "research_to_sale_ratio": 3.88,
            "price_fair": 126,
            "eps_avg_yearly": 3.6,
            "eps_latest_yearly": 0.44,
            "eps_growth_yearly": 200.21
        },
        "20172": {
            "year_quarter": 20172,
            "year": 2017,
            "quarter": 2,
            "eps": 1.2,
            "eps_growth_year": -31.82,
            "eps_4q": 6.25,
            "eps_4q_growth_year": 1.54,
            "roe": 4.56,
            "roe_4q": 24.7,
            "gross_profit": 249082,
            "gross_margin": 15.4,
            "gross_margin_4q_avg": 17.11,
            "net_income": 97098,
            "revenue": 1617269,
            "common_shares": 800020,
            "book_valuer_per_share": 25.04,
            "book_valuer_per_share_4q_avg": 27.09,
            "equity": 1983848,
            "current_ratio": 127.1,
            "debt_ratio": 55.27,
            "inventory_turnover_ratio": 2,
            "account_receivable_turnover_ratio": 0.91,
            "reinvestment_rate": 30.17,
            "research_to_sale_ratio": 3.61,
            "price_fair": 140.89,
            "eps_avg_yearly": 4.03,
            "eps_latest_yearly": 4.8,
            "eps_growth_yearly": 560.54
        },
        "20173": {
            "year_quarter": 20173,
            "year": 2017,
            "quarter": 3,
            "eps": 1.9,
            "eps_growth_year": -24,
            "eps_4q": 5.71,
            "eps_4q_growth_year": -8.82,
            "roe": 7.31,
            "roe_4q": 21.439999999999998,
            "gross_profit": 327975,
            "gross_margin": 15.83,
            "gross_margin_4q_avg": 16.22,
            "net_income": 151467,
            "revenue": 2071865,
            "common_shares": 804003,
            "book_valuer_per_share": 27.18,
            "book_valuer_per_share_4q_avg": 27.34,
            "equity": 2159359,
            "current_ratio": 128.14,
            "debt_ratio": 56.36,
            "inventory_turnover_ratio": 2.29,
            "account_receivable_turnover_ratio": 1,
            "reinvestment_rate": 26.42,
            "research_to_sale_ratio": 2.37,
            "price_fair": 164.18,
            "eps_avg_yearly": 4.69,
            "eps_latest_yearly": 7.6,
            "eps_growth_yearly": 533.26
        },
        "20174": {
            "year_quarter": 20174,
            "year": 2017,
            "quarter": 4,
            "eps": 0.46,
            "eps_growth_year": -81.66,
            "eps_4q": 3.67,
            "eps_4q_growth_year": -53.18,
            "roe": 1.67,
            "roe_4q": 13.969999999999999,
            "gross_profit": 236945,
            "gross_margin": 12.4,
            "gross_margin_4q_avg": 14.65,
            "net_income": 36389,
            "revenue": 1911443,
            "common_shares": 807033,
            "book_valuer_per_share": 27.69,
            "book_valuer_per_share_4q_avg": 27.04,
            "equity": 2201921,
            "current_ratio": 127.98,
            "debt_ratio": 57.32,
            "inventory_turnover_ratio": 1.93,
            "account_receivable_turnover_ratio": 0.83,
            "reinvestment_rate": 23.51,
            "research_to_sale_ratio": 3.12,
            "price_fair": 164.44,
            "eps_avg_yearly": 4.7,
            "eps_latest_yearly": 1.84,
            "eps_growth_yearly": 313.5
        },
        "20181": {
            "year_quarter": 20181,
            "year": 2018,
            "quarter": 1,
            "eps": 0.09,
            "eps_growth_year": -18.18,
            "eps_4q": 3.56,
            "eps_4q_growth_year": -45.17,
            "roe": 0.31,
            "roe_4q": 13.849999999999998,
            "gross_profit": 196384,
            "gross_margin": 11.14,
            "gross_margin_4q_avg": 13.69,
            "net_income": 6965,
            "revenue": 1763546,
            "common_shares": 815717,
            "book_valuer_per_share": 28.97,
            "book_valuer_per_share_4q_avg": 27.22,
            "equity": 2330906,
            "current_ratio": 133.14,
            "debt_ratio": 54.79,
            "inventory_turnover_ratio": 1.56,
            "account_receivable_turnover_ratio": 0.79,
            "reinvestment_rate": 24.81,
            "research_to_sale_ratio": 2.94,
            "price_fair": 165.07,
            "eps_avg_yearly": 4.72,
            "eps_latest_yearly": 0.36,
            "eps_growth_yearly": 317.3
        },
        "20182": {
            "year_quarter": 20182,
            "year": 2018,
            "quarter": 2,
            "eps": 0.45,
            "eps_growth_year": -62.5,
            "eps_4q": 2.86,
            "eps_4q_growth_year": -54.26,
            "roe": 1.61,
            "roe_4q": 10.899999999999999,
            "gross_profit": 194170,
            "gross_margin": 10.59,
            "gross_margin_4q_avg": 12.49,
            "net_income": 36121,
            "revenue": 1832825,
            "common_shares": 826580,
            "book_valuer_per_share": 26.54,
            "book_valuer_per_share_4q_avg": 27.6,
            "equity": 2143462,
            "current_ratio": 124.11,
            "debt_ratio": 58.86,
            "inventory_turnover_ratio": 1.57,
            "account_receivable_turnover_ratio": 0.86,
            "reinvestment_rate": 23.99,
            "research_to_sale_ratio": 3.54,
            "price_fair": 170.29,
            "eps_avg_yearly": 4.87,
            "eps_latest_yearly": 1.8,
            "eps_growth_yearly": 462.76
        },
        "20183": {
            "year_quarter": 20183,
            "year": 2018,
            "quarter": 3,
            "eps": 0.79,
            "eps_growth_year": -58.42,
            "eps_4q": 1.78,
            "eps_4q_growth_year": -68.72,
            "roe": 2.96,
            "roe_4q": 6.55,
            "gross_profit": 236924,
            "gross_margin": 12.33,
            "gross_margin_4q_avg": 11.62,
            "net_income": 63655,
            "revenue": 1921416,
            "common_shares": 826902,
            "book_valuer_per_share": 26.69,
            "book_valuer_per_share_4q_avg": 27.47,
            "equity": 2160986,
            "current_ratio": 123.68,
            "debt_ratio": 59.45,
            "inventory_turnover_ratio": 1.53,
            "account_receivable_turnover_ratio": 0.89,
            "reinvestment_rate": 21.85,
            "research_to_sale_ratio": 4.02,
            "price_fair": 165.32,
            "eps_avg_yearly": 4.72,
            "eps_latest_yearly": 3.16,
            "eps_growth_yearly": 449.38
        },
        "20184": {
            "year_quarter": 20184,
            "year": 2018,
            "quarter": 4,
            "eps": 1.55,
            "eps_growth_year": 240.17,
            "eps_4q": 2.89,
            "eps_4q_growth_year": -21.38,
            "roe": 5.58,
            "roe_4q": 10.459999999999999,
            "gross_profit": 339500,
            "gross_margin": 15.89,
            "gross_margin_4q_avg": 12.49,
            "net_income": 124764,
            "revenue": 2136478,
            "common_shares": 830116,
            "book_valuer_per_share": 28.48,
            "book_valuer_per_share_4q_avg": 27.67,
            "equity": 2308599,
            "current_ratio": 124.28,
            "debt_ratio": 60.06,
            "inventory_turnover_ratio": 1.47,
            "account_receivable_turnover_ratio": 0.93,
            "reinvestment_rate": 14.15,
            "research_to_sale_ratio": 4.01,
            "price_fair": 169.29,
            "eps_avg_yearly": 4.84,
            "eps_latest_yearly": 6.2,
            "eps_growth_yearly": 444.41
        },
        "20191": {
            "year_quarter": 20191,
            "year": 2019,
            "quarter": 1,
            "eps": 2.31,
            "eps_growth_year": 2466.67,
            "eps_4q": 5.04,
            "eps_4q_growth_year": 41.45,
            "roe": 7.67,
            "roe_4q": 17.82,
            "gross_profit": 476896,
            "gross_margin": 19.49,
            "gross_margin_4q_avg": 14.58,
            "net_income": 189293,
            "revenue": 2446591,
            "common_shares": 834839,
            "book_valuer_per_share": 31.94,
            "book_valuer_per_share_4q_avg": 28.41,
            "equity": 2628438,
            "current_ratio": 129.12,
            "debt_ratio": 57.36,
            "inventory_turnover_ratio": 1.6,
            "account_receivable_turnover_ratio": 0.96,
            "reinvestment_rate": 15.43,
            "research_to_sale_ratio": 3.16,
            "price_fair": 180.3,
            "eps_avg_yearly": 5.15,
            "eps_latest_yearly": 9.24,
            "eps_growth_yearly": 426.68
        },
        "20192": {
            "year_quarter": 20192,
            "year": 2019,
            "quarter": 2,
            "eps": 2.75,
            "eps_growth_year": 511.11,
            "eps_4q": 7.34,
            "eps_4q_growth_year": 157.13,
            "roe": 8.45,
            "roe_4q": 24.659999999999997,
            "gross_profit": 453502,
            "gross_margin": 20.44,
            "gross_margin_4q_avg": 17.04,
            "net_income": 226742,
            "revenue": 2218263,
            "common_shares": 837323,
            "book_valuer_per_share": 33.19,
            "book_valuer_per_share_4q_avg": 30.08,
            "equity": 2739951,
            "current_ratio": 153.16,
            "debt_ratio": 55.84,
            "inventory_turnover_ratio": 1.5,
            "account_receivable_turnover_ratio": 0.85,
            "reinvestment_rate": 27.98,
            "research_to_sale_ratio": 3.52,
            "price_fair": 193.95,
            "eps_avg_yearly": 5.54,
            "eps_latest_yearly": 11,
            "eps_growth_yearly": 403.31
        },
        "20193": {
            "year_quarter": 20193,
            "year": 2019,
            "quarter": 3,
            "eps": 4.11,
            "eps_growth_year": 420.25,
            "eps_4q": 10.62,
            "eps_4q_growth_year": 494.78,
            "roe": 11.74,
            "roe_4q": 33.44,
            "gross_profit": 643836,
            "gross_margin": 23.03,
            "gross_margin_4q_avg": 19.71,
            "net_income": 340979,
            "revenue": 2795471,
            "common_shares": 837323,
            "book_valuer_per_share": 36.92,
            "book_valuer_per_share_4q_avg": 32.63,
            "equity": 3068878,
            "current_ratio": 151.88,
            "debt_ratio": 55.93,
            "inventory_turnover_ratio": 1.87,
            "account_receivable_turnover_ratio": 0.94,
            "reinvestment_rate": 26.74,
            "research_to_sale_ratio": 3.08,
            "price_fair": 217.79,
            "eps_avg_yearly": 6.22,
            "eps_latest_yearly": 16.44,
            "eps_growth_yearly": 390.47
        },
        "20194": {
            "year_quarter": 20194,
            "year": 2019,
            "quarter": 4,
            "eps": 2.49,
            "eps_growth_year": 60.43,
            "eps_4q": 11.36,
            "eps_4q_growth_year": 293.72,
            "roe": 6.44,
            "roe_4q": 34.3,
            "gross_profit": 542267,
            "gross_margin": 19.46,
            "gross_margin_4q_avg": 20.61,
            "net_income": 212414,
            "revenue": 2787236,
            "common_shares": 850977,
            "book_valuer_per_share": 41.33,
            "book_valuer_per_share_4q_avg": 35.85,
            "equity": 3523648,
            "current_ratio": 147.57,
            "debt_ratio": 53.17,
            "inventory_turnover_ratio": 1.84,
            "account_receivable_turnover_ratio": 0.81,
            "reinvestment_rate": 27.86,
            "research_to_sale_ratio": 3.79,
            "price_fair": 231.88,
            "eps_avg_yearly": 6.63,
            "eps_latest_yearly": 9.96,
            "eps_growth_yearly": 394.56
        },
        "20201": {
            "year_quarter": 20201,
            "year": 2020,
            "quarter": 1,
            "eps": 1.68,
            "eps_growth_year": -27.27,
            "eps_4q": 10.71,
            "eps_4q_growth_year": 112.54,
            "roe": 3.99,
            "roe_4q": 30.62,
            "gross_profit": 383214,
            "gross_margin": 17.09,
            "gross_margin_4q_avg": 20.01,
            "net_income": 144605,
            "revenue": 2241860,
            "common_shares": 865453,
            "book_valuer_per_share": 43.19,
            "book_valuer_per_share_4q_avg": 38.66,
            "equity": 3724237,
            "current_ratio": 166.17,
            "debt_ratio": 46.72,
            "inventory_turnover_ratio": 1.57,
            "account_receivable_turnover_ratio": 0.67,
            "reinvestment_rate": 19.89,
            "research_to_sale_ratio": 3.65,
            "price_fair": 233.1,
            "eps_avg_yearly": 6.66,
            "eps_latest_yearly": 6.72,
            "eps_growth_yearly": 367.68
        },
        "20202": {
            "year_quarter": 20202,
            "year": 2020,
            "quarter": 2,
            "eps": 4.09,
            "eps_growth_year": 48.73,
            "eps_4q": 12.17,
            "eps_4q_growth_year": 65.63,
            "roe": 9.68,
            "roe_4q": 31.85,
            "gross_profit": 696422,
            "gross_margin": 23.31,
            "gross_margin_4q_avg": 20.72,
            "net_income": 355217,
            "revenue": 2987963,
            "common_shares": 865453,
            "book_valuer_per_share": 41.87,
            "book_valuer_per_share_4q_avg": 40.83,
            "equity": 3614927,
            "current_ratio": 146.81,
            "debt_ratio": 54.03,
            "inventory_turnover_ratio": 1.78,
            "account_receivable_turnover_ratio": 0.89,
            "reinvestment_rate": 17.21,
            "research_to_sale_ratio": 3.24,
            "price_fair": 253.49,
            "eps_avg_yearly": 7.24,
            "eps_latest_yearly": 16.36,
            "eps_growth_yearly": 399.97
        },
        "20203": {
            "year_quarter": 20203,
            "year": 2020,
            "quarter": 3,
            "eps": 3.88,
            "eps_growth_year": -5.6,
            "eps_4q": 11.93,
            "eps_4q_growth_year": 12.34,
            "roe": 8.82,
            "roe_4q": 28.930000000000003,
            "gross_profit": 774388,
            "gross_margin": 23.04,
            "gross_margin_4q_avg": 20.73,
            "net_income": 343330,
            "revenue": 3361522,
            "common_shares": 876623,
            "book_valuer_per_share": 47.6,
            "book_valuer_per_share_4q_avg": 43.5,
            "equity": 4167680,
            "current_ratio": 138.94,
            "debt_ratio": 55.74,
            "inventory_turnover_ratio": 1.74,
            "account_receivable_turnover_ratio": 0.85,
            "reinvestment_rate": 27.84,
            "research_to_sale_ratio": 3.15,
            "price_fair": 265.56,
            "eps_avg_yearly": 7.59,
            "eps_latest_yearly": 15.52,
            "eps_growth_yearly": 388.18
        },
        "20204": {
            "year_quarter": 20204,
            "year": 2020,
            "quarter": 4,
            "eps": 3.22,
            "eps_growth_year": 29.27,
            "eps_4q": 12.68,
            "eps_4q_growth_year": 11.61,
            "roe": 6.46,
            "roe_4q": 28.950000000000003,
            "gross_profit": 734931,
            "gross_margin": 20.29,
            "gross_margin_4q_avg": 20.93,
            "net_income": 283996,
            "revenue": 3622854,
            "common_shares": 881336,
            "book_valuer_per_share": 52.56,
            "book_valuer_per_share_4q_avg": 46.31,
            "equity": 4625983,
            "current_ratio": 173.52,
            "debt_ratio": 54.33,
            "inventory_turnover_ratio": 1.89,
            "account_receivable_turnover_ratio": 0.8,
            "reinvestment_rate": 30.37,
            "research_to_sale_ratio": 3.27,
            "price_fair": 271.95,
            "eps_avg_yearly": 7.77,
            "eps_latest_yearly": 12.88,
            "eps_growth_yearly": 384.02
        },
        "20211": {
            "year_quarter": 20211,
            "year": 2021,
            "quarter": 1,
            "eps": 3.39,
            "eps_growth_year": 101.79,
            "eps_4q": 14.67,
            "eps_4q_growth_year": 36.95,
            "roe": 6.57,
            "roe_4q": 31.53,
            "gross_profit": 648637,
            "gross_margin": 18.89,
            "gross_margin_4q_avg": 21.38,
            "net_income": 302704,
            "revenue": 3433425,
            "common_shares": 883941,
            "book_valuer_per_share": 52.8,
            "book_valuer_per_share_4q_avg": 48.71,
            "equity": 4591433,
            "current_ratio": 164.59,
            "debt_ratio": 55.96,
            "inventory_turnover_ratio": 1.7,
            "account_receivable_turnover_ratio": 0.71,
            "reinvestment_rate": 29.82,
            "research_to_sale_ratio": 3.37,
            "price_fair": 300.65,
            "eps_avg_yearly": 8.59,
            "eps_latest_yearly": 13.56,
            "eps_growth_yearly": 409.24
        },
        "20212": {
            "year_quarter": 20212,
            "year": 2021,
            "quarter": 2,
            "eps": 1.52,
            "eps_growth_year": -62.84,
            "eps_4q": 12.13,
            "eps_4q_growth_year": -0.29,
            "roe": 2.99,
            "roe_4q": 24.84,
            "gross_profit": 513502,
            "gross_margin": 17.16,
            "gross_margin_4q_avg": 19.85,
            "net_income": 136510,
            "revenue": 2993039,
            "common_shares": 883941,
            "book_valuer_per_share": 52.2,
            "book_valuer_per_share_4q_avg": 51.29,
            "equity": 4538061,
            "current_ratio": 163.63,
            "debt_ratio": 57.19,
            "inventory_turnover_ratio": 1.37,
            "account_receivable_turnover_ratio": 0.64,
            "reinvestment_rate": 44.72,
            "research_to_sale_ratio": 3.47,
            "price_fair": 303.45,
            "eps_avg_yearly": 8.67,
            "eps_latest_yearly": 6.08,
            "eps_growth_yearly": 147.72
        },
        "20213": {
            "year_quarter": 20213,
            "year": 2021,
            "quarter": 3,
            "eps": 3.86,
            "eps_growth_year": -0.52,
            "eps_4q": 12.08,
            "eps_4q_growth_year": 1.28,
            "roe": 7.45,
            "roe_4q": 23.470000000000002,
            "gross_profit": 681368,
            "gross_margin": 18.4,
            "gross_margin_4q_avg": 18.69,
            "net_income": 336466,
            "revenue": 3704063,
            "common_shares": 883941,
            "book_valuer_per_share": 50.37,
            "book_valuer_per_share_4q_avg": 51.98,
            "equity": 4496255,
            "current_ratio": 161.4,
            "debt_ratio": 57.53,
            "inventory_turnover_ratio": 1.54,
            "account_receivable_turnover_ratio": 0.85,
            "reinvestment_rate": 42.55,
            "research_to_sale_ratio": 3.04,
            "price_fair": 320.6,
            "eps_avg_yearly": 9.16,
            "eps_latest_yearly": 15.44,
            "eps_growth_yearly": 171.62
        },
        "20214": {
            "year_quarter": 20214,
            "year": 2021,
            "quarter": 4,
            "eps": 4.35,
            "eps_growth_year": 35.27,
            "eps_4q": 13.16,
            "eps_4q_growth_year": 3.77,
            "roe": 8.04,
            "roe_4q": 25.049999999999997,
            "gross_profit": 819357,
            "gross_margin": 19.85,
            "gross_margin_4q_avg": 18.58,
            "net_income": 378195,
            "revenue": 4127380,
            "common_shares": 883941,
            "book_valuer_per_share": 55.09,
            "book_valuer_per_share_4q_avg": 52.62,
            "equity": 4908738,
            "current_ratio": 158.36,
            "debt_ratio": 58.73,
            "inventory_turnover_ratio": 1.53,
            "account_receivable_turnover_ratio": 0.9,
            "reinvestment_rate": 39.4,
            "research_to_sale_ratio": 4.36,
            "price_fair": 354.64,
            "eps_avg_yearly": 10.13,
            "eps_latest_yearly": 17.4,
            "eps_growth_yearly": 193.74
        },
        "20221": {
            "year_quarter": 20221,
            "year": 2022,
            "quarter": 1,
            "eps": 3.42,
            "eps_growth_year": 0.88,
            "eps_4q": 13.13,
            "eps_4q_growth_year": -10.49,
            "roe": 5.7,
            "roe_4q": 24.18,
            "gross_profit": 642643,
            "gross_margin": 16.97,
            "gross_margin_4q_avg": 18.1,
            "net_income": 291671,
            "revenue": 3786052,
            "common_shares": 883941,
            "book_valuer_per_share": 59.8,
            "book_valuer_per_share_4q_avg": 54.37,
            "equity": 5317992,
            "current_ratio": 157.5,
            "debt_ratio": 59.17,
            "inventory_turnover_ratio": 1.28,
            "account_receivable_turnover_ratio": 0.77,
            "reinvestment_rate": 39.33,
            "research_to_sale_ratio": 3.42,
            "price_fair": 383.78,
            "eps_avg_yearly": 10.97,
            "eps_latest_yearly": 13.68,
            "eps_growth_yearly": 208.51
        },
        "20222": {
            "year_quarter": 20222,
            "year": 2022,
            "quarter": 2,
            "eps": 4.15,
            "eps_growth_year": 173.03,
            "eps_4q": 15.77,
            "eps_4q_growth_year": 29.97,
            "roe": 7.05,
            "roe_4q": 28.24,
            "gross_profit": 674434,
            "gross_margin": 20.38,
            "gross_margin_4q_avg": 18.9,
            "net_income": 368179,
            "revenue": 3308539,
            "common_shares": 883941,
            "book_valuer_per_share": 57.48,
            "book_valuer_per_share_4q_avg": 55.69,
            "equity": 5127248,
            "current_ratio": 161.94,
            "debt_ratio": 57.52,
            "inventory_turnover_ratio": 1,
            "account_receivable_turnover_ratio": 0.69,
            "reinvestment_rate": 35.79,
            "research_to_sale_ratio": 5.12,
            "price_fair": 416.15,
            "eps_avg_yearly": 11.89,
            "eps_latest_yearly": 16.6,
            "eps_growth_yearly": 113.84
        },
        "20223": {
            "year_quarter": 20223,
            "year": 2022,
            "quarter": 3,
            "eps": 4.74,
            "eps_growth_year": 22.8,
            "eps_4q": 16.66,
            "eps_4q_growth_year": 37.89,
            "roe": 7.9,
            "roe_4q": 28.689999999999998,
            "gross_profit": 688013,
            "gross_margin": 20.63,
            "gross_margin_4q_avg": 19.46,
            "net_income": 423254,
            "revenue": 3334627,
            "common_shares": 883941,
            "book_valuer_per_share": 62.53,
            "book_valuer_per_share_4q_avg": 58.73,
            "equity": 5581259,
            "current_ratio": 178.99,
            "debt_ratio": 52.97,
            "inventory_turnover_ratio": 1.06,
            "account_receivable_turnover_ratio": 0.71,
            "reinvestment_rate": 33.74,
            "research_to_sale_ratio": 5.15,
            "price_fair": 450.71,
            "eps_avg_yearly": 12.88,
            "eps_latest_yearly": 18.96,
            "eps_growth_yearly": 98.51
        },
        "20224": {
            "year_quarter": 20224,
            "year": 2022,
            "quarter": 4,
            "eps": 2.37,
            "eps_growth_year": -45.53,
            "eps_4q": 14.68,
            "eps_4q_growth_year": 11.56,
            "roe": 3.57,
            "roe_4q": 24.22,
            "gross_profit": 717142,
            "gross_margin": 20.92,
            "gross_margin_4q_avg": 19.73,
            "net_income": 203561,
            "revenue": 3427773,
            "common_shares": 883941,
            "book_valuer_per_share": 64.65,
            "book_valuer_per_share_4q_avg": 61.12,
            "equity": 5809530,
            "current_ratio": 149.82,
            "debt_ratio": 50.53,
            "inventory_turnover_ratio": 1.22,
            "account_receivable_turnover_ratio": 0.74,
            "reinvestment_rate": 36.91,
            "research_to_sale_ratio": 4.78,
            "price_fair": 457.89,
            "eps_avg_yearly": 13.08,
            "eps_latest_yearly": 9.48,
            "eps_growth_yearly": 61.96
        },
        "20231": {
            "year_quarter": 20231,
            "year": 2023,
            "quarter": 1,
            "eps": 3.22,
            "eps_growth_year": -5.85,
            "eps_4q": 14.48,
            "eps_4q_growth_year": 10.31,
            "roe": 4.66,
            "roe_4q": 23.180000000000003,
            "gross_profit": 732627,
            "gross_margin": 22.33,
            "gross_margin_4q_avg": 21.07,
            "net_income": 276939,
            "revenue": 3280238,
            "common_shares": 883941,
            "book_valuer_per_share": 68.04,
            "book_valuer_per_share_4q_avg": 63.18,
            "equity": 6084007,
            "current_ratio": 152.48,
            "debt_ratio": 49.46,
            "inventory_turnover_ratio": 1.25,
            "account_receivable_turnover_ratio": 0.7,
            "reinvestment_rate": 36.83,
            "research_to_sale_ratio": 4.5,
            "price_fair": 465.85,
            "eps_avg_yearly": 13.31,
            "eps_latest_yearly": 12.88,
            "eps_growth_yearly": 58.67
        },
        "20232": {
            "year_quarter": 20232,
            "year": 2023,
            "quarter": 2,
            "eps": 2.78,
            "eps_growth_year": -33.01,
            "eps_4q": 13.11,
            "eps_4q_growth_year": -16.87,
            "roe": 4.11,
            "roe_4q": 20.240000000000002,
            "gross_profit": 535472,
            "gross_margin": 20.63,
            "gross_margin_4q_avg": 21.13,
            "net_income": 241250,
            "revenue": 2596172,
            "common_shares": 883941,
            "book_valuer_per_share": 63.23,
            "book_valuer_per_share_4q_avg": 64.61,
            "equity": 5667597,
            "current_ratio": 145.35,
            "debt_ratio": 49.73,
            "inventory_turnover_ratio": 1.02,
            "account_receivable_turnover_ratio": 0.58,
            "reinvestment_rate": 31.28,
            "research_to_sale_ratio": 6.08,
            "price_fair": 466.11,
            "eps_avg_yearly": 13.32,
            "eps_latest_yearly": 11.12,
            "eps_growth_yearly": 50.49
        }
    },
    "months": {
        "2004-05": {
            "month": "2004-05",
            "price": "90.00",
            "revenue": 138638
        },
        "2004-06": {
            "month": "2004-06",
            "price": "95.00",
            "revenue": 169026
        },
        "2004-07": {
            "month": "2004-07",
            "price": "95.42",
            "revenue": 204130
        },
        "2004-08": {
            "month": "2004-08",
            "price": "98.15",
            "revenue": 227773
        },
        "2004-09": {
            "month": "2004-09",
            "price": "98.15",
            "revenue": 271850
        },
        "2004-10": {
            "month": "2004-10",
            "price": "87.32",
            "revenue": 238625
        },
        "2004-11": {
            "month": "2004-11",
            "price": "88.85",
            "revenue": 276150
        },
        "2004-12": {
            "month": "2004-12",
            "price": "87.05",
            "revenue": 276244
        },
        "2005-01": {
            "month": "2005-01",
            "price": "85.00",
            "revenue": 207800
        },
        "2005-02": {
            "month": "2005-02",
            "price": "90.92",
            "revenue": 189558
        },
        "2005-03": {
            "month": "2005-03",
            "price": "95.68",
            "revenue": 217521
        },
        "2005-04": {
            "month": "2005-04",
            "price": "95.72",
            "revenue": 188365
        },
        "2005-05": {
            "month": "2005-05",
            "price": "90.02",
            "revenue": 145822
        },
        "2005-06": {
            "month": "2005-06",
            "price": "95.18",
            "revenue": 156539
        },
        "2005-07": {
            "month": "2005-07",
            "price": "101.51",
            "revenue": 218637
        },
        "2005-08": {
            "month": "2005-08",
            "price": "85.54",
            "revenue": 256611
        },
        "2005-09": {
            "month": "2005-09",
            "price": "59.64",
            "revenue": 296041
        },
        "2005-10": {
            "month": "2005-10",
            "price": "50.50",
            "revenue": 264614
        },
        "2005-11": {
            "month": "2005-11",
            "price": "48.55",
            "revenue": 270214
        },
        "2005-12": {
            "month": "2005-12",
            "price": "53.46",
            "revenue": 265960
        },
        "2006-01": {
            "month": "2006-01",
            "price": "57.76",
            "revenue": 234214
        },
        "2006-02": {
            "month": "2006-02",
            "price": "46.69",
            "revenue": 186221
        },
        "2006-03": {
            "month": "2006-03",
            "price": "44.60",
            "revenue": 275242
        },
        "2006-04": {
            "month": "2006-04",
            "price": "46.20",
            "revenue": 230185
        },
        "2006-05": {
            "month": "2006-05",
            "price": "39.47",
            "revenue": 179055
        },
        "2006-06": {
            "month": "2006-06",
            "price": "29.30",
            "revenue": 215443
        },
        "2006-07": {
            "month": "2006-07",
            "price": "27.57",
            "revenue": 218467
        },
        "2006-08": {
            "month": "2006-08",
            "price": "26.34",
            "revenue": 202163
        },
        "2006-09": {
            "month": "2006-09",
            "price": "20.55",
            "revenue": 262416
        },
        "2006-10": {
            "month": "2006-10",
            "price": "21.70",
            "revenue": 308949
        },
        "2006-11": {
            "month": "2006-11",
            "price": "28.63",
            "revenue": 283323
        },
        "2006-12": {
            "month": "2006-12",
            "price": "31.98",
            "revenue": 261648
        },
        "2007-01": {
            "month": "2007-01",
            "price": "30.43",
            "revenue": 255186
        },
        "2007-02": {
            "month": "2007-02",
            "price": "30.16",
            "revenue": 206571
        },
        "2007-03": {
            "month": "2007-03",
            "price": "31.45",
            "revenue": 313790
        },
        "2007-04": {
            "month": "2007-04",
            "price": "33.88",
            "revenue": 283622
        },
        "2007-05": {
            "month": "2007-05",
            "price": "29.99",
            "revenue": 243222
        },
        "2007-06": {
            "month": "2007-06",
            "price": "31.00",
            "revenue": 256329
        },
        "2007-07": {
            "month": "2007-07",
            "price": "33.45",
            "revenue": 261346
        },
        "2007-08": {
            "month": "2007-08",
            "price": "36.46",
            "revenue": 273255
        },
        "2007-09": {
            "month": "2007-09",
            "price": "30.24",
            "revenue": 332265
        },
        "2007-10": {
            "month": "2007-10",
            "price": "28.31",
            "revenue": 292488
        },
        "2007-11": {
            "month": "2007-11",
            "price": "20.89",
            "revenue": 343677
        },
        "2007-12": {
            "month": "2007-12",
            "price": "18.18",
            "revenue": 346955
        },
        "2008-01": {
            "month": "2008-01",
            "price": "15.06",
            "revenue": 214177
        },
        "2008-02": {
            "month": "2008-02",
            "price": "13.56",
            "revenue": 256976
        },
        "2008-03": {
            "month": "2008-03",
            "price": "16.57",
            "revenue": 266562
        },
        "2008-04": {
            "month": "2008-04",
            "price": "16.96",
            "revenue": 244427
        },
        "2008-05": {
            "month": "2008-05",
            "price": "15.57",
            "revenue": 237815
        },
        "2008-06": {
            "month": "2008-06",
            "price": "12.90",
            "revenue": 307839
        },
        "2008-07": {
            "month": "2008-07",
            "price": "9.75",
            "revenue": 299769
        },
        "2008-08": {
            "month": "2008-08",
            "price": "9.54",
            "revenue": 342635
        },
        "2008-09": {
            "month": "2008-09",
            "price": "10.79",
            "revenue": 345468
        },
        "2008-10": {
            "month": "2008-10",
            "price": "10.05",
            "revenue": 289266
        },
        "2008-11": {
            "month": "2008-11",
            "price": "5.45",
            "revenue": 201112
        },
        "2008-12": {
            "month": "2008-12",
            "price": "4.72",
            "revenue": 185443
        },
        "2009-01": {
            "month": "2009-01",
            "price": "5.17",
            "revenue": 163737
        },
        "2009-02": {
            "month": "2009-02",
            "price": "5.23",
            "revenue": 182149
        },
        "2009-03": {
            "month": "2009-03",
            "price": "6.84",
            "revenue": 229121
        },
        "2009-04": {
            "month": "2009-04",
            "price": "8.38",
            "revenue": 231225
        },
        "2009-05": {
            "month": "2009-05",
            "price": "8.13",
            "revenue": 187795
        },
        "2009-06": {
            "month": "2009-06",
            "price": "6.95",
            "revenue": 192374
        },
        "2009-07": {
            "month": "2009-07",
            "price": "7.16",
            "revenue": 229743
        },
        "2009-08": {
            "month": "2009-08",
            "price": "8.52",
            "revenue": 228216
        },
        "2009-09": {
            "month": "2009-09",
            "price": "9.72",
            "revenue": 319951
        },
        "2009-10": {
            "month": "2009-10",
            "price": "12.09",
            "revenue": 240637
        },
        "2009-11": {
            "month": "2009-11",
            "price": "17.65",
            "revenue": 243555
        },
        "2009-12": {
            "month": "2009-12",
            "price": "18.73",
            "revenue": 242281
        },
        "2010-01": {
            "month": "2010-01",
            "price": "23.20",
            "revenue": 251941
        },
        "2010-02": {
            "month": "2010-02",
            "price": "20.31",
            "revenue": 196798
        },
        "2010-03": {
            "month": "2010-03",
            "price": "22.64",
            "revenue": 348652
        },
        "2010-04": {
            "month": "2010-04",
            "price": "24.70",
            "revenue": 255306
        },
        "2010-05": {
            "month": "2010-05",
            "price": "24.38",
            "revenue": 233699
        },
        "2010-06": {
            "month": "2010-06",
            "price": "22.76",
            "revenue": 247931
        },
        "2010-07": {
            "month": "2010-07",
            "price": "21.27",
            "revenue": 251251
        },
        "2010-08": {
            "month": "2010-08",
            "price": "20.89",
            "revenue": 282142
        },
        "2010-09": {
            "month": "2010-09",
            "price": "18.37",
            "revenue": 338976
        },
        "2010-10": {
            "month": "2010-10",
            "price": "22.80",
            "revenue": 284806
        },
        "2010-11": {
            "month": "2010-11",
            "price": "21.87",
            "revenue": 274419
        },
        "2010-12": {
            "month": "2010-12",
            "price": "25.96",
            "revenue": 231038
        },
        "2011-01": {
            "month": "2011-01",
            "price": "28.00",
            "revenue": 298358
        },
        "2011-02": {
            "month": "2011-02",
            "price": "28.21",
            "revenue": 157766
        },
        "2011-03": {
            "month": "2011-03",
            "price": "26.72",
            "revenue": 314793
        },
        "2011-04": {
            "month": "2011-04",
            "price": "25.55",
            "revenue": 280673
        },
        "2011-05": {
            "month": "2011-05",
            "price": "26.19",
            "revenue": 322749
        },
        "2011-06": {
            "month": "2011-06",
            "price": "28.02",
            "revenue": 291530
        },
        "2011-07": {
            "month": "2011-07",
            "price": "25.78",
            "revenue": 368942
        },
        "2011-08": {
            "month": "2011-08",
            "price": "29.22",
            "revenue": 398555
        },
        "2011-09": {
            "month": "2011-09",
            "price": "29.83",
            "revenue": 384017
        },
        "2011-10": {
            "month": "2011-10",
            "price": "28.44",
            "revenue": 429146
        },
        "2011-11": {
            "month": "2011-11",
            "price": "28.70",
            "revenue": 414440
        },
        "2011-12": {
            "month": "2011-12",
            "price": "27.07",
            "revenue": 372160
        },
        "2012-01": {
            "month": "2012-01",
            "price": "28.08",
            "revenue": 325910
        },
        "2012-02": {
            "month": "2012-02",
            "price": "39.14",
            "revenue": 329794
        },
        "2012-03": {
            "month": "2012-03",
            "price": "45.19",
            "revenue": 403309
        },
        "2012-04": {
            "month": "2012-04",
            "price": "43.88",
            "revenue": 369032
        },
        "2012-05": {
            "month": "2012-05",
            "price": "38.60",
            "revenue": 416679
        },
        "2012-06": {
            "month": "2012-06",
            "price": "36.63",
            "revenue": 382005
        },
        "2012-07": {
            "month": "2012-07",
            "price": "36.67",
            "revenue": 434452
        },
        "2012-08": {
            "month": "2012-08",
            "price": "40.06",
            "revenue": 425673
        },
        "2012-09": {
            "month": "2012-09",
            "price": "36.76",
            "revenue": 445771
        },
        "2012-10": {
            "month": "2012-10",
            "price": "33.49",
            "revenue": 385675
        },
        "2012-11": {
            "month": "2012-11",
            "price": "28.46",
            "revenue": 371298
        },
        "2012-12": {
            "month": "2012-12",
            "price": "28.88",
            "revenue": 358989
        },
        "2013-01": {
            "month": "2013-01",
            "price": "31.78",
            "revenue": 394654
        },
        "2013-02": {
            "month": "2013-02",
            "price": "31.92",
            "revenue": 211274
        },
        "2013-03": {
            "month": "2013-03",
            "price": "30.00",
            "revenue": 345735
        },
        "2013-04": {
            "month": "2013-04",
            "price": "26.83",
            "revenue": 297425
        },
        "2013-05": {
            "month": "2013-05",
            "price": "24.98",
            "revenue": 368757
        },
        "2013-06": {
            "month": "2013-06",
            "price": "21.83",
            "revenue": 392260
        },
        "2013-07": {
            "month": "2013-07",
            "price": "21.57",
            "revenue": 446461
        },
        "2013-08": {
            "month": "2013-08",
            "price": "18.95",
            "revenue": 432066
        },
        "2013-09": {
            "month": "2013-09",
            "price": "17.96",
            "revenue": 399078
        },
        "2013-10": {
            "month": "2013-10",
            "price": "18.19",
            "revenue": 350785
        },
        "2013-11": {
            "month": "2013-11",
            "price": "19.77",
            "revenue": 339016
        },
        "2013-12": {
            "month": "2013-12",
            "price": "21.30",
            "revenue": 383871
        },
        "2014-01": {
            "month": "2014-01",
            "price": "23.67",
            "revenue": 369325
        },
        "2014-02": {
            "month": "2014-02",
            "price": "25.00",
            "revenue": 235900
        },
        "2014-03": {
            "month": "2014-03",
            "price": "27.60",
            "revenue": 388862
        },
        "2014-04": {
            "month": "2014-04",
            "price": "25.35",
            "revenue": 380516
        },
        "2014-05": {
            "month": "2014-05",
            "price": "25.07",
            "revenue": 317219
        },
        "2014-06": {
            "month": "2014-06",
            "price": "24.95",
            "revenue": 297323
        },
        "2014-07": {
            "month": "2014-07",
            "price": "22.03",
            "revenue": 300322
        },
        "2014-08": {
            "month": "2014-08",
            "price": "21.08",
            "revenue": 311812
        },
        "2014-09": {
            "month": "2014-09",
            "price": "20.09",
            "revenue": 381350
        },
        "2014-10": {
            "month": "2014-10",
            "price": "17.67",
            "revenue": 389882
        },
        "2014-11": {
            "month": "2014-11",
            "price": "15.36",
            "revenue": 426615
        },
        "2014-12": {
            "month": "2014-12",
            "price": "18.13",
            "revenue": 435712
        },
        "2015-01": {
            "month": "2015-01",
            "price": "19.68",
            "revenue": 434878
        },
        "2015-02": {
            "month": "2015-02",
            "price": "20.10",
            "revenue": 280543
        },
        "2015-03": {
            "month": "2015-03",
            "price": "22.43",
            "revenue": 327103
        },
        "2015-04": {
            "month": "2015-04",
            "price": "20.79",
            "revenue": 336823
        },
        "2015-05": {
            "month": "2015-05",
            "price": "18.86",
            "revenue": 318436
        },
        "2015-06": {
            "month": "2015-06",
            "price": "17.09",
            "revenue": 291105
        },
        "2015-07": {
            "month": "2015-07",
            "price": "17.16",
            "revenue": 418153
        },
        "2015-08": {
            "month": "2015-08",
            "price": "16.09",
            "revenue": 438543
        },
        "2015-09": {
            "month": "2015-09",
            "price": "17.98",
            "revenue": 530311
        },
        "2015-10": {
            "month": "2015-10",
            "price": "22.49",
            "revenue": 436487
        },
        "2015-11": {
            "month": "2015-11",
            "price": "27.75",
            "revenue": 428780
        },
        "2015-12": {
            "month": "2015-12",
            "price": "39.62",
            "revenue": 446615
        },
        "2016-01": {
            "month": "2016-01",
            "price": "47.41",
            "revenue": 537851
        },
        "2016-02": {
            "month": "2016-02",
            "price": "61.75",
            "revenue": 355834
        },
        "2016-03": {
            "month": "2016-03",
            "price": "77.79",
            "revenue": 517219
        },
        "2016-04": {
            "month": "2016-04",
            "price": "68.66",
            "revenue": 420217
        },
        "2016-05": {
            "month": "2016-05",
            "price": "59.49",
            "revenue": 415503
        },
        "2016-06": {
            "month": "2016-06",
            "price": "68.15",
            "revenue": 546298
        },
        "2016-07": {
            "month": "2016-07",
            "price": "79.74",
            "revenue": 593838
        },
        "2016-08": {
            "month": "2016-08",
            "price": "101.88",
            "revenue": 712085
        },
        "2016-09": {
            "month": "2016-09",
            "price": "102.35",
            "revenue": 715146
        },
        "2016-10": {
            "month": "2016-10",
            "price": "99.62",
            "revenue": 544602
        },
        "2016-11": {
            "month": "2016-11",
            "price": "94.29",
            "revenue": 589660
        },
        "2016-12": {
            "month": "2016-12",
            "price": "99.40",
            "revenue": 558738
        },
        "2017-01": {
            "month": "2017-01",
            "price": "93.88",
            "revenue": 504720
        },
        "2017-02": {
            "month": "2017-02",
            "price": "99.11",
            "revenue": 351345
        },
        "2017-03": {
            "month": "2017-03",
            "price": "93.88",
            "revenue": 509506
        },
        "2017-04": {
            "month": "2017-04",
            "price": "84.67",
            "revenue": 500266
        },
        "2017-05": {
            "month": "2017-05",
            "price": "76.74",
            "revenue": 527699
        },
        "2017-06": {
            "month": "2017-06",
            "price": "81.74",
            "revenue": 569378
        },
        "2017-07": {
            "month": "2017-07",
            "price": "83.69",
            "revenue": 666471
        },
        "2017-08": {
            "month": "2017-08",
            "price": "82.02",
            "revenue": 665449
        },
        "2017-09": {
            "month": "2017-09",
            "price": "86.33",
            "revenue": 743715
        },
        "2017-10": {
            "month": "2017-10",
            "price": "85.15",
            "revenue": 594821
        },
        "2017-11": {
            "month": "2017-11",
            "price": "75.62",
            "revenue": 700488
        },
        "2017-12": {
            "month": "2017-12",
            "price": "73.07",
            "revenue": 617454
        },
        "2018-01": {
            "month": "2018-01",
            "price": "81.93",
            "revenue": 674233
        },
        "2018-02": {
            "month": "2018-02",
            "price": "87.38",
            "revenue": 448126
        },
        "2018-03": {
            "month": "2018-03",
            "price": "79.51",
            "revenue": 640309
        },
        "2018-04": {
            "month": "2018-04",
            "price": "71.25",
            "revenue": 598567
        },
        "2018-05": {
            "month": "2018-05",
            "price": "66.67",
            "revenue": 609512
        },
        "2018-06": {
            "month": "2018-06",
            "price": "71.18",
            "revenue": 623106
        },
        "2018-07": {
            "month": "2018-07",
            "price": "71.67",
            "revenue": 619771
        },
        "2018-08": {
            "month": "2018-08",
            "price": "65.13",
            "revenue": 585753
        },
        "2018-09": {
            "month": "2018-09",
            "price": "52.56",
            "revenue": 717482
        },
        "2018-10": {
            "month": "2018-10",
            "price": "52.99",
            "revenue": 755716
        },
        "2018-11": {
            "month": "2018-11",
            "price": "70.25",
            "revenue": 728629
        },
        "2018-12": {
            "month": "2018-12",
            "price": "89.51",
            "revenue": 646102
        },
        "2019-01": {
            "month": "2019-01",
            "price": "113.35",
            "revenue": 948102
        },
        "2019-02": {
            "month": "2019-02",
            "price": "125.77",
            "revenue": 546395
        },
        "2019-03": {
            "month": "2019-03",
            "price": "121.78",
            "revenue": 957599
        },
        "2019-04": {
            "month": "2019-04",
            "price": "138.45",
            "revenue": 849767
        },
        "2019-05": {
            "month": "2019-05",
            "price": "125.68",
            "revenue": 702825
        },
        "2019-06": {
            "month": "2019-06",
            "price": "137.68",
            "revenue": 665968
        },
        "2019-07": {
            "month": "2019-07",
            "price": "153.67",
            "revenue": 903523
        },
        "2019-08": {
            "month": "2019-08",
            "price": "189.71",
            "revenue": 906201
        },
        "2019-09": {
            "month": "2019-09",
            "price": "182.11",
            "revenue": 986245
        },
        "2019-10": {
            "month": "2019-10",
            "price": "224.67",
            "revenue": 925716
        },
        "2019-11": {
            "month": "2019-11",
            "price": "210.00",
            "revenue": 938906
        },
        "2019-12": {
            "month": "2019-12",
            "price": "217.14",
            "revenue": 916446
        },
        "2020-01": {
            "month": "2020-01",
            "price": "189.80",
            "revenue": 739828
        },
        "2020-02": {
            "month": "2020-02",
            "price": "165.29",
            "revenue": 571858
        },
        "2020-03": {
            "month": "2020-03",
            "price": "135.23",
            "revenue": 945926
        },
        "2020-04": {
            "month": "2020-04",
            "price": "153.58",
            "revenue": 1034502
        },
        "2020-05": {
            "month": "2020-05",
            "price": "165.70",
            "revenue": 923977
        },
        "2020-06": {
            "month": "2020-06",
            "price": "170.18",
            "revenue": 1029472
        },
        "2020-07": {
            "month": "2020-07",
            "price": "200.13",
            "revenue": 1124515
        },
        "2020-08": {
            "month": "2020-08",
            "price": "228.38",
            "revenue": 1003321
        },
        "2020-09": {
            "month": "2020-09",
            "price": "228.93",
            "revenue": 1206077
        },
        "2020-10": {
            "month": "2020-10",
            "price": "226.39",
            "revenue": 1153337
        },
        "2020-11": {
            "month": "2020-11",
            "price": "238.17",
            "revenue": 1225296
        },
        "2020-12": {
            "month": "2020-12",
            "price": "218.39",
            "revenue": 1265436
        },
        "2021-01": {
            "month": "2021-01",
            "price": "225.90",
            "revenue": 1341057
        },
        "2021-02": {
            "month": "2021-02",
            "price": "217.15",
            "revenue": 862613
        },
        "2021-03": {
            "month": "2021-03",
            "price": "215.07",
            "revenue": 1226799
        },
        "2021-04": {
            "month": "2021-04",
            "price": "202.58",
            "revenue": 1026807
        },
        "2021-05": {
            "month": "2021-05",
            "price": "160.36",
            "revenue": 950803
        },
        "2021-06": {
            "month": "2021-06",
            "price": "183.48",
            "revenue": 996748
        },
        "2021-07": {
            "month": "2021-07",
            "price": "184.50",
            "revenue": 1084115
        },
        "2021-08": {
            "month": "2021-08",
            "price": "169.91",
            "revenue": 1266157
        },
        "2021-09": {
            "month": "2021-09",
            "price": "170.60",
            "revenue": 1299469
        },
        "2021-10": {
            "month": "2021-10",
            "price": "159.38",
            "revenue": 1205791
        },
        "2021-11": {
            "month": "2021-11",
            "price": "172.73",
            "revenue": 1479978
        },
        "2021-12": {
            "month": "2021-12",
            "price": "197.70",
            "revenue": 1505927
        },
        "2022-01": {
            "month": "2022-01",
            "price": "214.92",
            "revenue": 1484808
        },
        "2022-02": {
            "month": "2022-02",
            "price": "240.93",
            "revenue": 965871
        },
        "2022-03": {
            "month": "2022-03",
            "price": "216.80",
            "revenue": 1333063
        },
        "2022-04": {
            "month": "2022-04",
            "price": "180.42",
            "revenue": 962736
        },
        "2022-05": {
            "month": "2022-05",
            "price": "171.33",
            "revenue": 1087849
        },
        "2022-06": {
            "month": "2022-06",
            "price": "178.40",
            "revenue": 1256297
        },
        "2022-07": {
            "month": "2022-07",
            "price": "163.98",
            "revenue": 1183691
        },
        "2022-08": {
            "month": "2022-08",
            "price": "159.15",
            "revenue": 1081318
        },
        "2022-09": {
            "month": "2022-09",
            "price": "153.83",
            "revenue": 1068953
        },
        "2022-10": {
            "month": "2022-10",
            "price": "124.55",
            "revenue": 1043110
        },
        "2022-11": {
            "month": "2022-11",
            "price": "141.05",
            "revenue": 1237791
        },
        "2022-12": {
            "month": "2022-12",
            "price": "154.09",
            "revenue": 1144349
        },
        "2023-01": {
            "month": "2023-01",
            "price": "151.15",
            "revenue": 923665
        },
        "2023-02": {
            "month": "2023-02",
            "price": "163.11",
            "revenue": 989233
        },
        "2023-03": {
            "month": "2023-03",
            "price": "178.50",
            "revenue": 1365315
        },
        "2023-04": {
            "month": "2023-04",
            "price": "241.47",
            "revenue": 861712
        },
        "2023-05": {
            "month": "2023-05",
            "price": "253.20",
            "revenue": 886746
        },
        "2023-06": {
            "month": "2023-06",
            "price": "288.35",
            "revenue": 849877
        },
        "2023-07": {
            "month": "2023-07",
            "price": "300.43",
            "revenue": 1072051
        },
        "2023-08": {
            "month": "2023-08",
            "price": "290.95",
            "revenue": 1186156
        }
    }
}
