{
    "summary": {
        "stock_name": "旭品",
        "stock_id": "3325",
        "category": "電腦及週邊設備",
        "main_business": "電子產品及其零件、電源供應器之進出口買賣業務<br>電腦外殼、電腦週邊設備之研究開發、組裝加工及進出口買賣業務<br>電腦外殼沖壓機械及其零組件之進出口買賣業務",
        "website_url": "http://www.casing.com.tw",
        "ceo": "洪廷宏",
        "pe_ratio": -136,
        "report_year_from": 2003,
        "report_year_to": 2023,
        "age": 21,
        "eps_negative_percentage": 40,
        "eps_growth_avg": {
            "last_all": -5.3,
            "last_2y": -100,
            "last_4y": 0,
            "last_8y": 20,
            "last_12y": 20,
            "last_16y": -5,
            "last_20y": null,
            "at_2006_last_3y": null,
            "at_2007_last_3y": null,
            "at_2008_last_3y": -13.92,
            "at_2009_last_3y": -16.89,
            "at_2010_last_3y": -36.25,
            "at_2011_last_3y": -53.66,
            "at_2012_last_3y": -51.3,
            "at_2013_last_3y": -100,
            "at_2014_last_3y": null,
            "at_2015_last_3y": 100,
            "at_2016_last_3y": 100,
            "at_2017_last_3y": 33.33,
            "at_2018_last_3y": 33.33,
            "at_2019_last_3y": 0,
            "at_2020_last_3y": 0,
            "at_2021_last_3y": 0,
            "at_2022_last_3y": 0,
            "at_2023_last_3y": 0,
            "at_2024_last_3y": 0,
            "at_2006_last_all": -6.64,
            "at_2007_last_all": 0.9,
            "at_2008_last_all": -13.92,
            "at_2009_last_all": -11.66,
            "at_2010_last_all": -26.38,
            "at_2011_last_all": -26.38,
            "at_2012_last_all": -26.38,
            "at_2013_last_all": -26.38,
            "at_2014_last_all": -26.38,
            "at_2015_last_all": -8.33,
            "at_2016_last_all": 5.22,
            "at_2017_last_all": -6.48,
            "at_2018_last_all": -6.48,
            "at_2019_last_all": -6.48,
            "at_2020_last_all": 4.17,
            "at_2021_last_all": -5.3,
            "at_2022_last_all": -5.3,
            "at_2023_last_all": -5.3,
            "at_2024_last_all": -5.3
        },
        "latest_eps": -0.27,
        "latest_price": 36.8,
        "latest_roe": -4.16,
        "latest_gross_margin": 3.69,
        "latest_equity": 1016532,
        "latest_revenue": 418527,
        "latest_gross_profit": 15424,
        "latest_net_income": -31568,
        "latest_debt_ratio": 51.92,
        "latest_current_ratio": 185.55,
        "latest_account_receivable_turnover_ratio": 0.6,
        "latest_inventory_turnover_ratio": 1.45,
        "latest_reinvestment_rate": 294.09,
        "latest_research_to_sale_ratio": 2.28
    },
    "eps_dividends": {
        "2001": {
            "cash": 0,
            "stock": 0,
            "eps": 0
        },
        "2002": {
            "cash": 0,
            "stock": 0,
            "eps": 0
        },
        "2003": {
            "cash": 0,
            "stock": 0,
            "eps": 0
        },
        "2004": {
            "cash": 0,
            "stock": 0,
            "eps": 3.77
        },
        "2005": {
            "cash": 1,
            "stock": 1,
            "eps": 4.12
        },
        "2006": {
            "cash": 2,
            "stock": 1,
            "eps": 3.19
        },
        "2007": {
            "cash": 0.5,
            "stock": 1.5,
            "eps": 3.7
        },
        "2008": {
            "cash": 1.2,
            "stock": 1,
            "eps": 1.54
        },
        "2009": {
            "cash": 0.8,
            "stock": 0.4,
            "eps": 1.5
        },
        "2010": {
            "cash": 0.8,
            "stock": 0.4,
            "eps": -0.68
        },
        "2011": {
            "cash": 0.5,
            "stock": 0,
            "eps": -2.68
        },
        "2012": {
            "cash": 0,
            "stock": 0,
            "eps": -1.76
        },
        "2013": {
            "cash": 0,
            "stock": 0,
            "eps": -0.95
        },
        "2014": {
            "cash": 0,
            "stock": 0,
            "eps": 0
        },
        "2015": {
            "cash": 0,
            "stock": 0,
            "eps": 0.16
        },
        "2016": {
            "cash": 0.14,
            "stock": 0,
            "eps": 0.56
        },
        "2017": {
            "cash": 0.5,
            "stock": 0,
            "eps": -1.06
        },
        "2018": {
            "cash": 0,
            "stock": 0,
            "eps": -0.33
        },
        "2019": {
            "cash": 0,
            "stock": 0,
            "eps": 0.86
        },
        "2020": {
            "cash": 0.7,
            "stock": 0,
            "eps": 2.09
        },
        "2021": {
            "cash": 2.5,
            "stock": 0,
            "eps": -0.7
        },
        "2022": {
            "cash": 0,
            "stock": 0,
            "eps": -0.91
        },
        "2023": {
            "cash": 0,
            "stock": 0,
            "eps": 0.05
        }
    },
    "dividends": {
        "2005-04-08": {
            "cash": 1,
            "stock": 1
        },
        "2006-03-24": {
            "cash": 2,
            "stock": 1
        },
        "2007-04-10": {
            "cash": 0.5,
            "stock": 1.5
        },
        "2008-03-24": {
            "cash": 1.2,
            "stock": 1
        },
        "2009-03-24": {
            "cash": 0.8,
            "stock": 0.4
        },
        "2010-04-29": {
            "cash": 0.8,
            "stock": 0.4
        },
        "2011-04-07": {
            "cash": 0.5,
            "stock": 0
        },
        "2016-10-05": {
            "cash": 0.14,
            "stock": 0
        },
        "2017-10-03": {
            "cash": 0.5,
            "stock": 0
        },
        "2020-07-29": {
            "cash": 0.7,
            "stock": 0
        },
        "2021-09-09": {
            "cash": 2.5,
            "stock": 0
        }
    },
    "prices": {
        "200101": "無",
        "200102": "無",
        "200103": "無",
        "200104": "無",
        "200105": "無",
        "200106": "無",
        "200107": "無",
        "200108": "無",
        "200109": "無",
        "200110": "無",
        "200111": "無",
        "200112": "無",
        "200201": "無",
        "200202": "無",
        "200203": "無",
        "200204": "無",
        "200205": "無",
        "200206": "無",
        "200207": "無",
        "200208": "無",
        "200209": "無",
        "200210": "無",
        "200211": "無",
        "200212": "無",
        "200301": "無",
        "200302": "無",
        "200303": "無",
        "200304": "無",
        "200305": "無",
        "200306": "無",
        "200307": "無",
        "200308": "無",
        "200309": "無",
        "200310": "無",
        "200311": "無",
        "200312": "無",
        "200401": "無",
        "200402": "無",
        "200403": "無",
        "200404": "無",
        "200405": "無",
        "200406": "41.52",
        "200407": "44.79",
        "200408": "38.09",
        "200409": "29.70",
        "200410": "30.62",
        "200411": "無",
        "200412": "26.33",
        "200501": "25.24",
        "200502": "25.92",
        "200503": "27.90",
        "200504": "30.89",
        "200505": "31.10",
        "200506": "33.34",
        "200507": "39.93",
        "200508": "41.87",
        "200509": "37.86",
        "200510": "35.39",
        "200511": "36.26",
        "200512": "43.32",
        "200601": "52.92",
        "200602": "46.90",
        "200603": "46.10",
        "200604": "49.19",
        "200605": "39.79",
        "200606": "32.80",
        "200607": "36.86",
        "200608": "36.15",
        "200609": "34.01",
        "200610": "36.05",
        "200611": "40.87",
        "200612": "46.18",
        "200701": "51.88",
        "200702": "49.21",
        "200703": "49.98",
        "200704": "57.70",
        "200705": "57.02",
        "200706": "56.04",
        "200707": "65.26",
        "200708": "52.21",
        "200709": "47.88",
        "200710": "47.90",
        "200711": "43.55",
        "200712": "38.00",
        "200801": "31.46",
        "200802": "27.39",
        "200803": "31.22",
        "200804": "29.19",
        "200805": "33.34",
        "200806": "32.75",
        "200807": "28.90",
        "200808": "28.53",
        "200809": "22.18",
        "200810": "21.11",
        "200811": "16.03",
        "200812": "12.41",
        "200901": "13.79",
        "200902": "12.56",
        "200903": "14.26",
        "200904": "17.83",
        "200905": "21.26",
        "200906": "18.82",
        "200907": "19.68",
        "200908": "20.47",
        "200909": "24.81",
        "200910": "28.83",
        "200911": "31.15",
        "200912": "31.92",
        "201001": "33.68",
        "201002": "36.18",
        "201003": "40.35",
        "201004": "41.38",
        "201005": "38.23",
        "201006": "39.22",
        "201007": "40.07",
        "201008": "40.89",
        "201009": "37.82",
        "201010": "40.16",
        "201011": "38.82",
        "201012": "38.44",
        "201101": "38.74",
        "201102": "38.35",
        "201103": "42.47",
        "201104": "50.31",
        "201105": "47.79",
        "201106": "50.82",
        "201107": "56.60",
        "201108": "51.62",
        "201109": "26.25",
        "201110": "25.01",
        "201111": "17.92",
        "201112": "15.08",
        "201201": "13.90",
        "201202": "17.94",
        "201203": "17.46",
        "201204": "14.44",
        "201205": "13.01",
        "201206": "12.26",
        "201207": "12.55",
        "201208": "12.80",
        "201209": "14.51",
        "201210": "16.90",
        "201211": "15.15",
        "201212": "14.78",
        "201301": "15.68",
        "201302": "15.92",
        "201303": "15.10",
        "201304": "13.69",
        "201305": "14.27",
        "201306": "13.94",
        "201307": "14.38",
        "201308": "14.32",
        "201309": "13.88",
        "201310": "15.08",
        "201311": "14.49",
        "201312": "14.20",
        "201401": "14.78",
        "201402": "17.72",
        "201403": "21.13",
        "201404": "21.40",
        "201405": "21.29",
        "201406": "24.72",
        "201407": "24.60",
        "201408": "28.40",
        "201409": "32.26",
        "201410": "30.74",
        "201411": "22.90",
        "201412": "21.08",
        "201501": "21.23",
        "201502": "22.20",
        "201503": "22.93",
        "201504": "20.37",
        "201505": "16.95",
        "201506": "15.35",
        "201507": "16.79",
        "201508": "13.56",
        "201509": "11.93",
        "201510": "13.85",
        "201511": "14.85",
        "201512": "18.10",
        "201601": "15.86",
        "201602": "15.92",
        "201603": "18.20",
        "201604": "17.32",
        "201605": "15.15",
        "201606": "16.35",
        "201607": "20.80",
        "201608": "21.57",
        "201609": "22.97",
        "201610": "23.76",
        "201611": "25.61",
        "201612": "27.43",
        "201701": "24.66",
        "201702": "24.44",
        "201703": "25.09",
        "201704": "22.44",
        "201705": "21.71",
        "201706": "21.85",
        "201707": "21.46",
        "201708": "19.81",
        "201709": "18.73",
        "201710": "17.42",
        "201711": "15.23",
        "201712": "13.84",
        "201801": "15.10",
        "201802": "14.90",
        "201803": "14.54",
        "201804": "13.39",
        "201805": "12.52",
        "201806": "12.82",
        "201807": "11.18",
        "201808": "10.66",
        "201809": "12.56",
        "201810": "11.12",
        "201811": "10.49",
        "201812": "11.56",
        "201901": "11.48",
        "201902": "11.59",
        "201903": "12.42",
        "201904": "12.71",
        "201905": "11.85",
        "201906": "11.11",
        "201907": "11.00",
        "201908": "10.65",
        "201909": "11.76",
        "201910": "13.21",
        "201911": "12.80",
        "201912": "12.20",
        "202001": "11.66",
        "202002": "10.93",
        "202003": "9.82",
        "202004": "10.35",
        "202005": "13.50",
        "202006": "20.99",
        "202007": "27.03",
        "202008": "29.80",
        "202009": "33.30",
        "202010": "28.04",
        "202011": "27.30",
        "202012": "26.80",
        "202101": "25.96",
        "202102": "25.37",
        "202103": "32.07",
        "202104": "32.62",
        "202105": "26.01",
        "202106": "24.58",
        "202107": "24.16",
        "202108": "20.72",
        "202109": "17.57",
        "202110": "15.98",
        "202111": "16.14",
        "202112": "17.45",
        "202201": "17.71",
        "202202": "17.49",
        "202203": "16.82",
        "202204": "15.17",
        "202205": "13.76",
        "202206": "13.46",
        "202207": "12.07",
        "202208": "13.76",
        "202209": "13.36",
        "202210": "11.72",
        "202211": "12.15",
        "202212": "12.71",
        "202301": "12.54",
        "202302": "13.66",
        "202303": "14.00",
        "202304": "16.88",
        "202305": "21.37",
        "202306": "28.34",
        "202307": "30.08",
        "202308": "32.85",
        "202309": "32.80",
        "202310": "35.20",
        "202311": "32.83",
        "202312": "37.29"
    },
    "quarters": {
        "20011": {
            "year_quarter": 20011,
            "year": 2001,
            "quarter": 1,
            "eps": null,
            "eps_growth_year": null,
            "eps_4q": null,
            "eps_4q_growth_year": null,
            "roe": null,
            "roe_4q": 0,
            "gross_profit": null,
            "gross_margin": null,
            "gross_margin_4q_avg": 0,
            "net_income": null,
            "net_income_4q": null,
            "revenue": null,
            "revenue_4q": null,
            "common_shares": null,
            "book_valuer_per_share": null,
            "book_valuer_per_share_4q_avg": 0,
            "equity": null,
            "current_ratio": null,
            "debt_ratio": null,
            "inventory_turnover_ratio": null,
            "account_receivable_turnover_ratio": null,
            "reinvestment_rate": null,
            "research_to_sale_ratio": null,
            "price_fair": 0,
            "eps_avg_yearly": 0,
            "eps_latest_yearly": 0,
            "eps_growth_yearly": 0
        },
        "20012": {
            "year_quarter": 20012,
            "year": 2001,
            "quarter": 2,
            "eps": null,
            "eps_growth_year": null,
            "eps_4q": null,
            "eps_4q_growth_year": null,
            "roe": null,
            "roe_4q": 0,
            "gross_profit": null,
            "gross_margin": null,
            "gross_margin_4q_avg": 0,
            "net_income": null,
            "net_income_4q": null,
            "revenue": null,
            "revenue_4q": null,
            "common_shares": null,
            "book_valuer_per_share": null,
            "book_valuer_per_share_4q_avg": 0,
            "equity": null,
            "current_ratio": null,
            "debt_ratio": null,
            "inventory_turnover_ratio": null,
            "account_receivable_turnover_ratio": null,
            "reinvestment_rate": null,
            "research_to_sale_ratio": null,
            "price_fair": 0,
            "eps_avg_yearly": 0,
            "eps_latest_yearly": 0,
            "eps_growth_yearly": 0
        },
        "20013": {
            "year_quarter": 20013,
            "year": 2001,
            "quarter": 3,
            "eps": null,
            "eps_growth_year": null,
            "eps_4q": null,
            "eps_4q_growth_year": null,
            "roe": null,
            "roe_4q": 0,
            "gross_profit": null,
            "gross_margin": null,
            "gross_margin_4q_avg": 0,
            "net_income": null,
            "net_income_4q": null,
            "revenue": null,
            "revenue_4q": null,
            "common_shares": null,
            "book_valuer_per_share": null,
            "book_valuer_per_share_4q_avg": 0,
            "equity": null,
            "current_ratio": null,
            "debt_ratio": null,
            "inventory_turnover_ratio": null,
            "account_receivable_turnover_ratio": null,
            "reinvestment_rate": null,
            "research_to_sale_ratio": null,
            "price_fair": 0,
            "eps_avg_yearly": 0,
            "eps_latest_yearly": 0,
            "eps_growth_yearly": 0
        },
        "20014": {
            "year_quarter": 20014,
            "year": 2001,
            "quarter": 4,
            "eps": null,
            "eps_growth_year": null,
            "eps_4q": null,
            "eps_4q_growth_year": null,
            "roe": null,
            "roe_4q": 0,
            "gross_profit": null,
            "gross_margin": null,
            "gross_margin_4q_avg": 0,
            "net_income": null,
            "net_income_4q": null,
            "revenue": null,
            "revenue_4q": null,
            "common_shares": 60000,
            "book_valuer_per_share": 41.38,
            "book_valuer_per_share_4q_avg": 10.35,
            "equity": 248260,
            "current_ratio": 120.86,
            "debt_ratio": 19.69,
            "inventory_turnover_ratio": null,
            "account_receivable_turnover_ratio": null,
            "reinvestment_rate": null,
            "research_to_sale_ratio": null,
            "price_fair": 0,
            "eps_avg_yearly": 0,
            "eps_latest_yearly": 0,
            "eps_growth_yearly": 0
        },
        "20021": {
            "year_quarter": 20021,
            "year": 2002,
            "quarter": 1,
            "eps": null,
            "eps_growth_year": null,
            "eps_4q": null,
            "eps_4q_growth_year": null,
            "roe": null,
            "roe_4q": 0,
            "gross_profit": null,
            "gross_margin": null,
            "gross_margin_4q_avg": 0,
            "net_income": null,
            "net_income_4q": null,
            "revenue": null,
            "revenue_4q": null,
            "common_shares": null,
            "book_valuer_per_share": null,
            "book_valuer_per_share_4q_avg": 10.35,
            "equity": null,
            "current_ratio": null,
            "debt_ratio": null,
            "inventory_turnover_ratio": null,
            "account_receivable_turnover_ratio": null,
            "reinvestment_rate": null,
            "research_to_sale_ratio": null,
            "price_fair": 0,
            "eps_avg_yearly": 0,
            "eps_latest_yearly": 0,
            "eps_growth_yearly": 0
        },
        "20022": {
            "year_quarter": 20022,
            "year": 2002,
            "quarter": 2,
            "eps": null,
            "eps_growth_year": null,
            "eps_4q": null,
            "eps_4q_growth_year": null,
            "roe": null,
            "roe_4q": 0,
            "gross_profit": null,
            "gross_margin": null,
            "gross_margin_4q_avg": 0,
            "net_income": null,
            "net_income_4q": null,
            "revenue": null,
            "revenue_4q": null,
            "common_shares": null,
            "book_valuer_per_share": null,
            "book_valuer_per_share_4q_avg": 10.35,
            "equity": null,
            "current_ratio": null,
            "debt_ratio": null,
            "inventory_turnover_ratio": null,
            "account_receivable_turnover_ratio": null,
            "reinvestment_rate": null,
            "research_to_sale_ratio": null,
            "price_fair": 0,
            "eps_avg_yearly": 0,
            "eps_latest_yearly": 0,
            "eps_growth_yearly": 0
        },
        "20023": {
            "year_quarter": 20023,
            "year": 2002,
            "quarter": 3,
            "eps": null,
            "eps_growth_year": null,
            "eps_4q": null,
            "eps_4q_growth_year": null,
            "roe": null,
            "roe_4q": 0,
            "gross_profit": null,
            "gross_margin": null,
            "gross_margin_4q_avg": 0,
            "net_income": null,
            "net_income_4q": null,
            "revenue": null,
            "revenue_4q": null,
            "common_shares": null,
            "book_valuer_per_share": null,
            "book_valuer_per_share_4q_avg": 10.35,
            "equity": null,
            "current_ratio": null,
            "debt_ratio": null,
            "inventory_turnover_ratio": null,
            "account_receivable_turnover_ratio": null,
            "reinvestment_rate": null,
            "research_to_sale_ratio": null,
            "price_fair": 0,
            "eps_avg_yearly": 0,
            "eps_latest_yearly": 0,
            "eps_growth_yearly": 0
        },
        "20024": {
            "year_quarter": 20024,
            "year": 2002,
            "quarter": 4,
            "eps": null,
            "eps_growth_year": null,
            "eps_4q": null,
            "eps_4q_growth_year": null,
            "roe": null,
            "roe_4q": 0,
            "gross_profit": null,
            "gross_margin": null,
            "gross_margin_4q_avg": 0,
            "net_income": null,
            "net_income_4q": null,
            "revenue": null,
            "revenue_4q": null,
            "common_shares": 203270,
            "book_valuer_per_share": 33.25,
            "book_valuer_per_share_4q_avg": 8.31,
            "equity": 675902,
            "current_ratio": 138.48,
            "debt_ratio": 42.51,
            "inventory_turnover_ratio": null,
            "account_receivable_turnover_ratio": null,
            "reinvestment_rate": null,
            "research_to_sale_ratio": null,
            "price_fair": 0,
            "eps_avg_yearly": 0,
            "eps_latest_yearly": 0,
            "eps_growth_yearly": 0
        },
        "20031": {
            "year_quarter": 20031,
            "year": 2003,
            "quarter": 1,
            "eps": null,
            "eps_growth_year": null,
            "eps_4q": null,
            "eps_4q_growth_year": null,
            "roe": null,
            "roe_4q": 0,
            "gross_profit": null,
            "gross_margin": null,
            "gross_margin_4q_avg": 0,
            "net_income": null,
            "net_income_4q": null,
            "revenue": null,
            "revenue_4q": null,
            "common_shares": null,
            "book_valuer_per_share": null,
            "book_valuer_per_share_4q_avg": 8.31,
            "equity": null,
            "current_ratio": null,
            "debt_ratio": null,
            "inventory_turnover_ratio": null,
            "account_receivable_turnover_ratio": null,
            "reinvestment_rate": null,
            "research_to_sale_ratio": null,
            "price_fair": 0,
            "eps_avg_yearly": 0,
            "eps_latest_yearly": 0,
            "eps_growth_yearly": 0
        },
        "20032": {
            "year_quarter": 20032,
            "year": 2003,
            "quarter": 2,
            "eps": null,
            "eps_growth_year": null,
            "eps_4q": null,
            "eps_4q_growth_year": null,
            "roe": null,
            "roe_4q": 0,
            "gross_profit": null,
            "gross_margin": null,
            "gross_margin_4q_avg": 0,
            "net_income": null,
            "net_income_4q": null,
            "revenue": null,
            "revenue_4q": null,
            "common_shares": null,
            "book_valuer_per_share": null,
            "book_valuer_per_share_4q_avg": 8.31,
            "equity": null,
            "current_ratio": null,
            "debt_ratio": null,
            "inventory_turnover_ratio": null,
            "account_receivable_turnover_ratio": null,
            "reinvestment_rate": null,
            "research_to_sale_ratio": null,
            "price_fair": 0,
            "eps_avg_yearly": 0,
            "eps_latest_yearly": 0,
            "eps_growth_yearly": 0
        },
        "20033": {
            "year_quarter": 20033,
            "year": 2003,
            "quarter": 3,
            "eps": null,
            "eps_growth_year": null,
            "eps_4q": null,
            "eps_4q_growth_year": null,
            "roe": null,
            "roe_4q": 0,
            "gross_profit": null,
            "gross_margin": null,
            "gross_margin_4q_avg": 0,
            "net_income": null,
            "net_income_4q": null,
            "revenue": null,
            "revenue_4q": null,
            "common_shares": null,
            "book_valuer_per_share": null,
            "book_valuer_per_share_4q_avg": 8.31,
            "equity": null,
            "current_ratio": null,
            "debt_ratio": null,
            "inventory_turnover_ratio": null,
            "account_receivable_turnover_ratio": null,
            "reinvestment_rate": null,
            "research_to_sale_ratio": null,
            "price_fair": 0,
            "eps_avg_yearly": 0,
            "eps_latest_yearly": 0,
            "eps_growth_yearly": 0
        },
        "20034": {
            "year_quarter": 20034,
            "year": 2003,
            "quarter": 4,
            "eps": null,
            "eps_growth_year": null,
            "eps_4q": null,
            "eps_4q_growth_year": null,
            "roe": null,
            "roe_4q": 0,
            "gross_profit": null,
            "gross_margin": null,
            "gross_margin_4q_avg": 0,
            "net_income": null,
            "net_income_4q": null,
            "revenue": null,
            "revenue_4q": null,
            "common_shares": 326332,
            "book_valuer_per_share": 24.56,
            "book_valuer_per_share_4q_avg": 6.14,
            "equity": 801329,
            "current_ratio": 151.76,
            "debt_ratio": 40.61,
            "inventory_turnover_ratio": null,
            "account_receivable_turnover_ratio": null,
            "reinvestment_rate": null,
            "research_to_sale_ratio": null,
            "price_fair": 0,
            "eps_avg_yearly": 0,
            "eps_latest_yearly": 0,
            "eps_growth_yearly": 0
        },
        "20041": {
            "year_quarter": 20041,
            "year": 2004,
            "quarter": 1,
            "eps": 0.77,
            "eps_growth_year": null,
            "eps_4q": null,
            "eps_4q_growth_year": null,
            "roe": 3.09,
            "roe_4q": 3.09,
            "gross_profit": 39403,
            "gross_margin": 9.88,
            "gross_margin_4q_avg": 2.47,
            "net_income": 25186,
            "net_income_4q": null,
            "revenue": 398858,
            "revenue_4q": null,
            "common_shares": 326332,
            "book_valuer_per_share": 25.33,
            "book_valuer_per_share_4q_avg": 12.47,
            "equity": 826515,
            "current_ratio": 147.75,
            "debt_ratio": 34.12,
            "inventory_turnover_ratio": 6.39,
            "account_receivable_turnover_ratio": null,
            "reinvestment_rate": null,
            "research_to_sale_ratio": null,
            "price_fair": 0,
            "eps_avg_yearly": 0,
            "eps_latest_yearly": 0,
            "eps_growth_yearly": 0
        },
        "20042": {
            "year_quarter": 20042,
            "year": 2004,
            "quarter": 2,
            "eps": 0.78,
            "eps_growth_year": null,
            "eps_4q": null,
            "eps_4q_growth_year": null,
            "roe": 3.05,
            "roe_4q": 6.14,
            "gross_profit": 31558,
            "gross_margin": 9.31,
            "gross_margin_4q_avg": 4.8,
            "net_income": 25547,
            "net_income_4q": null,
            "revenue": 338829,
            "revenue_4q": null,
            "common_shares": 326332,
            "book_valuer_per_share": 26.09,
            "book_valuer_per_share_4q_avg": 19,
            "equity": 851352,
            "current_ratio": 159.43,
            "debt_ratio": 30.55,
            "inventory_turnover_ratio": null,
            "account_receivable_turnover_ratio": null,
            "reinvestment_rate": null,
            "research_to_sale_ratio": null,
            "price_fair": 47.41,
            "eps_avg_yearly": 3.12,
            "eps_latest_yearly": 3.12,
            "eps_growth_yearly": 5.19
        },
        "20043": {
            "year_quarter": 20043,
            "year": 2004,
            "quarter": 3,
            "eps": 0.99,
            "eps_growth_year": null,
            "eps_4q": null,
            "eps_4q_growth_year": null,
            "roe": 4.44,
            "roe_4q": 10.58,
            "gross_profit": 36944,
            "gross_margin": 8.56,
            "gross_margin_4q_avg": 6.94,
            "net_income": 38753,
            "net_income_4q": null,
            "revenue": 431473,
            "revenue_4q": null,
            "common_shares": 393368,
            "book_valuer_per_share": 22.7,
            "book_valuer_per_share_4q_avg": 24.67,
            "equity": 892948,
            "current_ratio": 155.62,
            "debt_ratio": 32.66,
            "inventory_turnover_ratio": null,
            "account_receivable_turnover_ratio": null,
            "reinvestment_rate": null,
            "research_to_sale_ratio": null,
            "price_fair": 123.9,
            "eps_avg_yearly": 3.54,
            "eps_latest_yearly": 3.96,
            "eps_growth_yearly": 56.44
        },
        "20044": {
            "year_quarter": 20044,
            "year": 2004,
            "quarter": 4,
            "eps": 1.23,
            "eps_growth_year": null,
            "eps_4q": 3.51,
            "eps_4q_growth_year": null,
            "roe": 5.39,
            "roe_4q": 15.969999999999999,
            "gross_profit": 54681,
            "gross_margin": 9.98,
            "gross_margin_4q_avg": 9.43,
            "net_income": 48340,
            "net_income_4q": null,
            "revenue": 547745,
            "revenue_4q": null,
            "common_shares": 393368,
            "book_valuer_per_share": 22.93,
            "book_valuer_per_share_4q_avg": 24.26,
            "equity": 902011,
            "current_ratio": 159.61,
            "debt_ratio": 41.73,
            "inventory_turnover_ratio": 4.87,
            "account_receivable_turnover_ratio": null,
            "reinvestment_rate": null,
            "research_to_sale_ratio": null,
            "price_fair": 140,
            "eps_avg_yearly": 4,
            "eps_latest_yearly": 4.92,
            "eps_growth_yearly": 69.95
        },
        "20051": {
            "year_quarter": 20051,
            "year": 2005,
            "quarter": 1,
            "eps": 0.95,
            "eps_growth_year": 23.38,
            "eps_4q": 3.82,
            "eps_4q_growth_year": null,
            "roe": 4.06,
            "roe_4q": 16.94,
            "gross_profit": 42178,
            "gross_margin": 10.15,
            "gross_margin_4q_avg": 9.5,
            "net_income": 37264,
            "net_income_4q": null,
            "revenue": 415355,
            "revenue_4q": null,
            "common_shares": 393368,
            "book_valuer_per_share": 23.68,
            "book_valuer_per_share_4q_avg": 23.85,
            "equity": 931641,
            "current_ratio": 171.02,
            "debt_ratio": 30.45,
            "inventory_turnover_ratio": 3.69,
            "account_receivable_turnover_ratio": null,
            "reinvestment_rate": null,
            "research_to_sale_ratio": null,
            "price_fair": 138.25,
            "eps_avg_yearly": 3.95,
            "eps_latest_yearly": 3.8,
            "eps_growth_yearly": 29.7
        },
        "20052": {
            "year_quarter": 20052,
            "year": 2005,
            "quarter": 2,
            "eps": 0.72,
            "eps_growth_year": -7.69,
            "eps_4q": 3.86,
            "eps_4q_growth_year": null,
            "roe": 3.08,
            "roe_4q": 16.97,
            "gross_profit": 33050,
            "gross_margin": 7.68,
            "gross_margin_4q_avg": 9.09,
            "net_income": 28479,
            "net_income_4q": null,
            "revenue": 430177,
            "revenue_4q": null,
            "common_shares": 393368,
            "book_valuer_per_share": 23.33,
            "book_valuer_per_share_4q_avg": 23.16,
            "equity": 917923,
            "current_ratio": 150.59,
            "debt_ratio": 33.62,
            "inventory_turnover_ratio": null,
            "account_receivable_turnover_ratio": null,
            "reinvestment_rate": null,
            "research_to_sale_ratio": null,
            "price_fair": 53.77,
            "eps_avg_yearly": 3.74,
            "eps_latest_yearly": 2.88,
            "eps_growth_yearly": 4.39
        },
        "20053": {
            "year_quarter": 20053,
            "year": 2005,
            "quarter": 3,
            "eps": 1.24,
            "eps_growth_year": 25.25,
            "eps_4q": 3.87,
            "eps_4q_growth_year": null,
            "roe": 5.57,
            "roe_4q": 18.1,
            "gross_profit": 34259,
            "gross_margin": 6.49,
            "gross_margin_4q_avg": 8.58,
            "net_income": 53709,
            "net_income_4q": null,
            "revenue": 528222,
            "revenue_4q": null,
            "common_shares": 434835,
            "book_valuer_per_share": 23.28,
            "book_valuer_per_share_4q_avg": 23.31,
            "equity": 1012222,
            "current_ratio": 145.8,
            "debt_ratio": 36.41,
            "inventory_turnover_ratio": null,
            "account_receivable_turnover_ratio": null,
            "reinvestment_rate": null,
            "research_to_sale_ratio": null,
            "price_fair": 137.9,
            "eps_avg_yearly": 3.94,
            "eps_latest_yearly": 4.96,
            "eps_growth_yearly": 51.81
        },
        "20054": {
            "year_quarter": 20054,
            "year": 2005,
            "quarter": 4,
            "eps": 1.21,
            "eps_growth_year": -1.63,
            "eps_4q": 3.96,
            "eps_4q_growth_year": 12.84,
            "roe": 5.08,
            "roe_4q": 17.79,
            "gross_profit": 64710,
            "gross_margin": 11.18,
            "gross_margin_4q_avg": 8.88,
            "net_income": 52615,
            "net_income_4q": null,
            "revenue": 578838,
            "revenue_4q": null,
            "common_shares": 434835,
            "book_valuer_per_share": 24.34,
            "book_valuer_per_share_4q_avg": 23.66,
            "equity": 1058176,
            "current_ratio": 168.49,
            "debt_ratio": 41.29,
            "inventory_turnover_ratio": 3.88,
            "account_receivable_turnover_ratio": null,
            "reinvestment_rate": null,
            "research_to_sale_ratio": null,
            "price_fair": 142.4,
            "eps_avg_yearly": 4.07,
            "eps_latest_yearly": 4.84,
            "eps_growth_yearly": 43.02
        },
        "20061": {
            "year_quarter": 20061,
            "year": 2006,
            "quarter": 1,
            "eps": 0.41,
            "eps_growth_year": -56.84,
            "eps_4q": 3.48,
            "eps_4q_growth_year": -8.96,
            "roe": 1.69,
            "roe_4q": 15.42,
            "gross_profit": 29116,
            "gross_margin": 6.75,
            "gross_margin_4q_avg": 8.03,
            "net_income": 18007,
            "net_income_4q": null,
            "revenue": 431366,
            "revenue_4q": null,
            "common_shares": 434835,
            "book_valuer_per_share": 24.6,
            "book_valuer_per_share_4q_avg": 23.89,
            "equity": 1069538,
            "current_ratio": 131.06,
            "debt_ratio": 47.74,
            "inventory_turnover_ratio": 3.04,
            "account_receivable_turnover_ratio": null,
            "reinvestment_rate": null,
            "research_to_sale_ratio": null,
            "price_fair": 54.92,
            "eps_avg_yearly": 3.77,
            "eps_latest_yearly": 1.64,
            "eps_growth_yearly": 4.59
        },
        "20062": {
            "year_quarter": 20062,
            "year": 2006,
            "quarter": 2,
            "eps": 0.7,
            "eps_growth_year": -2.78,
            "eps_4q": 3.56,
            "eps_4q_growth_year": -7.74,
            "roe": 2.93,
            "roe_4q": 15.27,
            "gross_profit": 22587,
            "gross_margin": 5.8,
            "gross_margin_4q_avg": 7.56,
            "net_income": 30380,
            "net_income_4q": null,
            "revenue": 389484,
            "revenue_4q": null,
            "common_shares": 434835,
            "book_valuer_per_share": 23.08,
            "book_valuer_per_share_4q_avg": 23.83,
            "equity": 1003649,
            "current_ratio": 124.72,
            "debt_ratio": 45.7,
            "inventory_turnover_ratio": null,
            "account_receivable_turnover_ratio": null,
            "reinvestment_rate": null,
            "research_to_sale_ratio": null,
            "price_fair": 128.02,
            "eps_avg_yearly": 3.66,
            "eps_latest_yearly": 2.8,
            "eps_growth_yearly": 35.51
        },
        "20063": {
            "year_quarter": 20063,
            "year": 2006,
            "quarter": 3,
            "eps": 0.88,
            "eps_growth_year": -29.03,
            "eps_4q": 2.98,
            "eps_4q_growth_year": -23.07,
            "roe": 4.09,
            "roe_4q": 13.79,
            "gross_profit": 42761,
            "gross_margin": 8.8,
            "gross_margin_4q_avg": 8.13,
            "net_income": 42324,
            "net_income_4q": null,
            "revenue": 485847,
            "revenue_4q": null,
            "common_shares": 480679,
            "book_valuer_per_share": 22.2,
            "book_valuer_per_share_4q_avg": 23.56,
            "equity": 1066956,
            "current_ratio": 125.37,
            "debt_ratio": 46.86,
            "inventory_turnover_ratio": null,
            "account_receivable_turnover_ratio": null,
            "reinvestment_rate": null,
            "research_to_sale_ratio": null,
            "price_fair": 127.54,
            "eps_avg_yearly": 3.64,
            "eps_latest_yearly": 3.52,
            "eps_growth_yearly": 42.25
        },
        "20064": {
            "year_quarter": 20064,
            "year": 2006,
            "quarter": 4,
            "eps": 1.2,
            "eps_growth_year": -0.83,
            "eps_4q": 3.09,
            "eps_4q_growth_year": -22.03,
            "roe": 5.29,
            "roe_4q": 13.999999999999998,
            "gross_profit": 61749,
            "gross_margin": 8.12,
            "gross_margin_4q_avg": 7.37,
            "net_income": 57743,
            "net_income_4q": null,
            "revenue": 760079,
            "revenue_4q": null,
            "common_shares": 480679,
            "book_valuer_per_share": 23.25,
            "book_valuer_per_share_4q_avg": 23.28,
            "equity": 1117411,
            "current_ratio": 153.02,
            "debt_ratio": 49.56,
            "inventory_turnover_ratio": 5.81,
            "account_receivable_turnover_ratio": null,
            "reinvestment_rate": null,
            "research_to_sale_ratio": null,
            "price_fair": 131.22,
            "eps_avg_yearly": 3.75,
            "eps_latest_yearly": 4.8,
            "eps_growth_yearly": 51.63
        },
        "20071": {
            "year_quarter": 20071,
            "year": 2007,
            "quarter": 1,
            "eps": 0.85,
            "eps_growth_year": 107.32,
            "eps_4q": 3.56,
            "eps_4q_growth_year": 2.4,
            "roe": 3.57,
            "roe_4q": 15.879999999999999,
            "gross_profit": 40476,
            "gross_margin": 8.09,
            "gross_margin_4q_avg": 7.7,
            "net_income": 40872,
            "net_income_4q": null,
            "revenue": 500419,
            "revenue_4q": null,
            "common_shares": 480679,
            "book_valuer_per_share": 24.44,
            "book_valuer_per_share_4q_avg": 23.24,
            "equity": 1174821,
            "current_ratio": 134.05,
            "debt_ratio": 42.02,
            "inventory_turnover_ratio": 3.83,
            "account_receivable_turnover_ratio": null,
            "reinvestment_rate": null,
            "research_to_sale_ratio": null,
            "price_fair": 130.2,
            "eps_avg_yearly": 3.72,
            "eps_latest_yearly": 3.4,
            "eps_growth_yearly": 37.61
        },
        "20072": {
            "year_quarter": 20072,
            "year": 2007,
            "quarter": 2,
            "eps": 0.85,
            "eps_growth_year": 21.43,
            "eps_4q": 3.78,
            "eps_4q_growth_year": 6.08,
            "roe": 3.46,
            "roe_4q": 16.41,
            "gross_profit": 52770,
            "gross_margin": 11.04,
            "gross_margin_4q_avg": 9.01,
            "net_income": 40868,
            "net_income_4q": null,
            "revenue": 478039,
            "revenue_4q": null,
            "common_shares": 480679,
            "book_valuer_per_share": 24.64,
            "book_valuer_per_share_4q_avg": 23.63,
            "equity": 1184294,
            "current_ratio": 133.98,
            "debt_ratio": 40.35,
            "inventory_turnover_ratio": null,
            "account_receivable_turnover_ratio": null,
            "reinvestment_rate": null,
            "research_to_sale_ratio": null,
            "price_fair": 129.34,
            "eps_avg_yearly": 3.7,
            "eps_latest_yearly": 3.4,
            "eps_growth_yearly": 34.71
        },
        "20073": {
            "year_quarter": 20073,
            "year": 2007,
            "quarter": 3,
            "eps": 0.6,
            "eps_growth_year": -31.82,
            "eps_4q": 3.12,
            "eps_4q_growth_year": 4.71,
            "roe": 2.76,
            "roe_4q": 15.079999999999998,
            "gross_profit": 25278,
            "gross_margin": 3.6,
            "gross_margin_4q_avg": 7.71,
            "net_income": 33206,
            "net_income_4q": null,
            "revenue": 702633,
            "revenue_4q": null,
            "common_shares": 556691,
            "book_valuer_per_share": 21.91,
            "book_valuer_per_share_4q_avg": 23.56,
            "equity": 1219441,
            "current_ratio": 126.12,
            "debt_ratio": 46.65,
            "inventory_turnover_ratio": null,
            "account_receivable_turnover_ratio": null,
            "reinvestment_rate": null,
            "research_to_sale_ratio": null,
            "price_fair": 121.89,
            "eps_avg_yearly": 3.6,
            "eps_latest_yearly": 2.4,
            "eps_growth_yearly": 23.83
        },
        "20074": {
            "year_quarter": 20074,
            "year": 2007,
            "quarter": 4,
            "eps": 1.4,
            "eps_growth_year": 16.67,
            "eps_4q": 3.48,
            "eps_4q_growth_year": 12.81,
            "roe": 6.31,
            "roe_4q": 16.1,
            "gross_profit": 59540,
            "gross_margin": 6.95,
            "gross_margin_4q_avg": 7.42,
            "net_income": 77356,
            "net_income_4q": null,
            "revenue": 856102,
            "revenue_4q": null,
            "common_shares": 556691,
            "book_valuer_per_share": 22.11,
            "book_valuer_per_share_4q_avg": 23.28,
            "equity": 1231048,
            "current_ratio": 155.56,
            "debt_ratio": 49.22,
            "inventory_turnover_ratio": 5.59,
            "account_receivable_turnover_ratio": null,
            "reinvestment_rate": 0.87,
            "research_to_sale_ratio": null,
            "price_fair": 130.76,
            "eps_avg_yearly": 3.74,
            "eps_latest_yearly": 5.6,
            "eps_growth_yearly": 57.8
        },
        "20081": {
            "year_quarter": 20081,
            "year": 2008,
            "quarter": 1,
            "eps": 0.71,
            "eps_growth_year": -16.47,
            "eps_4q": 3.55,
            "eps_4q_growth_year": -0.3,
            "roe": 3.1,
            "roe_4q": 15.629999999999999,
            "gross_profit": 84377,
            "gross_margin": 15.68,
            "gross_margin_4q_avg": 9.32,
            "net_income": 37828,
            "net_income_4q": null,
            "revenue": 538055,
            "revenue_4q": null,
            "common_shares": 556691,
            "book_valuer_per_share": 21.68,
            "book_valuer_per_share_4q_avg": 22.59,
            "equity": 1206888,
            "current_ratio": 180.26,
            "debt_ratio": 40.86,
            "inventory_turnover_ratio": 1.51,
            "account_receivable_turnover_ratio": null,
            "reinvestment_rate": 66.74,
            "research_to_sale_ratio": null,
            "price_fair": 128.8,
            "eps_avg_yearly": 3.68,
            "eps_latest_yearly": 2.84,
            "eps_growth_yearly": 41.86
        },
        "20082": {
            "year_quarter": 20082,
            "year": 2008,
            "quarter": 2,
            "eps": 0.17,
            "eps_growth_year": -80,
            "eps_4q": 2.98,
            "eps_4q_growth_year": -21.06,
            "roe": 0.76,
            "roe_4q": 12.93,
            "gross_profit": 50955,
            "gross_margin": 10.27,
            "gross_margin_4q_avg": 9.13,
            "net_income": 8962,
            "net_income_4q": null,
            "revenue": 496080,
            "revenue_4q": null,
            "common_shares": 556691,
            "book_valuer_per_share": 20.67,
            "book_valuer_per_share_4q_avg": 21.59,
            "equity": 1150774,
            "current_ratio": 175.19,
            "debt_ratio": 41.4,
            "inventory_turnover_ratio": 1.32,
            "account_receivable_turnover_ratio": null,
            "reinvestment_rate": 66.03,
            "research_to_sale_ratio": null,
            "price_fair": 114.73,
            "eps_avg_yearly": 3.53,
            "eps_latest_yearly": 0.68,
            "eps_growth_yearly": 22.53
        },
        "20083": {
            "year_quarter": 20083,
            "year": 2008,
            "quarter": 3,
            "eps": 0.38,
            "eps_growth_year": -36.67,
            "eps_4q": 2.7,
            "eps_4q_growth_year": -13.46,
            "roe": 1.71,
            "roe_4q": 11.879999999999999,
            "gross_profit": 54647,
            "gross_margin": 8.9,
            "gross_margin_4q_avg": 10.45,
            "net_income": 20332,
            "net_income_4q": null,
            "revenue": 614000,
            "revenue_4q": null,
            "common_shares": 556691,
            "book_valuer_per_share": 22.04,
            "book_valuer_per_share_4q_avg": 21.63,
            "equity": 1226909,
            "current_ratio": 164.47,
            "debt_ratio": 45.01,
            "inventory_turnover_ratio": 1.44,
            "account_receivable_turnover_ratio": null,
            "reinvestment_rate": 73.54,
            "research_to_sale_ratio": null,
            "price_fair": 118.13,
            "eps_avg_yearly": 3.38,
            "eps_latest_yearly": 1.52,
            "eps_growth_yearly": 46.68
        },
        "20084": {
            "year_quarter": 20084,
            "year": 2008,
            "quarter": 4,
            "eps": 0.28,
            "eps_growth_year": -80,
            "eps_4q": 1.39,
            "eps_4q_growth_year": -60.05,
            "roe": 1.33,
            "roe_4q": 6.9,
            "gross_profit": 73872,
            "gross_margin": 12.56,
            "gross_margin_4q_avg": 11.85,
            "net_income": 16925,
            "net_income_4q": null,
            "revenue": 588062,
            "revenue_4q": null,
            "common_shares": 635385,
            "book_valuer_per_share": 20.73,
            "book_valuer_per_share_4q_avg": 21.28,
            "equity": 1317179,
            "current_ratio": 226.63,
            "debt_ratio": 30.48,
            "inventory_turnover_ratio": 1.5,
            "account_receivable_turnover_ratio": 1.65,
            "reinvestment_rate": 2.41,
            "research_to_sale_ratio": null,
            "price_fair": 109.81,
            "eps_avg_yearly": 3.14,
            "eps_latest_yearly": 1.12,
            "eps_growth_yearly": 34.04
        },
        "20091": {
            "year_quarter": 20091,
            "year": 2009,
            "quarter": 1,
            "eps": 0.54,
            "eps_growth_year": -23.94,
            "eps_4q": 1.31,
            "eps_4q_growth_year": -63.12,
            "roe": 2.41,
            "roe_4q": 6.21,
            "gross_profit": 66864,
            "gross_margin": 15.39,
            "gross_margin_4q_avg": 11.78,
            "net_income": 32408,
            "net_income_4q": null,
            "revenue": 434481,
            "revenue_4q": null,
            "common_shares": 635385,
            "book_valuer_per_share": 21.64,
            "book_valuer_per_share_4q_avg": 21.27,
            "equity": 1374743,
            "current_ratio": 262.24,
            "debt_ratio": 26.11,
            "inventory_turnover_ratio": 1.55,
            "account_receivable_turnover_ratio": 0.7,
            "reinvestment_rate": 81.26,
            "research_to_sale_ratio": null,
            "price_fair": 106.23,
            "eps_avg_yearly": 3.04,
            "eps_latest_yearly": 2.16,
            "eps_growth_yearly": 62.94
        },
        "20092": {
            "year_quarter": 20092,
            "year": 2009,
            "quarter": 2,
            "eps": 0.43,
            "eps_growth_year": 152.94,
            "eps_4q": 1.58,
            "eps_4q_growth_year": -46.92,
            "roe": 1.93,
            "roe_4q": 7.38,
            "gross_profit": 64343,
            "gross_margin": 17.63,
            "gross_margin_4q_avg": 13.62,
            "net_income": 25952,
            "net_income_4q": null,
            "revenue": 364902,
            "revenue_4q": null,
            "common_shares": 601945,
            "book_valuer_per_share": 21.93,
            "book_valuer_per_share_4q_avg": 21.59,
            "equity": 1320214,
            "current_ratio": 229.38,
            "debt_ratio": 31.11,
            "inventory_turnover_ratio": 1.29,
            "account_receivable_turnover_ratio": 0.7,
            "reinvestment_rate": 74.92,
            "research_to_sale_ratio": null,
            "price_fair": 103.69,
            "eps_avg_yearly": 2.96,
            "eps_latest_yearly": 1.72,
            "eps_growth_yearly": 63.9
        },
        "20093": {
            "year_quarter": 20093,
            "year": 2009,
            "quarter": 3,
            "eps": 0.35,
            "eps_growth_year": -7.89,
            "eps_4q": 1.55,
            "eps_4q_growth_year": -42.74,
            "roe": 1.67,
            "roe_4q": 7.34,
            "gross_profit": 49976,
            "gross_margin": 11.01,
            "gross_margin_4q_avg": 14.15,
            "net_income": 22029,
            "net_income_4q": null,
            "revenue": 453981,
            "revenue_4q": null,
            "common_shares": 628344,
            "book_valuer_per_share": 21.03,
            "book_valuer_per_share_4q_avg": 21.33,
            "equity": 1321363,
            "current_ratio": 256.54,
            "debt_ratio": 28.16,
            "inventory_turnover_ratio": 1.67,
            "account_receivable_turnover_ratio": 0.89,
            "reinvestment_rate": 73.79,
            "research_to_sale_ratio": null,
            "price_fair": 95.9,
            "eps_avg_yearly": 2.74,
            "eps_latest_yearly": 1.4,
            "eps_growth_yearly": 41.2
        },
        "20094": {
            "year_quarter": 20094,
            "year": 2009,
            "quarter": 4,
            "eps": 0.18,
            "eps_growth_year": -35.71,
            "eps_4q": 1.46,
            "eps_4q_growth_year": 5.18,
            "roe": 0.87,
            "roe_4q": 6.88,
            "gross_profit": 73512,
            "gross_margin": 17.35,
            "gross_margin_4q_avg": 15.35,
            "net_income": 11508,
            "net_income_4q": null,
            "revenue": 423694,
            "revenue_4q": null,
            "common_shares": 628344,
            "book_valuer_per_share": 21.18,
            "book_valuer_per_share_4q_avg": 21.45,
            "equity": 1330844,
            "current_ratio": 253.46,
            "debt_ratio": 29.46,
            "inventory_turnover_ratio": 1.56,
            "account_receivable_turnover_ratio": 1.55,
            "reinvestment_rate": -18.11,
            "research_to_sale_ratio": null,
            "price_fair": 86.89,
            "eps_avg_yearly": 2.48,
            "eps_latest_yearly": 0.72,
            "eps_growth_yearly": 29.66
        },
        "20101": {
            "year_quarter": 20101,
            "year": 2010,
            "quarter": 1,
            "eps": 0.47,
            "eps_growth_year": -12.96,
            "eps_4q": 1.41,
            "eps_4q_growth_year": 7.84,
            "roe": 2.17,
            "roe_4q": 6.64,
            "gross_profit": 42550,
            "gross_margin": 11.17,
            "gross_margin_4q_avg": 14.29,
            "net_income": 29282,
            "net_income_4q": null,
            "revenue": 380868,
            "revenue_4q": null,
            "common_shares": 628344,
            "book_valuer_per_share": 21.82,
            "book_valuer_per_share_4q_avg": 21.49,
            "equity": 1371144,
            "current_ratio": 301.28,
            "debt_ratio": 33.6,
            "inventory_turnover_ratio": 1.62,
            "account_receivable_turnover_ratio": 0.74,
            "reinvestment_rate": 75.15,
            "research_to_sale_ratio": 0.77,
            "price_fair": 87.41,
            "eps_avg_yearly": 2.5,
            "eps_latest_yearly": 1.88,
            "eps_growth_yearly": 86.46
        },
        "20102": {
            "year_quarter": 20102,
            "year": 2010,
            "quarter": 2,
            "eps": -0.16,
            "eps_growth_year": -136.94,
            "eps_4q": 0.8,
            "eps_4q_growth_year": -49.35,
            "roe": -0.77,
            "roe_4q": 3.94,
            "gross_profit": 29074,
            "gross_margin": 8.95,
            "gross_margin_4q_avg": 12.12,
            "net_income": -10379,
            "net_income_4q": null,
            "revenue": 324833,
            "revenue_4q": null,
            "common_shares": 628344,
            "book_valuer_per_share": 21.19,
            "book_valuer_per_share_4q_avg": 21.31,
            "equity": 1331521,
            "current_ratio": 299.25,
            "debt_ratio": 33.42,
            "inventory_turnover_ratio": 1.43,
            "account_receivable_turnover_ratio": 0.69,
            "reinvestment_rate": 78.95,
            "research_to_sale_ratio": 1.06,
            "price_fair": 86.71,
            "eps_avg_yearly": 2.48,
            "eps_latest_yearly": 1.88,
            "eps_growth_yearly": 73.37
        },
        "20103": {
            "year_quarter": 20103,
            "year": 2010,
            "quarter": 3,
            "eps": -0.44,
            "eps_growth_year": -225.99,
            "eps_4q": 0.02,
            "eps_4q_growth_year": -98.42,
            "roe": -2.21,
            "roe_4q": 0.05999999999999994,
            "gross_profit": 3085,
            "gross_margin": 1.16,
            "gross_margin_4q_avg": 9.66,
            "net_income": -28815,
            "net_income_4q": null,
            "revenue": 264922,
            "revenue_4q": null,
            "common_shares": 653478,
            "book_valuer_per_share": 19.54,
            "book_valuer_per_share_4q_avg": 20.93,
            "equity": 1276950,
            "current_ratio": 330.24,
            "debt_ratio": 31.58,
            "inventory_turnover_ratio": 1.12,
            "account_receivable_turnover_ratio": 0.63,
            "reinvestment_rate": 370.42,
            "research_to_sale_ratio": 1.63,
            "price_fair": 84.1,
            "eps_avg_yearly": 2.4,
            "eps_latest_yearly": 1.88,
            "eps_growth_yearly": 71.26
        },
        "20104": {
            "year_quarter": 20104,
            "year": 2010,
            "quarter": 4,
            "eps": -0.55,
            "eps_growth_year": -405.04,
            "eps_4q": -0.7,
            "eps_4q_growth_year": -147.91,
            "roe": -2.88,
            "roe_4q": -3.6899999999999995,
            "gross_profit": 3236,
            "gross_margin": 1,
            "gross_margin_4q_avg": 5.57,
            "net_income": -35886,
            "net_income_4q": null,
            "revenue": 322231,
            "revenue_4q": null,
            "common_shares": 653565,
            "book_valuer_per_share": 18.6,
            "book_valuer_per_share_4q_avg": 20.29,
            "equity": 1215500,
            "current_ratio": 293.04,
            "debt_ratio": 34.11,
            "inventory_turnover_ratio": 1.45,
            "account_receivable_turnover_ratio": 0.81,
            "reinvestment_rate": -26.57,
            "research_to_sale_ratio": 1.47,
            "price_fair": 77.65,
            "eps_avg_yearly": 2.22,
            "eps_latest_yearly": 1.88,
            "eps_growth_yearly": 65.55
        },
        "20111": {
            "year_quarter": 20111,
            "year": 2011,
            "quarter": 1,
            "eps": -0.52,
            "eps_growth_year": -210.64,
            "eps_4q": -1.65,
            "eps_4q_growth_year": -217.04,
            "roe": -2.83,
            "roe_4q": -8.69,
            "gross_profit": 6313,
            "gross_margin": 2.17,
            "gross_margin_4q_avg": 3.32,
            "net_income": -33740,
            "net_income_4q": null,
            "revenue": 291108,
            "revenue_4q": null,
            "common_shares": 653565,
            "book_valuer_per_share": 17.84,
            "book_valuer_per_share_4q_avg": 19.29,
            "equity": 1165832,
            "current_ratio": 248.38,
            "debt_ratio": 35.63,
            "inventory_turnover_ratio": 1.51,
            "account_receivable_turnover_ratio": 0.69,
            "reinvestment_rate": 641.26,
            "research_to_sale_ratio": 1.78,
            "price_fair": 74.2,
            "eps_avg_yearly": 2.12,
            "eps_latest_yearly": 1.88,
            "eps_growth_yearly": 80.74
        },
        "20112": {
            "year_quarter": 20112,
            "year": 2011,
            "quarter": 2,
            "eps": -0.7,
            "eps_growth_year": null,
            "eps_4q": -2.18,
            "eps_4q_growth_year": -371.46,
            "roe": -4.12,
            "roe_4q": -12.04,
            "gross_profit": -17875,
            "gross_margin": -5.84,
            "gross_margin_4q_avg": -0.38,
            "net_income": -46568,
            "net_income_4q": null,
            "revenue": 306216,
            "revenue_4q": null,
            "common_shares": 662838,
            "book_valuer_per_share": 16.53,
            "book_valuer_per_share_4q_avg": 18.13,
            "equity": 1095942,
            "current_ratio": 189.79,
            "debt_ratio": 39.7,
            "inventory_turnover_ratio": 1.58,
            "account_receivable_turnover_ratio": 0.72,
            "reinvestment_rate": 293.26,
            "research_to_sale_ratio": 1.5,
            "price_fair": 70.13,
            "eps_avg_yearly": 2,
            "eps_latest_yearly": 1.88,
            "eps_growth_yearly": 88.08
        },
        "20113": {
            "year_quarter": 20113,
            "year": 2011,
            "quarter": 3,
            "eps": -0.66,
            "eps_growth_year": null,
            "eps_4q": -2.39,
            "eps_4q_growth_year": -9898.95,
            "roe": -3.95,
            "roe_4q": -13.780000000000001,
            "gross_profit": -13870,
            "gross_margin": -5.43,
            "gross_margin_4q_avg": -2.03,
            "net_income": -44384,
            "net_income_4q": null,
            "revenue": 255646,
            "revenue_4q": null,
            "common_shares": 670977,
            "book_valuer_per_share": 17.12,
            "book_valuer_per_share_4q_avg": 17.52,
            "equity": 1148547,
            "current_ratio": 193.85,
            "debt_ratio": 36.6,
            "inventory_turnover_ratio": 1.26,
            "account_receivable_turnover_ratio": 0.62,
            "reinvestment_rate": 603.98,
            "research_to_sale_ratio": 2.73,
            "price_fair": 68.74,
            "eps_avg_yearly": 1.96,
            "eps_latest_yearly": 1.88,
            "eps_growth_yearly": 108.65
        },
        "20114": {
            "year_quarter": 20114,
            "year": 2011,
            "quarter": 4,
            "eps": -0.8,
            "eps_growth_year": null,
            "eps_4q": -2.66,
            "eps_4q_growth_year": null,
            "roe": -4.8,
            "roe_4q": -15.700000000000001,
            "gross_profit": -7072,
            "gross_margin": -2.6,
            "gross_margin_4q_avg": -2.93,
            "net_income": -53923,
            "net_income_4q": null,
            "revenue": 272282,
            "revenue_4q": null,
            "common_shares": 670977,
            "book_valuer_per_share": 16.34,
            "book_valuer_per_share_4q_avg": 16.96,
            "equity": 1096465,
            "current_ratio": 194.18,
            "debt_ratio": 36.63,
            "inventory_turnover_ratio": 1.37,
            "account_receivable_turnover_ratio": 0.7,
            "reinvestment_rate": null,
            "research_to_sale_ratio": 1.81,
            "price_fair": 54.6,
            "eps_avg_yearly": 1.56,
            "eps_latest_yearly": 1.88,
            "eps_growth_yearly": 61.46
        },
        "20121": {
            "year_quarter": 20121,
            "year": 2012,
            "quarter": 1,
            "eps": -0.57,
            "eps_growth_year": null,
            "eps_4q": -2.73,
            "eps_4q_growth_year": null,
            "roe": -3.61,
            "roe_4q": -16.48,
            "gross_profit": -14667,
            "gross_margin": -6.62,
            "gross_margin_4q_avg": -5.12,
            "net_income": -38330,
            "net_income_4q": null,
            "revenue": 221567,
            "revenue_4q": null,
            "common_shares": 670977,
            "book_valuer_per_share": 15.3,
            "book_valuer_per_share_4q_avg": 16.32,
            "equity": 1026749,
            "current_ratio": 160.69,
            "debt_ratio": 38.94,
            "inventory_turnover_ratio": 1.11,
            "account_receivable_turnover_ratio": 0.62,
            "reinvestment_rate": null,
            "research_to_sale_ratio": 1.85,
            "price_fair": 49,
            "eps_avg_yearly": 1.4,
            "eps_latest_yearly": 1.88,
            "eps_growth_yearly": 93.79
        },
        "20122": {
            "year_quarter": 20122,
            "year": 2012,
            "quarter": 2,
            "eps": -0.47,
            "eps_growth_year": null,
            "eps_4q": -2.51,
            "eps_4q_growth_year": null,
            "roe": -3.11,
            "roe_4q": -15.469999999999999,
            "gross_profit": 2616,
            "gross_margin": 1.25,
            "gross_margin_4q_avg": -3.35,
            "net_income": -31545,
            "net_income_4q": null,
            "revenue": 209511,
            "revenue_4q": null,
            "common_shares": 670977,
            "book_valuer_per_share": 14.94,
            "book_valuer_per_share_4q_avg": 15.93,
            "equity": 1002732,
            "current_ratio": 158.86,
            "debt_ratio": 38.59,
            "inventory_turnover_ratio": 0.88,
            "account_receivable_turnover_ratio": 0.62,
            "reinvestment_rate": null,
            "research_to_sale_ratio": 2.31,
            "price_fair": 52.6,
            "eps_avg_yearly": 1.5,
            "eps_latest_yearly": 1.88,
            "eps_growth_yearly": 150.65
        },
        "20123": {
            "year_quarter": 20123,
            "year": 2012,
            "quarter": 3,
            "eps": 0.01,
            "eps_growth_year": null,
            "eps_4q": -1.84,
            "eps_4q_growth_year": null,
            "roe": 0.04,
            "roe_4q": -11.48,
            "gross_profit": 20182,
            "gross_margin": 6.21,
            "gross_margin_4q_avg": -0.44,
            "net_income": 418,
            "net_income_4q": null,
            "revenue": 324773,
            "revenue_4q": null,
            "common_shares": 670977,
            "book_valuer_per_share": 14.75,
            "book_valuer_per_share_4q_avg": 15.33,
            "equity": 989737,
            "current_ratio": 155.95,
            "debt_ratio": 41.23,
            "inventory_turnover_ratio": 1.34,
            "account_receivable_turnover_ratio": 0.86,
            "reinvestment_rate": null,
            "research_to_sale_ratio": 1.89,
            "price_fair": 52.5,
            "eps_avg_yearly": 1.5,
            "eps_latest_yearly": 1.88,
            "eps_growth_yearly": 93.4
        },
        "20124": {
            "year_quarter": 20124,
            "year": 2012,
            "quarter": 4,
            "eps": -0.73,
            "eps_growth_year": null,
            "eps_4q": -1.72,
            "eps_4q_growth_year": null,
            "roe": -5.24,
            "roe_4q": -11.92,
            "gross_profit": 10511,
            "gross_margin": 2.81,
            "gross_margin_4q_avg": 0.91,
            "net_income": -51419,
            "net_income_4q": null,
            "revenue": 374299,
            "revenue_4q": null,
            "common_shares": 670977,
            "book_valuer_per_share": 13.9,
            "book_valuer_per_share_4q_avg": 14.72,
            "equity": 971222,
            "current_ratio": 149.21,
            "debt_ratio": 45.32,
            "inventory_turnover_ratio": 1.85,
            "account_receivable_turnover_ratio": 0.79,
            "reinvestment_rate": null,
            "research_to_sale_ratio": 1.31,
            "price_fair": 55.16,
            "eps_avg_yearly": 1.58,
            "eps_latest_yearly": 1.88,
            "eps_growth_yearly": 133.14
        },
        "20131": {
            "year_quarter": 20131,
            "year": 2013,
            "quarter": 1,
            "eps": -0.45,
            "eps_growth_year": null,
            "eps_4q": -1.48,
            "eps_4q_growth_year": null,
            "roe": -3.1,
            "roe_4q": -11.41,
            "gross_profit": 15387,
            "gross_margin": 5.07,
            "gross_margin_4q_avg": 3.84,
            "net_income": -31346,
            "net_income_4q": null,
            "revenue": 303364,
            "revenue_4q": null,
            "common_shares": 770977,
            "book_valuer_per_share": 13.63,
            "book_valuer_per_share_4q_avg": 14.31,
            "equity": 1051079,
            "current_ratio": 190.82,
            "debt_ratio": 33.91,
            "inventory_turnover_ratio": 1.44,
            "account_receivable_turnover_ratio": 0.59,
            "reinvestment_rate": null,
            "research_to_sale_ratio": 1.36,
            "price_fair": 50.05,
            "eps_avg_yearly": 1.43,
            "eps_latest_yearly": 1.88,
            "eps_growth_yearly": 73.56
        },
        "20132": {
            "year_quarter": 20132,
            "year": 2013,
            "quarter": 2,
            "eps": 0.02,
            "eps_growth_year": null,
            "eps_4q": -1.05,
            "eps_4q_growth_year": null,
            "roe": 0.15,
            "roe_4q": -8.150000000000002,
            "gross_profit": 48135,
            "gross_margin": 10.84,
            "gross_margin_4q_avg": 6.23,
            "net_income": 1587,
            "net_income_4q": null,
            "revenue": 444129,
            "revenue_4q": null,
            "common_shares": 770977,
            "book_valuer_per_share": 13.93,
            "book_valuer_per_share_4q_avg": 14.05,
            "equity": 1073813,
            "current_ratio": 196.25,
            "debt_ratio": 32.56,
            "inventory_turnover_ratio": 1.94,
            "account_receivable_turnover_ratio": 0.86,
            "reinvestment_rate": null,
            "research_to_sale_ratio": 1.01,
            "price_fair": 46.67,
            "eps_avg_yearly": 1.33,
            "eps_latest_yearly": 1.88,
            "eps_growth_yearly": 125.25
        },
        "20133": {
            "year_quarter": 20133,
            "year": 2013,
            "quarter": 3,
            "eps": -0.07,
            "eps_growth_year": -1223.6,
            "eps_4q": -1.12,
            "eps_4q_growth_year": null,
            "roe": -0.49,
            "roe_4q": -8.68,
            "gross_profit": 43519,
            "gross_margin": 13.13,
            "gross_margin_4q_avg": 7.96,
            "net_income": -5223,
            "net_income_4q": null,
            "revenue": 331421,
            "revenue_4q": null,
            "common_shares": 770977,
            "book_valuer_per_share": 13.63,
            "book_valuer_per_share_4q_avg": 13.77,
            "equity": 1050858,
            "current_ratio": 200.23,
            "debt_ratio": 31.54,
            "inventory_turnover_ratio": 1.47,
            "account_receivable_turnover_ratio": 0.65,
            "reinvestment_rate": null,
            "research_to_sale_ratio": 1.51,
            "price_fair": 45.5,
            "eps_avg_yearly": 1.3,
            "eps_latest_yearly": 1.88,
            "eps_growth_yearly": 225.08
        },
        "20134": {
            "year_quarter": 20134,
            "year": 2013,
            "quarter": 4,
            "eps": -0.45,
            "eps_growth_year": null,
            "eps_4q": -0.91,
            "eps_4q_growth_year": null,
            "roe": -3.36,
            "roe_4q": -6.8,
            "gross_profit": 30813,
            "gross_margin": 8.93,
            "gross_margin_4q_avg": 9.49,
            "net_income": -34956,
            "net_income_4q": null,
            "revenue": 345073,
            "revenue_4q": null,
            "common_shares": 770977,
            "book_valuer_per_share": 13.38,
            "book_valuer_per_share_4q_avg": 13.64,
            "equity": 1031272,
            "current_ratio": 218.12,
            "debt_ratio": 29.98,
            "inventory_turnover_ratio": 1.67,
            "account_receivable_turnover_ratio": 0.71,
            "reinvestment_rate": null,
            "research_to_sale_ratio": 1.52,
            "price_fair": 65.8,
            "eps_avg_yearly": 1.88,
            "eps_latest_yearly": 1.88,
            "eps_growth_yearly": 644.44
        },
        "20141": {
            "year_quarter": 20141,
            "year": 2014,
            "quarter": 1,
            "eps": 0.03,
            "eps_growth_year": null,
            "eps_4q": -0.47,
            "eps_4q_growth_year": null,
            "roe": 0.23,
            "roe_4q": -3.47,
            "gross_profit": 34895,
            "gross_margin": 10.38,
            "gross_margin_4q_avg": 10.82,
            "net_income": 2413,
            "net_income_4q": null,
            "revenue": 336285,
            "revenue_4q": null,
            "common_shares": 770977,
            "book_valuer_per_share": 13.33,
            "book_valuer_per_share_4q_avg": 13.57,
            "equity": 1027547,
            "current_ratio": 219.51,
            "debt_ratio": 30.06,
            "inventory_turnover_ratio": 1.6,
            "account_receivable_turnover_ratio": 0.71,
            "reinvestment_rate": null,
            "research_to_sale_ratio": 1.28,
            "price_fair": 0,
            "eps_avg_yearly": 0,
            "eps_latest_yearly": 0,
            "eps_growth_yearly": 0
        },
        "20142": {
            "year_quarter": 20142,
            "year": 2014,
            "quarter": 2,
            "eps": 0.14,
            "eps_growth_year": 600,
            "eps_4q": -0.35,
            "eps_4q_growth_year": null,
            "roe": 1.08,
            "roe_4q": -2.54,
            "gross_profit": 61286,
            "gross_margin": 14.6,
            "gross_margin_4q_avg": 11.76,
            "net_income": 11134,
            "net_income_4q": null,
            "revenue": 419728,
            "revenue_4q": null,
            "common_shares": 770977,
            "book_valuer_per_share": 13.3,
            "book_valuer_per_share_4q_avg": 13.41,
            "equity": 1025663,
            "current_ratio": 223.53,
            "debt_ratio": 29.72,
            "inventory_turnover_ratio": 1.82,
            "account_receivable_turnover_ratio": 0.85,
            "reinvestment_rate": null,
            "research_to_sale_ratio": 1.11,
            "price_fair": 19.6,
            "eps_avg_yearly": 0.56,
            "eps_latest_yearly": 0.56,
            "eps_growth_yearly": 1466.67
        },
        "20143": {
            "year_quarter": 20143,
            "year": 2014,
            "quarter": 3,
            "eps": -0.09,
            "eps_growth_year": null,
            "eps_4q": -0.36,
            "eps_4q_growth_year": null,
            "roe": -0.64,
            "roe_4q": -2.69,
            "gross_profit": 42397,
            "gross_margin": 13.93,
            "gross_margin_4q_avg": 11.96,
            "net_income": -6629,
            "net_income_4q": null,
            "revenue": 304262,
            "revenue_4q": null,
            "common_shares": 770977,
            "book_valuer_per_share": 13.53,
            "book_valuer_per_share_4q_avg": 13.39,
            "equity": 1043183,
            "current_ratio": 302.01,
            "debt_ratio": 29.01,
            "inventory_turnover_ratio": 1.26,
            "account_receivable_turnover_ratio": 0.61,
            "reinvestment_rate": null,
            "research_to_sale_ratio": 1.62,
            "price_fair": 19.6,
            "eps_avg_yearly": 0.56,
            "eps_latest_yearly": 0.56,
            "eps_growth_yearly": 1466.67
        },
        "20144": {
            "year_quarter": 20144,
            "year": 2014,
            "quarter": 4,
            "eps": -0.08,
            "eps_growth_year": null,
            "eps_4q": 0.01,
            "eps_4q_growth_year": null,
            "roe": -0.6,
            "roe_4q": 0.07000000000000009,
            "gross_profit": 32501,
            "gross_margin": 10.89,
            "gross_margin_4q_avg": 12.45,
            "net_income": -6126,
            "net_income_4q": null,
            "revenue": 298406,
            "revenue_4q": null,
            "common_shares": 771346,
            "book_valuer_per_share": 13.49,
            "book_valuer_per_share_4q_avg": 13.41,
            "equity": 1007093,
            "current_ratio": 270.09,
            "debt_ratio": 31.94,
            "inventory_turnover_ratio": 1.17,
            "account_receivable_turnover_ratio": 0.62,
            "reinvestment_rate": null,
            "research_to_sale_ratio": 1.93,
            "price_fair": 19.6,
            "eps_avg_yearly": 0.56,
            "eps_latest_yearly": 0.56,
            "eps_growth_yearly": 1466.67
        },
        "20151": {
            "year_quarter": 20151,
            "year": 2015,
            "quarter": 1,
            "eps": -0.11,
            "eps_growth_year": -466.67,
            "eps_4q": -0.13,
            "eps_4q_growth_year": null,
            "roe": -0.84,
            "roe_4q": -1,
            "gross_profit": 33526,
            "gross_margin": 10.52,
            "gross_margin_4q_avg": 12.49,
            "net_income": -8436,
            "net_income_4q": null,
            "revenue": 318722,
            "revenue_4q": null,
            "common_shares": 771346,
            "book_valuer_per_share": 13.28,
            "book_valuer_per_share_4q_avg": 13.4,
            "equity": 991470,
            "current_ratio": 260.17,
            "debt_ratio": 33.1,
            "inventory_turnover_ratio": 1.1,
            "account_receivable_turnover_ratio": 0.69,
            "reinvestment_rate": null,
            "research_to_sale_ratio": 1.86,
            "price_fair": 19.6,
            "eps_avg_yearly": 0.56,
            "eps_latest_yearly": 0.56,
            "eps_growth_yearly": 1466.67
        },
        "20152": {
            "year_quarter": 20152,
            "year": 2015,
            "quarter": 2,
            "eps": -0.01,
            "eps_growth_year": -107.14,
            "eps_4q": -0.29,
            "eps_4q_growth_year": null,
            "roe": -0.07,
            "roe_4q": -2.15,
            "gross_profit": 46280,
            "gross_margin": 13.95,
            "gross_margin_4q_avg": 12.32,
            "net_income": -726,
            "net_income_4q": null,
            "revenue": 331693,
            "revenue_4q": null,
            "common_shares": 771346,
            "book_valuer_per_share": 13.16,
            "book_valuer_per_share_4q_avg": 13.37,
            "equity": 982237,
            "current_ratio": 282.98,
            "debt_ratio": 31.13,
            "inventory_turnover_ratio": 1.08,
            "account_receivable_turnover_ratio": 0.74,
            "reinvestment_rate": null,
            "research_to_sale_ratio": 1.9,
            "price_fair": 19.6,
            "eps_avg_yearly": 0.56,
            "eps_latest_yearly": 0.56,
            "eps_growth_yearly": 1466.67
        },
        "20153": {
            "year_quarter": 20153,
            "year": 2015,
            "quarter": 3,
            "eps": 0.04,
            "eps_growth_year": null,
            "eps_4q": -0.16,
            "eps_4q_growth_year": null,
            "roe": 0.3,
            "roe_4q": -1.21,
            "gross_profit": 38375,
            "gross_margin": 12.45,
            "gross_margin_4q_avg": 11.95,
            "net_income": 3008,
            "net_income_4q": null,
            "revenue": 308296,
            "revenue_4q": null,
            "common_shares": 771346,
            "book_valuer_per_share": 13.61,
            "book_valuer_per_share_4q_avg": 13.39,
            "equity": 1016103,
            "current_ratio": 219.45,
            "debt_ratio": 32.18,
            "inventory_turnover_ratio": 1.09,
            "account_receivable_turnover_ratio": 0.68,
            "reinvestment_rate": null,
            "research_to_sale_ratio": 2.27,
            "price_fair": 19.6,
            "eps_avg_yearly": 0.56,
            "eps_latest_yearly": 0.56,
            "eps_growth_yearly": 1466.67
        },
        "20154": {
            "year_quarter": 20154,
            "year": 2015,
            "quarter": 4,
            "eps": 0.24,
            "eps_growth_year": null,
            "eps_4q": 0.16,
            "eps_4q_growth_year": 1423.82,
            "roe": 1.79,
            "roe_4q": 1.1800000000000002,
            "gross_profit": 68358,
            "gross_margin": 16.21,
            "gross_margin_4q_avg": 13.28,
            "net_income": 18223,
            "net_income_4q": null,
            "revenue": 421728,
            "revenue_4q": null,
            "common_shares": 771346,
            "book_valuer_per_share": 13.61,
            "book_valuer_per_share_4q_avg": 13.42,
            "equity": 1015754,
            "current_ratio": 207.34,
            "debt_ratio": 34.61,
            "inventory_turnover_ratio": 1.48,
            "account_receivable_turnover_ratio": 0.82,
            "reinvestment_rate": null,
            "research_to_sale_ratio": 1.61,
            "price_fair": 26.6,
            "eps_avg_yearly": 0.76,
            "eps_latest_yearly": 0.96,
            "eps_growth_yearly": 1733.33
        },
        "20161": {
            "year_quarter": 20161,
            "year": 2016,
            "quarter": 1,
            "eps": 0.02,
            "eps_growth_year": null,
            "eps_4q": 0.29,
            "eps_4q_growth_year": null,
            "roe": 0.11,
            "roe_4q": 2.1300000000000003,
            "gross_profit": 52285,
            "gross_margin": 15.76,
            "gross_margin_4q_avg": 14.59,
            "net_income": 1127,
            "net_income_4q": null,
            "revenue": 331677,
            "revenue_4q": null,
            "common_shares": 771346,
            "book_valuer_per_share": 13.42,
            "book_valuer_per_share_4q_avg": 13.45,
            "equity": 1001624,
            "current_ratio": 199.61,
            "debt_ratio": 36.6,
            "inventory_turnover_ratio": 1.11,
            "account_receivable_turnover_ratio": 0.64,
            "reinvestment_rate": null,
            "research_to_sale_ratio": 1.84,
            "price_fair": 18.67,
            "eps_avg_yearly": 0.53,
            "eps_latest_yearly": 0.08,
            "eps_growth_yearly": 1033.33
        },
        "20162": {
            "year_quarter": 20162,
            "year": 2016,
            "quarter": 2,
            "eps": -0.03,
            "eps_growth_year": null,
            "eps_4q": 0.27,
            "eps_4q_growth_year": null,
            "roe": -0.23,
            "roe_4q": 1.97,
            "gross_profit": 38065,
            "gross_margin": 14.1,
            "gross_margin_4q_avg": 14.63,
            "net_income": -2225,
            "net_income_4q": null,
            "revenue": 269931,
            "revenue_4q": null,
            "common_shares": 771346,
            "book_valuer_per_share": 12.98,
            "book_valuer_per_share_4q_avg": 13.41,
            "equity": 968968,
            "current_ratio": 204.92,
            "debt_ratio": 34.16,
            "inventory_turnover_ratio": 0.89,
            "account_receivable_turnover_ratio": 0.65,
            "reinvestment_rate": null,
            "research_to_sale_ratio": 2.76,
            "price_fair": 18.67,
            "eps_avg_yearly": 0.53,
            "eps_latest_yearly": 0.08,
            "eps_growth_yearly": 1033.33
        },
        "20163": {
            "year_quarter": 20163,
            "year": 2016,
            "quarter": 3,
            "eps": 0.13,
            "eps_growth_year": 225,
            "eps_4q": 0.36,
            "eps_4q_growth_year": null,
            "roe": 1.02,
            "roe_4q": 2.69,
            "gross_profit": 70271,
            "gross_margin": 18.45,
            "gross_margin_4q_avg": 16.13,
            "net_income": 9816,
            "net_income_4q": null,
            "revenue": 380903,
            "revenue_4q": null,
            "common_shares": 771346,
            "book_valuer_per_share": 12.8,
            "book_valuer_per_share_4q_avg": 13.2,
            "equity": 955036,
            "current_ratio": 194.19,
            "debt_ratio": 36.59,
            "inventory_turnover_ratio": 1.28,
            "account_receivable_turnover_ratio": 0.9,
            "reinvestment_rate": null,
            "research_to_sale_ratio": 1.87,
            "price_fair": 18.67,
            "eps_avg_yearly": 0.53,
            "eps_latest_yearly": 0.08,
            "eps_growth_yearly": 1033.33
        },
        "20164": {
            "year_quarter": 20164,
            "year": 2016,
            "quarter": 4,
            "eps": 0.44,
            "eps_growth_year": 82.06,
            "eps_4q": 0.56,
            "eps_4q_growth_year": 247.13,
            "roe": 3.43,
            "roe_4q": 4.33,
            "gross_profit": 77016,
            "gross_margin": 17.7,
            "gross_margin_4q_avg": 16.5,
            "net_income": 33177,
            "net_income_4q": null,
            "revenue": 435050,
            "revenue_4q": null,
            "common_shares": 771346,
            "book_valuer_per_share": 13.12,
            "book_valuer_per_share_4q_avg": 13.08,
            "equity": 979360,
            "current_ratio": 198.4,
            "debt_ratio": 36.67,
            "inventory_turnover_ratio": 1.39,
            "account_receivable_turnover_ratio": 0.83,
            "reinvestment_rate": null,
            "research_to_sale_ratio": 1.6,
            "price_fair": 29.4,
            "eps_avg_yearly": 0.84,
            "eps_latest_yearly": 1.76,
            "eps_growth_yearly": 1013.46
        },
        "20171": {
            "year_quarter": 20171,
            "year": 2017,
            "quarter": 1,
            "eps": -0.26,
            "eps_growth_year": -1400,
            "eps_4q": 0.29,
            "eps_4q_growth_year": -1.04,
            "roe": -2.04,
            "roe_4q": 2.18,
            "gross_profit": 41478,
            "gross_margin": 14.19,
            "gross_margin_4q_avg": 16.11,
            "net_income": -19360,
            "net_income_4q": null,
            "revenue": 292338,
            "revenue_4q": null,
            "common_shares": 771346,
            "book_valuer_per_share": 12.37,
            "book_valuer_per_share_4q_avg": 12.82,
            "equity": 923244,
            "current_ratio": 192.17,
            "debt_ratio": 38.04,
            "inventory_turnover_ratio": 0.91,
            "account_receivable_turnover_ratio": 0.56,
            "reinvestment_rate": null,
            "research_to_sale_ratio": 2.14,
            "price_fair": 29.4,
            "eps_avg_yearly": 0.84,
            "eps_latest_yearly": 1.76,
            "eps_growth_yearly": 1013.46
        },
        "20172": {
            "year_quarter": 20172,
            "year": 2017,
            "quarter": 2,
            "eps": -0.41,
            "eps_growth_year": null,
            "eps_4q": -0.09,
            "eps_4q_growth_year": -134.76,
            "roe": -3.42,
            "roe_4q": -1.0099999999999998,
            "gross_profit": 10539,
            "gross_margin": 4.89,
            "gross_margin_4q_avg": 13.81,
            "net_income": -30631,
            "net_income_4q": null,
            "revenue": 215481,
            "revenue_4q": null,
            "common_shares": 771346,
            "book_valuer_per_share": 11.63,
            "book_valuer_per_share_4q_avg": 12.48,
            "equity": 868178,
            "current_ratio": 182.3,
            "debt_ratio": 38.97,
            "inventory_turnover_ratio": 0.72,
            "account_receivable_turnover_ratio": 0.54,
            "reinvestment_rate": null,
            "research_to_sale_ratio": 3.66,
            "price_fair": 29.4,
            "eps_avg_yearly": 0.84,
            "eps_latest_yearly": 1.76,
            "eps_growth_yearly": 1013.46
        },
        "20173": {
            "year_quarter": 20173,
            "year": 2017,
            "quarter": 3,
            "eps": -0.14,
            "eps_growth_year": -207.69,
            "eps_4q": -0.36,
            "eps_4q_growth_year": -200.28,
            "roe": -1.18,
            "roe_4q": -3.2099999999999995,
            "gross_profit": 38304,
            "gross_margin": 10.71,
            "gross_margin_4q_avg": 11.87,
            "net_income": -10203,
            "net_income_4q": null,
            "revenue": 357793,
            "revenue_4q": null,
            "common_shares": 771346,
            "book_valuer_per_share": 11.64,
            "book_valuer_per_share_4q_avg": 12.19,
            "equity": 868476,
            "current_ratio": 199.68,
            "debt_ratio": 41.13,
            "inventory_turnover_ratio": 1.12,
            "account_receivable_turnover_ratio": 0.89,
            "reinvestment_rate": null,
            "research_to_sale_ratio": 2.04,
            "price_fair": 29.4,
            "eps_avg_yearly": 0.84,
            "eps_latest_yearly": 1.76,
            "eps_growth_yearly": 1013.46
        },
        "20174": {
            "year_quarter": 20174,
            "year": 2017,
            "quarter": 4,
            "eps": -0.25,
            "eps_growth_year": -156.72,
            "eps_4q": -1.06,
            "eps_4q_growth_year": -288.6,
            "roe": -2.19,
            "roe_4q": -8.83,
            "gross_profit": 35777,
            "gross_margin": 10.26,
            "gross_margin_4q_avg": 10.01,
            "net_income": -18818,
            "net_income_4q": null,
            "revenue": 348746,
            "revenue_4q": null,
            "common_shares": 746346,
            "book_valuer_per_share": 11.43,
            "book_valuer_per_share_4q_avg": 11.77,
            "equity": 853166,
            "current_ratio": 188.72,
            "debt_ratio": 43.04,
            "inventory_turnover_ratio": 1.15,
            "account_receivable_turnover_ratio": 0.71,
            "reinvestment_rate": null,
            "research_to_sale_ratio": 2,
            "price_fair": 29.4,
            "eps_avg_yearly": 0.84,
            "eps_latest_yearly": 1.76,
            "eps_growth_yearly": 1013.46
        },
        "20181": {
            "year_quarter": 20181,
            "year": 2018,
            "quarter": 1,
            "eps": -0.54,
            "eps_growth_year": null,
            "eps_4q": -1.34,
            "eps_4q_growth_year": -567.22,
            "roe": -4.82,
            "roe_4q": -11.61,
            "gross_profit": 22872,
            "gross_margin": 7.88,
            "gross_margin_4q_avg": 8.44,
            "net_income": -40370,
            "net_income_4q": null,
            "revenue": 290179,
            "revenue_4q": null,
            "common_shares": 746346,
            "book_valuer_per_share": 11.03,
            "book_valuer_per_share_4q_avg": 11.43,
            "equity": 822892,
            "current_ratio": 176.55,
            "debt_ratio": 45.43,
            "inventory_turnover_ratio": 1.03,
            "account_receivable_turnover_ratio": 0.62,
            "reinvestment_rate": null,
            "research_to_sale_ratio": 2.42,
            "price_fair": 29.4,
            "eps_avg_yearly": 0.84,
            "eps_latest_yearly": 1.76,
            "eps_growth_yearly": 1013.46
        },
        "20182": {
            "year_quarter": 20182,
            "year": 2018,
            "quarter": 2,
            "eps": -0.2,
            "eps_growth_year": null,
            "eps_4q": -1.13,
            "eps_4q_growth_year": null,
            "roe": -1.82,
            "roe_4q": -10.01,
            "gross_profit": 21519,
            "gross_margin": 6.49,
            "gross_margin_4q_avg": 8.84,
            "net_income": -14786,
            "net_income_4q": null,
            "revenue": 331496,
            "revenue_4q": null,
            "common_shares": 746346,
            "book_valuer_per_share": 10.75,
            "book_valuer_per_share_4q_avg": 11.21,
            "equity": 802664,
            "current_ratio": 168.31,
            "debt_ratio": 47.11,
            "inventory_turnover_ratio": 1.08,
            "account_receivable_turnover_ratio": 0.77,
            "reinvestment_rate": null,
            "research_to_sale_ratio": 2.5,
            "price_fair": 32.67,
            "eps_avg_yearly": 0.93,
            "eps_latest_yearly": 1.76,
            "eps_growth_yearly": 862.39
        },
        "20183": {
            "year_quarter": 20183,
            "year": 2018,
            "quarter": 3,
            "eps": 0.28,
            "eps_growth_year": null,
            "eps_4q": -0.71,
            "eps_4q_growth_year": null,
            "roe": 2.65,
            "roe_4q": -6.18,
            "gross_profit": 70826,
            "gross_margin": 15.96,
            "gross_margin_4q_avg": 10.15,
            "net_income": 21259,
            "net_income_4q": null,
            "revenue": 443685,
            "revenue_4q": null,
            "common_shares": 746346,
            "book_valuer_per_share": 10.72,
            "book_valuer_per_share_4q_avg": 10.98,
            "equity": 800127,
            "current_ratio": 168.43,
            "debt_ratio": 47.93,
            "inventory_turnover_ratio": 1.26,
            "account_receivable_turnover_ratio": 0.86,
            "reinvestment_rate": null,
            "research_to_sale_ratio": 1.53,
            "price_fair": 32.67,
            "eps_avg_yearly": 0.93,
            "eps_latest_yearly": 1.76,
            "eps_growth_yearly": 862.39
        },
        "20184": {
            "year_quarter": 20184,
            "year": 2018,
            "quarter": 4,
            "eps": 0.13,
            "eps_growth_year": null,
            "eps_4q": -0.33,
            "eps_4q_growth_year": null,
            "roe": 1.19,
            "roe_4q": -2.8000000000000007,
            "gross_profit": 62580,
            "gross_margin": 13.17,
            "gross_margin_4q_avg": 10.88,
            "net_income": 9584,
            "net_income_4q": null,
            "revenue": 475085,
            "revenue_4q": null,
            "common_shares": 746346,
            "book_valuer_per_share": 10.92,
            "book_valuer_per_share_4q_avg": 10.86,
            "equity": 814658,
            "current_ratio": 164.62,
            "debt_ratio": 49.41,
            "inventory_turnover_ratio": 1.4,
            "account_receivable_turnover_ratio": 0.75,
            "reinvestment_rate": null,
            "research_to_sale_ratio": 1.37,
            "price_fair": 29.05,
            "eps_avg_yearly": 0.83,
            "eps_latest_yearly": 0.52,
            "eps_growth_yearly": 593.22
        },
        "20191": {
            "year_quarter": 20191,
            "year": 2019,
            "quarter": 1,
            "eps": 0.01,
            "eps_growth_year": null,
            "eps_4q": 0.23,
            "eps_4q_growth_year": null,
            "roe": 0.09,
            "roe_4q": 2.1099999999999994,
            "gross_profit": 66855,
            "gross_margin": 16.06,
            "gross_margin_4q_avg": 12.92,
            "net_income": 770,
            "net_income_4q": null,
            "revenue": 416375,
            "revenue_4q": null,
            "common_shares": 746346,
            "book_valuer_per_share": 11.14,
            "book_valuer_per_share_4q_avg": 10.88,
            "equity": 831519,
            "current_ratio": 172.03,
            "debt_ratio": 47.21,
            "inventory_turnover_ratio": 1.19,
            "account_receivable_turnover_ratio": 0.62,
            "reinvestment_rate": null,
            "research_to_sale_ratio": 1.34,
            "price_fair": 23.52,
            "eps_avg_yearly": 0.67,
            "eps_latest_yearly": 0.04,
            "eps_growth_yearly": 400.73
        },
        "20192": {
            "year_quarter": 20192,
            "year": 2019,
            "quarter": 2,
            "eps": 0.12,
            "eps_growth_year": null,
            "eps_4q": 0.55,
            "eps_4q_growth_year": null,
            "roe": 1.1,
            "roe_4q": 5.029999999999999,
            "gross_profit": 49360,
            "gross_margin": 13.55,
            "gross_margin_4q_avg": 14.69,
            "net_income": 9151,
            "net_income_4q": null,
            "revenue": 364362,
            "revenue_4q": null,
            "common_shares": 746346,
            "book_valuer_per_share": 11.14,
            "book_valuer_per_share_4q_avg": 10.98,
            "equity": 831575,
            "current_ratio": 177.87,
            "debt_ratio": 45.64,
            "inventory_turnover_ratio": 1.19,
            "account_receivable_turnover_ratio": 0.6,
            "reinvestment_rate": null,
            "research_to_sale_ratio": 1.94,
            "price_fair": 22.4,
            "eps_avg_yearly": 0.64,
            "eps_latest_yearly": 0.48,
            "eps_growth_yearly": 1067.28
        },
        "20193": {
            "year_quarter": 20193,
            "year": 2019,
            "quarter": 3,
            "eps": 0.48,
            "eps_growth_year": 71.43,
            "eps_4q": 0.74,
            "eps_4q_growth_year": null,
            "roe": 4.26,
            "roe_4q": 6.639999999999999,
            "gross_profit": 71106,
            "gross_margin": 16.55,
            "gross_margin_4q_avg": 14.83,
            "net_income": 35679,
            "net_income_4q": null,
            "revenue": 429674,
            "revenue_4q": null,
            "common_shares": 746346,
            "book_valuer_per_share": 11.3,
            "book_valuer_per_share_4q_avg": 11.13,
            "equity": 843406,
            "current_ratio": 181.79,
            "debt_ratio": 44.27,
            "inventory_turnover_ratio": 1.49,
            "account_receivable_turnover_ratio": 0.79,
            "reinvestment_rate": -3386.25,
            "research_to_sale_ratio": 1.58,
            "price_fair": 28.8,
            "eps_avg_yearly": 0.82,
            "eps_latest_yearly": 1.92,
            "eps_growth_yearly": 1086.24
        },
        "20194": {
            "year_quarter": 20194,
            "year": 2019,
            "quarter": 4,
            "eps": 0.25,
            "eps_growth_year": 97.07,
            "eps_4q": 0.86,
            "eps_4q_growth_year": null,
            "roe": 2.22,
            "roe_4q": 7.67,
            "gross_profit": 77775,
            "gross_margin": 16.36,
            "gross_margin_4q_avg": 15.63,
            "net_income": 18887,
            "net_income_4q": null,
            "revenue": 475374,
            "revenue_4q": null,
            "common_shares": 746346,
            "book_valuer_per_share": 11.48,
            "book_valuer_per_share_4q_avg": 11.27,
            "equity": 856449,
            "current_ratio": 179.98,
            "debt_ratio": 45.67,
            "inventory_turnover_ratio": 1.73,
            "account_receivable_turnover_ratio": 0.79,
            "reinvestment_rate": -3637.19,
            "research_to_sale_ratio": 1.44,
            "price_fair": 29,
            "eps_avg_yearly": 0.83,
            "eps_latest_yearly": 1,
            "eps_growth_yearly": 773.14
        },
        "20201": {
            "year_quarter": 20201,
            "year": 2020,
            "quarter": 1,
            "eps": 0.22,
            "eps_growth_year": 2100,
            "eps_4q": 1.07,
            "eps_4q_growth_year": 374.55,
            "roe": 1.88,
            "roe_4q": 9.459999999999999,
            "gross_profit": 58846,
            "gross_margin": 17.91,
            "gross_margin_4q_avg": 16.09,
            "net_income": 16135,
            "net_income_4q": null,
            "revenue": 328477,
            "revenue_4q": null,
            "common_shares": 746346,
            "book_valuer_per_share": 11.58,
            "book_valuer_per_share_4q_avg": 11.38,
            "equity": 864226,
            "current_ratio": 177.42,
            "debt_ratio": 46.52,
            "inventory_turnover_ratio": 1.12,
            "account_receivable_turnover_ratio": 0.51,
            "reinvestment_rate": -514.49,
            "research_to_sale_ratio": 1.65,
            "price_fair": 33,
            "eps_avg_yearly": 0.94,
            "eps_latest_yearly": 0.88,
            "eps_growth_yearly": 818.67
        },
        "20202": {
            "year_quarter": 20202,
            "year": 2020,
            "quarter": 2,
            "eps": 0.84,
            "eps_growth_year": 600,
            "eps_4q": 1.79,
            "eps_4q_growth_year": 226.85,
            "roe": 7.24,
            "roe_4q": 15.600000000000001,
            "gross_profit": 146200,
            "gross_margin": 22.63,
            "gross_margin_4q_avg": 18.36,
            "net_income": 62538,
            "net_income_4q": null,
            "revenue": 646067,
            "revenue_4q": null,
            "common_shares": 746346,
            "book_valuer_per_share": 11.57,
            "book_valuer_per_share_4q_avg": 11.48,
            "equity": 863756,
            "current_ratio": 161.13,
            "debt_ratio": 51.84,
            "inventory_turnover_ratio": 1.97,
            "account_receivable_turnover_ratio": 0.9,
            "reinvestment_rate": -111.14,
            "research_to_sale_ratio": 1.09,
            "price_fair": 43.58,
            "eps_avg_yearly": 1.25,
            "eps_latest_yearly": 3.36,
            "eps_growth_yearly": 857.24
        },
        "20203": {
            "year_quarter": 20203,
            "year": 2020,
            "quarter": 3,
            "eps": 1.05,
            "eps_growth_year": 118.75,
            "eps_4q": 2.35,
            "eps_4q_growth_year": 218.33,
            "roe": 8.59,
            "roe_4q": 19.93,
            "gross_profit": 186975,
            "gross_margin": 23.95,
            "gross_margin_4q_avg": 20.21,
            "net_income": 78108,
            "net_income_4q": null,
            "revenue": 780813,
            "revenue_4q": null,
            "common_shares": 746346,
            "book_valuer_per_share": 12.79,
            "book_valuer_per_share_4q_avg": 11.86,
            "equity": 954403,
            "current_ratio": 156.87,
            "debt_ratio": 55.47,
            "inventory_turnover_ratio": 2.16,
            "account_receivable_turnover_ratio": 0.78,
            "reinvestment_rate": -54.54,
            "research_to_sale_ratio": 0.88,
            "price_fair": 55.07,
            "eps_avg_yearly": 1.57,
            "eps_latest_yearly": 4.2,
            "eps_growth_yearly": 773.1
        },
        "20204": {
            "year_quarter": 20204,
            "year": 2020,
            "quarter": 4,
            "eps": -0.02,
            "eps_growth_year": -109.67,
            "eps_4q": 1.83,
            "eps_4q_growth_year": 111.56,
            "roe": -0.19,
            "roe_4q": 17.52,
            "gross_profit": 85619,
            "gross_margin": 19.17,
            "gross_margin_4q_avg": 20.92,
            "net_income": -2071,
            "net_income_4q": null,
            "revenue": 446526,
            "revenue_4q": null,
            "common_shares": 846346,
            "book_valuer_per_share": 14.4,
            "book_valuer_per_share_4q_avg": 12.59,
            "equity": 1218640,
            "current_ratio": 221.05,
            "debt_ratio": 38.98,
            "inventory_turnover_ratio": 1.25,
            "account_receivable_turnover_ratio": 0.43,
            "reinvestment_rate": -67.6,
            "research_to_sale_ratio": 1.42,
            "price_fair": 54.25,
            "eps_avg_yearly": 1.55,
            "eps_latest_yearly": 4.2,
            "eps_growth_yearly": 750.51
        },
        "20211": {
            "year_quarter": 20211,
            "year": 2021,
            "quarter": 1,
            "eps": 0.02,
            "eps_growth_year": -90.91,
            "eps_4q": 1.65,
            "eps_4q_growth_year": 54.57,
            "roe": 0.11,
            "roe_4q": 15.75,
            "gross_profit": 50371,
            "gross_margin": 12.22,
            "gross_margin_4q_avg": 19.49,
            "net_income": 1386,
            "net_income_4q": null,
            "revenue": 412260,
            "revenue_4q": null,
            "common_shares": 846346,
            "book_valuer_per_share": 14.4,
            "book_valuer_per_share_4q_avg": 13.29,
            "equity": 1218798,
            "current_ratio": 301.77,
            "debt_ratio": 32.7,
            "inventory_turnover_ratio": 1.23,
            "account_receivable_turnover_ratio": 0.53,
            "reinvestment_rate": -45.32,
            "research_to_sale_ratio": 1.59,
            "price_fair": 54.25,
            "eps_avg_yearly": 1.55,
            "eps_latest_yearly": 4.2,
            "eps_growth_yearly": 750.51
        },
        "20212": {
            "year_quarter": 20212,
            "year": 2021,
            "quarter": 2,
            "eps": -0.2,
            "eps_growth_year": -123.81,
            "eps_4q": 0.72,
            "eps_4q_growth_year": -59.88,
            "roe": -1.53,
            "roe_4q": 6.98,
            "gross_profit": 40493,
            "gross_margin": 11.78,
            "gross_margin_4q_avg": 16.78,
            "net_income": -16809,
            "net_income_4q": null,
            "revenue": 343818,
            "revenue_4q": null,
            "common_shares": 846346,
            "book_valuer_per_share": 11.63,
            "book_valuer_per_share_4q_avg": 13.31,
            "equity": 984470,
            "current_ratio": 195.75,
            "debt_ratio": 47.3,
            "inventory_turnover_ratio": 0.87,
            "account_receivable_turnover_ratio": 0.51,
            "reinvestment_rate": -51.36,
            "research_to_sale_ratio": 1.87,
            "price_fair": 54.25,
            "eps_avg_yearly": 1.55,
            "eps_latest_yearly": 4.2,
            "eps_growth_yearly": 750.51
        },
        "20213": {
            "year_quarter": 20213,
            "year": 2021,
            "quarter": 3,
            "eps": -0.22,
            "eps_growth_year": -120.95,
            "eps_4q": -0.42,
            "eps_4q_growth_year": -117.94,
            "roe": -1.83,
            "roe_4q": -3.4400000000000004,
            "gross_profit": 19474,
            "gross_margin": 5.13,
            "gross_margin_4q_avg": 12.08,
            "net_income": -18523,
            "net_income_4q": null,
            "revenue": 379894,
            "revenue_4q": null,
            "common_shares": 846346,
            "book_valuer_per_share": 11.39,
            "book_valuer_per_share_4q_avg": 12.96,
            "equity": 1044237,
            "current_ratio": 201.52,
            "debt_ratio": 45.89,
            "inventory_turnover_ratio": 0.97,
            "account_receivable_turnover_ratio": 0.59,
            "reinvestment_rate": -56.31,
            "research_to_sale_ratio": 1.29,
            "price_fair": 54.25,
            "eps_avg_yearly": 1.55,
            "eps_latest_yearly": 4.2,
            "eps_growth_yearly": 750.51
        },
        "20214": {
            "year_quarter": 20214,
            "year": 2021,
            "quarter": 4,
            "eps": -0.3,
            "eps_growth_year": null,
            "eps_4q": -0.7,
            "eps_4q_growth_year": -138.34,
            "roe": -2.52,
            "roe_4q": -5.77,
            "gross_profit": 17571,
            "gross_margin": 4.5,
            "gross_margin_4q_avg": 8.41,
            "net_income": -26074,
            "net_income_4q": null,
            "revenue": 390127,
            "revenue_4q": null,
            "common_shares": 846346,
            "book_valuer_per_share": 11.15,
            "book_valuer_per_share_4q_avg": 12.14,
            "equity": 1024275,
            "current_ratio": 185.83,
            "debt_ratio": 45.52,
            "inventory_turnover_ratio": 1.12,
            "account_receivable_turnover_ratio": 0.63,
            "reinvestment_rate": 24.4,
            "research_to_sale_ratio": 1.76,
            "price_fair": 54.25,
            "eps_avg_yearly": 1.55,
            "eps_latest_yearly": 4.2,
            "eps_growth_yearly": 750.51
        },
        "20221": {
            "year_quarter": 20221,
            "year": 2022,
            "quarter": 1,
            "eps": -0.43,
            "eps_growth_year": -2250,
            "eps_4q": -1.15,
            "eps_4q_growth_year": -169.25,
            "roe": -3.81,
            "roe_4q": -9.69,
            "gross_profit": 1479,
            "gross_margin": 0.57,
            "gross_margin_4q_avg": 5.5,
            "net_income": -38863,
            "net_income_4q": null,
            "revenue": 258385,
            "revenue_4q": null,
            "common_shares": 846346,
            "book_valuer_per_share": 11.08,
            "book_valuer_per_share_4q_avg": 11.31,
            "equity": 1018270,
            "current_ratio": 191.27,
            "debt_ratio": 46.23,
            "inventory_turnover_ratio": 0.75,
            "account_receivable_turnover_ratio": 0.47,
            "reinvestment_rate": 35.9,
            "research_to_sale_ratio": 2.23,
            "price_fair": 54.25,
            "eps_avg_yearly": 1.55,
            "eps_latest_yearly": 4.2,
            "eps_growth_yearly": 750.51
        },
        "20222": {
            "year_quarter": 20222,
            "year": 2022,
            "quarter": 2,
            "eps": -0.02,
            "eps_growth_year": null,
            "eps_4q": -0.96,
            "eps_4q_growth_year": -234.53,
            "roe": -0.39,
            "roe_4q": -8.55,
            "gross_profit": 16635,
            "gross_margin": 5.56,
            "gross_margin_4q_avg": 3.94,
            "net_income": -3956,
            "net_income_4q": null,
            "revenue": 299352,
            "revenue_4q": null,
            "common_shares": 846346,
            "book_valuer_per_share": 10.91,
            "book_valuer_per_share_4q_avg": 11.13,
            "equity": 999738,
            "current_ratio": 205.41,
            "debt_ratio": 45.35,
            "inventory_turnover_ratio": 0.86,
            "account_receivable_turnover_ratio": 0.68,
            "reinvestment_rate": 29.09,
            "research_to_sale_ratio": 2.01,
            "price_fair": 54.25,
            "eps_avg_yearly": 1.55,
            "eps_latest_yearly": 4.2,
            "eps_growth_yearly": 750.51
        },
        "20223": {
            "year_quarter": 20223,
            "year": 2022,
            "quarter": 3,
            "eps": -0.14,
            "eps_growth_year": null,
            "eps_4q": -0.89,
            "eps_4q_growth_year": null,
            "roe": -1.67,
            "roe_4q": -8.39,
            "gross_profit": -3630,
            "gross_margin": -1.72,
            "gross_margin_4q_avg": 2.23,
            "net_income": -16585,
            "net_income_4q": null,
            "revenue": 211289,
            "revenue_4q": null,
            "common_shares": 846346,
            "book_valuer_per_share": 10.83,
            "book_valuer_per_share_4q_avg": 10.99,
            "equity": 988531,
            "current_ratio": 208.55,
            "debt_ratio": 45.03,
            "inventory_turnover_ratio": 0.74,
            "account_receivable_turnover_ratio": 0.5,
            "reinvestment_rate": 129.65,
            "research_to_sale_ratio": 2.68,
            "price_fair": 54.25,
            "eps_avg_yearly": 1.55,
            "eps_latest_yearly": 4.2,
            "eps_growth_yearly": 750.51
        },
        "20224": {
            "year_quarter": 20224,
            "year": 2022,
            "quarter": 4,
            "eps": -0.32,
            "eps_growth_year": null,
            "eps_4q": -0.9,
            "eps_4q_growth_year": null,
            "roe": -3.33,
            "roe_4q": -9.2,
            "gross_profit": 24833,
            "gross_margin": 8.36,
            "gross_margin_4q_avg": 3.19,
            "net_income": -32391,
            "net_income_4q": null,
            "revenue": 296969,
            "revenue_4q": null,
            "common_shares": 846346,
            "book_valuer_per_share": 10.45,
            "book_valuer_per_share_4q_avg": 10.82,
            "equity": 954786,
            "current_ratio": 195.01,
            "debt_ratio": 46.65,
            "inventory_turnover_ratio": 0.96,
            "account_receivable_turnover_ratio": 0.72,
            "reinvestment_rate": 177.12,
            "research_to_sale_ratio": 1.87,
            "price_fair": 59.4,
            "eps_avg_yearly": 1.7,
            "eps_latest_yearly": 4.2,
            "eps_growth_yearly": 888.34
        },
        "20231": {
            "year_quarter": 20231,
            "year": 2023,
            "quarter": 1,
            "eps": -0.28,
            "eps_growth_year": null,
            "eps_4q": -0.76,
            "eps_4q_growth_year": null,
            "roe": -3.32,
            "roe_4q": -8.71,
            "gross_profit": 23921,
            "gross_margin": 7.6,
            "gross_margin_4q_avg": 4.95,
            "net_income": -31265,
            "net_income_4q": null,
            "revenue": 314663,
            "revenue_4q": null,
            "common_shares": 846346,
            "book_valuer_per_share": 10.2,
            "book_valuer_per_share_4q_avg": 10.6,
            "equity": 926526,
            "current_ratio": 173.69,
            "debt_ratio": 51.18,
            "inventory_turnover_ratio": 1,
            "account_receivable_turnover_ratio": 0.72,
            "reinvestment_rate": 243.08,
            "research_to_sale_ratio": 1.68,
            "price_fair": 69.07,
            "eps_avg_yearly": 1.97,
            "eps_latest_yearly": 4.2,
            "eps_growth_yearly": 1097.93
        },
        "20232": {
            "year_quarter": 20232,
            "year": 2023,
            "quarter": 2,
            "eps": 0.63,
            "eps_growth_year": null,
            "eps_4q": -0.11,
            "eps_4q_growth_year": null,
            "roe": 5.49,
            "roe_4q": -2.8299999999999996,
            "gross_profit": 79885,
            "gross_margin": 15.07,
            "gross_margin_4q_avg": 7.33,
            "net_income": 53562,
            "net_income_4q": null,
            "revenue": 529998,
            "revenue_4q": null,
            "common_shares": 846346,
            "book_valuer_per_share": 11.35,
            "book_valuer_per_share_4q_avg": 10.71,
            "equity": 1023048,
            "current_ratio": 170.81,
            "debt_ratio": 55.8,
            "inventory_turnover_ratio": 1.48,
            "account_receivable_turnover_ratio": 0.88,
            "reinvestment_rate": 130.91,
            "research_to_sale_ratio": 1.06,
            "price_fair": 79.52,
            "eps_avg_yearly": 2.27,
            "eps_latest_yearly": 4.2,
            "eps_growth_yearly": 437.52
        },
        "20233": {
            "year_quarter": 20233,
            "year": 2023,
            "quarter": 3,
            "eps": -0.3,
            "eps_growth_year": null,
            "eps_4q": -0.27,
            "eps_4q_growth_year": null,
            "roe": -3.1,
            "roe_4q": -4.26,
            "gross_profit": 15424,
            "gross_margin": 3.69,
            "gross_margin_4q_avg": 8.68,
            "net_income": -31568,
            "net_income_4q": null,
            "revenue": 418527,
            "revenue_4q": null,
            "common_shares": 846512,
            "book_valuer_per_share": 11.34,
            "book_valuer_per_share_4q_avg": 10.84,
            "equity": 1016532,
            "current_ratio": 185.55,
            "debt_ratio": 51.92,
            "inventory_turnover_ratio": 1.45,
            "account_receivable_turnover_ratio": 0.6,
            "reinvestment_rate": 294.09,
            "research_to_sale_ratio": 2.28,
            "price_fair": 82.6,
            "eps_avg_yearly": 2.36,
            "eps_latest_yearly": 4.2,
            "eps_growth_yearly": 246.9
        }
    },
    "months": {
        "2004-06": {
            "month": "2004-06",
            "price": "41.52",
            "revenue": 100118
        },
        "2004-07": {
            "month": "2004-07",
            "price": "44.79",
            "revenue": 111778
        },
        "2004-08": {
            "month": "2004-08",
            "price": "38.09",
            "revenue": 128036
        },
        "2004-09": {
            "month": "2004-09",
            "price": "29.70",
            "revenue": 179361
        },
        "2004-10": {
            "month": "2004-10",
            "price": "30.62",
            "revenue": 206501
        },
        "2004-12": {
            "month": "2004-12",
            "price": "26.33",
            "revenue": 170581
        },
        "2005-01": {
            "month": "2005-01",
            "price": "25.24",
            "revenue": 136584
        },
        "2005-02": {
            "month": "2005-02",
            "price": "25.92",
            "revenue": 110604
        },
        "2005-03": {
            "month": "2005-03",
            "price": "27.90",
            "revenue": 159992
        },
        "2005-04": {
            "month": "2005-04",
            "price": "30.89",
            "revenue": 140715
        },
        "2005-05": {
            "month": "2005-05",
            "price": "31.10",
            "revenue": 145399
        },
        "2005-06": {
            "month": "2005-06",
            "price": "33.34",
            "revenue": 142178
        },
        "2005-07": {
            "month": "2005-07",
            "price": "39.93",
            "revenue": 156896
        },
        "2005-08": {
            "month": "2005-08",
            "price": "41.87",
            "revenue": 185817
        },
        "2005-09": {
            "month": "2005-09",
            "price": "37.86",
            "revenue": 181791
        },
        "2005-10": {
            "month": "2005-10",
            "price": "35.39",
            "revenue": 207444
        },
        "2005-11": {
            "month": "2005-11",
            "price": "36.26",
            "revenue": 205810
        },
        "2005-12": {
            "month": "2005-12",
            "price": "43.32",
            "revenue": 167511
        },
        "2006-01": {
            "month": "2006-01",
            "price": "52.92",
            "revenue": 167144
        },
        "2006-02": {
            "month": "2006-02",
            "price": "46.90",
            "revenue": 123800
        },
        "2006-03": {
            "month": "2006-03",
            "price": "46.10",
            "revenue": 140707
        },
        "2006-04": {
            "month": "2006-04",
            "price": "49.19",
            "revenue": 149112
        },
        "2006-05": {
            "month": "2006-05",
            "price": "39.79",
            "revenue": 110870
        },
        "2006-06": {
            "month": "2006-06",
            "price": "32.80",
            "revenue": 131719
        },
        "2006-07": {
            "month": "2006-07",
            "price": "36.86",
            "revenue": 121296
        },
        "2006-08": {
            "month": "2006-08",
            "price": "36.15",
            "revenue": 167565
        },
        "2006-09": {
            "month": "2006-09",
            "price": "34.01",
            "revenue": 190980
        },
        "2006-10": {
            "month": "2006-10",
            "price": "36.05",
            "revenue": 260808
        },
        "2006-11": {
            "month": "2006-11",
            "price": "40.87",
            "revenue": 268368
        },
        "2006-12": {
            "month": "2006-12",
            "price": "46.18",
            "revenue": 229909
        },
        "2007-01": {
            "month": "2007-01",
            "price": "51.88",
            "revenue": 188939
        },
        "2007-02": {
            "month": "2007-02",
            "price": "49.21",
            "revenue": 137859
        },
        "2007-03": {
            "month": "2007-03",
            "price": "49.98",
            "revenue": 172785
        },
        "2007-04": {
            "month": "2007-04",
            "price": "57.70",
            "revenue": 173426
        },
        "2007-05": {
            "month": "2007-05",
            "price": "57.02",
            "revenue": 137897
        },
        "2007-06": {
            "month": "2007-06",
            "price": "56.04",
            "revenue": 165098
        },
        "2007-07": {
            "month": "2007-07",
            "price": "65.26",
            "revenue": 186337
        },
        "2007-08": {
            "month": "2007-08",
            "price": "52.21",
            "revenue": 236722
        },
        "2007-09": {
            "month": "2007-09",
            "price": "47.88",
            "revenue": 268933
        },
        "2007-10": {
            "month": "2007-10",
            "price": "47.90",
            "revenue": 305795
        },
        "2007-11": {
            "month": "2007-11",
            "price": "43.55",
            "revenue": 305733
        },
        "2007-12": {
            "month": "2007-12",
            "price": "38.00",
            "revenue": 240858
        },
        "2008-01": {
            "month": "2008-01",
            "price": "31.46",
            "revenue": 240057
        },
        "2008-02": {
            "month": "2008-02",
            "price": "27.39",
            "revenue": 138247
        },
        "2008-03": {
            "month": "2008-03",
            "price": "31.22",
            "revenue": 168108
        },
        "2008-04": {
            "month": "2008-04",
            "price": "29.19",
            "revenue": 160592
        },
        "2008-05": {
            "month": "2008-05",
            "price": "33.34",
            "revenue": 158486
        },
        "2008-06": {
            "month": "2008-06",
            "price": "32.75",
            "revenue": 153802
        },
        "2008-07": {
            "month": "2008-07",
            "price": "28.90",
            "revenue": 155165
        },
        "2008-08": {
            "month": "2008-08",
            "price": "28.53",
            "revenue": 203003
        },
        "2008-09": {
            "month": "2008-09",
            "price": "22.18",
            "revenue": 252951
        },
        "2008-10": {
            "month": "2008-10",
            "price": "21.11",
            "revenue": 249635
        },
        "2008-11": {
            "month": "2008-11",
            "price": "16.03",
            "revenue": 181541
        },
        "2008-12": {
            "month": "2008-12",
            "price": "12.41",
            "revenue": 103318
        },
        "2009-01": {
            "month": "2009-01",
            "price": "13.79",
            "revenue": 120890
        },
        "2009-02": {
            "month": "2009-02",
            "price": "12.56",
            "revenue": 129081
        },
        "2009-03": {
            "month": "2009-03",
            "price": "14.26",
            "revenue": 178692
        },
        "2009-04": {
            "month": "2009-04",
            "price": "17.83",
            "revenue": 156380
        },
        "2009-05": {
            "month": "2009-05",
            "price": "21.26",
            "revenue": 124219
        },
        "2009-06": {
            "month": "2009-06",
            "price": "18.82",
            "revenue": 89665
        },
        "2009-07": {
            "month": "2009-07",
            "price": "19.68",
            "revenue": 127920
        },
        "2009-08": {
            "month": "2009-08",
            "price": "20.47",
            "revenue": 145729
        },
        "2009-09": {
            "month": "2009-09",
            "price": "24.81",
            "revenue": 176585
        },
        "2009-10": {
            "month": "2009-10",
            "price": "28.83",
            "revenue": 151659
        },
        "2009-11": {
            "month": "2009-11",
            "price": "31.15",
            "revenue": 125669
        },
        "2009-12": {
            "month": "2009-12",
            "price": "31.92",
            "revenue": 142118
        },
        "2010-01": {
            "month": "2010-01",
            "price": "33.68",
            "revenue": 120876
        },
        "2010-02": {
            "month": "2010-02",
            "price": "36.18",
            "revenue": 87874
        },
        "2010-03": {
            "month": "2010-03",
            "price": "40.35",
            "revenue": 163717
        },
        "2010-04": {
            "month": "2010-04",
            "price": "41.38",
            "revenue": 129322
        },
        "2010-05": {
            "month": "2010-05",
            "price": "38.23",
            "revenue": 93925
        },
        "2010-06": {
            "month": "2010-06",
            "price": "39.22",
            "revenue": 86039
        },
        "2010-07": {
            "month": "2010-07",
            "price": "40.07",
            "revenue": 66935
        },
        "2010-08": {
            "month": "2010-08",
            "price": "40.89",
            "revenue": 95577
        },
        "2010-09": {
            "month": "2010-09",
            "price": "37.82",
            "revenue": 91236
        },
        "2010-10": {
            "month": "2010-10",
            "price": "40.16",
            "revenue": 116424
        },
        "2010-11": {
            "month": "2010-11",
            "price": "38.82",
            "revenue": 85239
        },
        "2010-12": {
            "month": "2010-12",
            "price": "38.44",
            "revenue": 112738
        },
        "2011-01": {
            "month": "2011-01",
            "price": "38.74",
            "revenue": 94528
        },
        "2011-02": {
            "month": "2011-02",
            "price": "38.35",
            "revenue": 57907
        },
        "2011-03": {
            "month": "2011-03",
            "price": "42.47",
            "revenue": 133766
        },
        "2011-04": {
            "month": "2011-04",
            "price": "50.31",
            "revenue": 98848
        },
        "2011-05": {
            "month": "2011-05",
            "price": "47.79",
            "revenue": 117104
        },
        "2011-06": {
            "month": "2011-06",
            "price": "50.82",
            "revenue": 80113
        },
        "2011-07": {
            "month": "2011-07",
            "price": "56.60",
            "revenue": 79919
        },
        "2011-08": {
            "month": "2011-08",
            "price": "51.62",
            "revenue": 80026
        },
        "2011-09": {
            "month": "2011-09",
            "price": "26.25",
            "revenue": 71309
        },
        "2011-10": {
            "month": "2011-10",
            "price": "25.01",
            "revenue": 103236
        },
        "2011-11": {
            "month": "2011-11",
            "price": "17.92",
            "revenue": 82274
        },
        "2011-12": {
            "month": "2011-12",
            "price": "15.08",
            "revenue": 77052
        },
        "2012-01": {
            "month": "2012-01",
            "price": "13.90",
            "revenue": 57003
        },
        "2012-02": {
            "month": "2012-02",
            "price": "17.94",
            "revenue": 70966
        },
        "2012-03": {
            "month": "2012-03",
            "price": "17.46",
            "revenue": 81896
        },
        "2012-04": {
            "month": "2012-04",
            "price": "14.44",
            "revenue": 72738
        },
        "2012-05": {
            "month": "2012-05",
            "price": "13.01",
            "revenue": 64107
        },
        "2012-06": {
            "month": "2012-06",
            "price": "12.26",
            "revenue": 59491
        },
        "2012-07": {
            "month": "2012-07",
            "price": "12.55",
            "revenue": 84391
        },
        "2012-08": {
            "month": "2012-08",
            "price": "12.80",
            "revenue": 100364
        },
        "2012-09": {
            "month": "2012-09",
            "price": "14.51",
            "revenue": 128441
        },
        "2012-10": {
            "month": "2012-10",
            "price": "16.90",
            "revenue": 116411
        },
        "2012-11": {
            "month": "2012-11",
            "price": "15.15",
            "revenue": 130386
        },
        "2012-12": {
            "month": "2012-12",
            "price": "14.78",
            "revenue": 129110
        },
        "2013-01": {
            "month": "2013-01",
            "price": "15.68",
            "revenue": 116407
        },
        "2013-02": {
            "month": "2013-02",
            "price": "15.92",
            "revenue": 75814
        },
        "2013-03": {
            "month": "2013-03",
            "price": "15.10",
            "revenue": 110743
        },
        "2013-04": {
            "month": "2013-04",
            "price": "13.69",
            "revenue": 165885
        },
        "2013-05": {
            "month": "2013-05",
            "price": "14.27",
            "revenue": 113897
        },
        "2013-06": {
            "month": "2013-06",
            "price": "13.94",
            "revenue": 125347
        },
        "2013-07": {
            "month": "2013-07",
            "price": "14.38",
            "revenue": 111182
        },
        "2013-08": {
            "month": "2013-08",
            "price": "14.32",
            "revenue": 108543
        },
        "2013-09": {
            "month": "2013-09",
            "price": "13.88",
            "revenue": 158804
        },
        "2013-10": {
            "month": "2013-10",
            "price": "15.08",
            "revenue": 108812
        },
        "2013-11": {
            "month": "2013-11",
            "price": "14.49",
            "revenue": 130265
        },
        "2013-12": {
            "month": "2013-12",
            "price": "14.20",
            "revenue": 112863
        },
        "2014-01": {
            "month": "2014-01",
            "price": "14.78",
            "revenue": 103820
        },
        "2014-02": {
            "month": "2014-02",
            "price": "17.72",
            "revenue": 94802
        },
        "2014-03": {
            "month": "2014-03",
            "price": "21.13",
            "revenue": 138320
        },
        "2014-04": {
            "month": "2014-04",
            "price": "21.40",
            "revenue": 147090
        },
        "2014-05": {
            "month": "2014-05",
            "price": "21.29",
            "revenue": 134634
        },
        "2014-06": {
            "month": "2014-06",
            "price": "24.72",
            "revenue": 135486
        },
        "2014-07": {
            "month": "2014-07",
            "price": "24.60",
            "revenue": 97393
        },
        "2014-08": {
            "month": "2014-08",
            "price": "28.40",
            "revenue": 92653
        },
        "2014-09": {
            "month": "2014-09",
            "price": "32.26",
            "revenue": 112354
        },
        "2014-10": {
            "month": "2014-10",
            "price": "30.74",
            "revenue": 88226
        },
        "2014-11": {
            "month": "2014-11",
            "price": "22.90",
            "revenue": 108043
        },
        "2014-12": {
            "month": "2014-12",
            "price": "21.08",
            "revenue": 101344
        },
        "2015-01": {
            "month": "2015-01",
            "price": "21.23",
            "revenue": 117484
        },
        "2015-02": {
            "month": "2015-02",
            "price": "22.20",
            "revenue": 101650
        },
        "2015-03": {
            "month": "2015-03",
            "price": "22.93",
            "revenue": 95418
        },
        "2015-04": {
            "month": "2015-04",
            "price": "20.37",
            "revenue": 144815
        },
        "2015-05": {
            "month": "2015-05",
            "price": "16.95",
            "revenue": 83063
        },
        "2015-06": {
            "month": "2015-06",
            "price": "15.35",
            "revenue": 101787
        },
        "2015-07": {
            "month": "2015-07",
            "price": "16.79",
            "revenue": 76828
        },
        "2015-08": {
            "month": "2015-08",
            "price": "13.56",
            "revenue": 91771
        },
        "2015-09": {
            "month": "2015-09",
            "price": "11.93",
            "revenue": 137270
        },
        "2015-10": {
            "month": "2015-10",
            "price": "13.85",
            "revenue": 134500
        },
        "2015-11": {
            "month": "2015-11",
            "price": "14.85",
            "revenue": 167387
        },
        "2015-12": {
            "month": "2015-12",
            "price": "18.10",
            "revenue": 123891
        },
        "2016-01": {
            "month": "2016-01",
            "price": "15.86",
            "revenue": 122466
        },
        "2016-02": {
            "month": "2016-02",
            "price": "15.92",
            "revenue": 77359
        },
        "2016-03": {
            "month": "2016-03",
            "price": "18.20",
            "revenue": 133332
        },
        "2016-04": {
            "month": "2016-04",
            "price": "17.32",
            "revenue": 99145
        },
        "2016-05": {
            "month": "2016-05",
            "price": "15.15",
            "revenue": 86827
        },
        "2016-06": {
            "month": "2016-06",
            "price": "16.35",
            "revenue": 84328
        },
        "2016-07": {
            "month": "2016-07",
            "price": "20.80",
            "revenue": 103479
        },
        "2016-08": {
            "month": "2016-08",
            "price": "21.57",
            "revenue": 120452
        },
        "2016-09": {
            "month": "2016-09",
            "price": "22.97",
            "revenue": 158631
        },
        "2016-10": {
            "month": "2016-10",
            "price": "23.76",
            "revenue": 149972
        },
        "2016-11": {
            "month": "2016-11",
            "price": "25.61",
            "revenue": 149434
        },
        "2016-12": {
            "month": "2016-12",
            "price": "27.43",
            "revenue": 136677
        },
        "2017-01": {
            "month": "2017-01",
            "price": "24.66",
            "revenue": 121553
        },
        "2017-02": {
            "month": "2017-02",
            "price": "24.44",
            "revenue": 78404
        },
        "2017-03": {
            "month": "2017-03",
            "price": "25.09",
            "revenue": 96186
        },
        "2017-04": {
            "month": "2017-04",
            "price": "22.44",
            "revenue": 72917
        },
        "2017-05": {
            "month": "2017-05",
            "price": "21.71",
            "revenue": 66584
        },
        "2017-06": {
            "month": "2017-06",
            "price": "21.85",
            "revenue": 74690
        },
        "2017-07": {
            "month": "2017-07",
            "price": "21.46",
            "revenue": 85146
        },
        "2017-08": {
            "month": "2017-08",
            "price": "19.81",
            "revenue": 133915
        },
        "2017-09": {
            "month": "2017-09",
            "price": "18.73",
            "revenue": 137171
        },
        "2017-10": {
            "month": "2017-10",
            "price": "17.42",
            "revenue": 143191
        },
        "2017-11": {
            "month": "2017-11",
            "price": "15.23",
            "revenue": 98205
        },
        "2017-12": {
            "month": "2017-12",
            "price": "13.84",
            "revenue": 107038
        },
        "2018-01": {
            "month": "2018-01",
            "price": "15.10",
            "revenue": 142425
        },
        "2018-02": {
            "month": "2018-02",
            "price": "14.90",
            "revenue": 72925
        },
        "2018-03": {
            "month": "2018-03",
            "price": "14.54",
            "revenue": 74511
        },
        "2018-04": {
            "month": "2018-04",
            "price": "13.39",
            "revenue": 107914
        },
        "2018-05": {
            "month": "2018-05",
            "price": "12.52",
            "revenue": 104679
        },
        "2018-06": {
            "month": "2018-06",
            "price": "12.82",
            "revenue": 118800
        },
        "2018-07": {
            "month": "2018-07",
            "price": "11.18",
            "revenue": 130742
        },
        "2018-08": {
            "month": "2018-08",
            "price": "10.66",
            "revenue": 155929
        },
        "2018-09": {
            "month": "2018-09",
            "price": "12.56",
            "revenue": 168425
        },
        "2018-10": {
            "month": "2018-10",
            "price": "11.12",
            "revenue": 157475
        },
        "2018-11": {
            "month": "2018-11",
            "price": "10.49",
            "revenue": 200210
        },
        "2018-12": {
            "month": "2018-12",
            "price": "11.56",
            "revenue": 116055
        },
        "2019-01": {
            "month": "2019-01",
            "price": "11.48",
            "revenue": 180978
        },
        "2019-02": {
            "month": "2019-02",
            "price": "11.59",
            "revenue": 96483
        },
        "2019-03": {
            "month": "2019-03",
            "price": "12.42",
            "revenue": 136362
        },
        "2019-04": {
            "month": "2019-04",
            "price": "12.71",
            "revenue": 161656
        },
        "2019-05": {
            "month": "2019-05",
            "price": "11.85",
            "revenue": 101213
        },
        "2019-06": {
            "month": "2019-06",
            "price": "11.11",
            "revenue": 103086
        },
        "2019-07": {
            "month": "2019-07",
            "price": "11.00",
            "revenue": 135724
        },
        "2019-08": {
            "month": "2019-08",
            "price": "10.65",
            "revenue": 112035
        },
        "2019-09": {
            "month": "2019-09",
            "price": "11.76",
            "revenue": 183849
        },
        "2019-10": {
            "month": "2019-10",
            "price": "13.21",
            "revenue": 152662
        },
        "2019-11": {
            "month": "2019-11",
            "price": "12.80",
            "revenue": 163514
        },
        "2019-12": {
            "month": "2019-12",
            "price": "12.20",
            "revenue": 160212
        },
        "2020-01": {
            "month": "2020-01",
            "price": "11.66",
            "revenue": 136962
        },
        "2020-02": {
            "month": "2020-02",
            "price": "10.93",
            "revenue": 44621
        },
        "2020-03": {
            "month": "2020-03",
            "price": "9.82",
            "revenue": 147485
        },
        "2020-04": {
            "month": "2020-04",
            "price": "10.35",
            "revenue": 154179
        },
        "2020-05": {
            "month": "2020-05",
            "price": "13.50",
            "revenue": 244572
        },
        "2020-06": {
            "month": "2020-06",
            "price": "20.99",
            "revenue": 248078
        },
        "2020-07": {
            "month": "2020-07",
            "price": "27.03",
            "revenue": 269823
        },
        "2020-08": {
            "month": "2020-08",
            "price": "29.80",
            "revenue": 275672
        },
        "2020-09": {
            "month": "2020-09",
            "price": "33.30",
            "revenue": 231834
        },
        "2020-10": {
            "month": "2020-10",
            "price": "28.04",
            "revenue": 200427
        },
        "2020-11": {
            "month": "2020-11",
            "price": "27.30",
            "revenue": 131018
        },
        "2020-12": {
            "month": "2020-12",
            "price": "26.80",
            "revenue": 111973
        },
        "2021-01": {
            "month": "2021-01",
            "price": "25.96",
            "revenue": 160932
        },
        "2021-02": {
            "month": "2021-02",
            "price": "25.37",
            "revenue": 44927
        },
        "2021-03": {
            "month": "2021-03",
            "price": "32.07",
            "revenue": 205873
        },
        "2021-04": {
            "month": "2021-04",
            "price": "32.62",
            "revenue": 154729
        },
        "2021-05": {
            "month": "2021-05",
            "price": "26.01",
            "revenue": 106200
        },
        "2021-06": {
            "month": "2021-06",
            "price": "24.58",
            "revenue": 83287
        },
        "2021-07": {
            "month": "2021-07",
            "price": "24.16",
            "revenue": 96931
        },
        "2021-08": {
            "month": "2021-08",
            "price": "20.72",
            "revenue": 148743
        },
        "2021-09": {
            "month": "2021-09",
            "price": "17.57",
            "revenue": 134857
        },
        "2021-10": {
            "month": "2021-10",
            "price": "15.98",
            "revenue": 136164
        },
        "2021-11": {
            "month": "2021-11",
            "price": "16.14",
            "revenue": 149113
        },
        "2021-12": {
            "month": "2021-12",
            "price": "17.45",
            "revenue": 103068
        },
        "2022-01": {
            "month": "2022-01",
            "price": "17.71",
            "revenue": 78367
        },
        "2022-02": {
            "month": "2022-02",
            "price": "17.49",
            "revenue": 107830
        },
        "2022-03": {
            "month": "2022-03",
            "price": "16.82",
            "revenue": 69757
        },
        "2022-04": {
            "month": "2022-04",
            "price": "15.17",
            "revenue": 89886
        },
        "2022-05": {
            "month": "2022-05",
            "price": "13.76",
            "revenue": 109749
        },
        "2022-06": {
            "month": "2022-06",
            "price": "13.46",
            "revenue": 99574
        },
        "2022-07": {
            "month": "2022-07",
            "price": "12.07",
            "revenue": 55181
        },
        "2022-08": {
            "month": "2022-08",
            "price": "13.76",
            "revenue": 74310
        },
        "2022-09": {
            "month": "2022-09",
            "price": "13.36",
            "revenue": 81974
        },
        "2022-10": {
            "month": "2022-10",
            "price": "11.72",
            "revenue": 94871
        },
        "2022-11": {
            "month": "2022-11",
            "price": "12.15",
            "revenue": 103700
        },
        "2022-12": {
            "month": "2022-12",
            "price": "12.71",
            "revenue": 99190
        },
        "2023-01": {
            "month": "2023-01",
            "price": "12.54",
            "revenue": 88689
        },
        "2023-02": {
            "month": "2023-02",
            "price": "13.66",
            "revenue": 100617
        },
        "2023-03": {
            "month": "2023-03",
            "price": "14.00",
            "revenue": 125163
        },
        "2023-04": {
            "month": "2023-04",
            "price": "16.88",
            "revenue": 182480
        },
        "2023-05": {
            "month": "2023-05",
            "price": "21.37",
            "revenue": 161474
        },
        "2023-06": {
            "month": "2023-06",
            "price": "28.34",
            "revenue": 186305
        },
        "2023-07": {
            "month": "2023-07",
            "price": "30.08",
            "revenue": 141311
        },
        "2023-08": {
            "month": "2023-08",
            "price": "32.85",
            "revenue": 156292
        },
        "2023-09": {
            "month": "2023-09",
            "price": "32.80",
            "revenue": 120764
        },
        "2023-10": {
            "month": "2023-10",
            "price": "35.20",
            "revenue": 137405
        },
        "2023-11": {
            "month": "2023-11",
            "price": "32.83",
            "revenue": 130643
        },
        "2023-12": {
            "month": "2023-12",
            "price": "37.29",
            "revenue": 144267
        }
    }
}
