{
    "summary": {
        "stock_name": "幸康",
        "stock_id": "3332",
        "category": "電子零組件",
        "main_business": "電源供應器、電源轉換器、電池充電器、各式變壓器<br>塑膠射出成型加工及買賣業務<br>各種無線通訊器材之買賣、裝設及進出口業務",
        "website_url": "http://www.cincon.com.tw",
        "ceo": "顏雲曉",
        "pe_ratio": 10,
        "report_year_from": 2003,
        "report_year_to": 2023,
        "age": 20,
        "eps_negative_percentage": 1,
        "eps_growth_avg": {
            "last_all": 8.01,
            "last_2y": 41.06,
            "last_4y": 12.41,
            "last_8y": 10.23,
            "last_12y": 14.44,
            "last_16y": 9.81,
            "last_20y": null,
            "at_2006_last_3y": null,
            "at_2007_last_3y": null,
            "at_2008_last_3y": 3.9,
            "at_2009_last_3y": -5.21,
            "at_2010_last_3y": 29.39,
            "at_2011_last_3y": -0,
            "at_2012_last_3y": -5.98,
            "at_2013_last_3y": 23.91,
            "at_2014_last_3y": -4.28,
            "at_2015_last_3y": -4.67,
            "at_2016_last_3y": 4.73,
            "at_2017_last_3y": 7.5,
            "at_2018_last_3y": 3.37,
            "at_2019_last_3y": 0.19,
            "at_2020_last_3y": 11.74,
            "at_2021_last_3y": -9.49,
            "at_2022_last_3y": 22.83,
            "at_2023_last_3y": 22.83,
            "at_2006_last_all": -30.54,
            "at_2007_last_all": 12.98,
            "at_2008_last_all": 3.9,
            "at_2009_last_all": -8.7,
            "at_2010_last_all": 9.42,
            "at_2011_last_all": 5.56,
            "at_2012_last_all": -1.04,
            "at_2013_last_all": 5.79,
            "at_2014_last_all": 3.94,
            "at_2015_last_all": 1.84,
            "at_2016_last_all": 0.88,
            "at_2017_last_all": 6.32,
            "at_2018_last_all": 3.78,
            "at_2019_last_all": 1.4,
            "at_2020_last_all": 3.6,
            "at_2021_last_all": 2.6,
            "at_2022_last_all": 8.01,
            "at_2023_last_all": 8.01
        },
        "latest_eps": 4.81,
        "latest_price": 47.95,
        "latest_roe": 14.67,
        "latest_gross_margin": 36.29,
        "latest_equity": 1687973,
        "latest_revenue": 382363,
        "latest_gross_profit": 138746,
        "latest_net_income": 53406,
        "latest_debt_ratio": 30.08,
        "latest_current_ratio": 292.24,
        "latest_account_receivable_turnover_ratio": 1.76,
        "latest_inventory_turnover_ratio": 0.47,
        "latest_reinvestment_rate": 43.22,
        "latest_research_to_sale_ratio": 8.83
    },
    "eps_dividends": {
        "2001": {
            "cash": 0,
            "stock": 0,
            "eps": 0
        },
        "2002": {
            "cash": 0,
            "stock": 0,
            "eps": 0
        },
        "2003": {
            "cash": 0,
            "stock": 0,
            "eps": 0
        },
        "2004": {
            "cash": 1,
            "stock": 138,
            "eps": 6.13
        },
        "2005": {
            "cash": 0,
            "stock": 2,
            "eps": 4.74
        },
        "2006": {
            "cash": 2,
            "stock": 0,
            "eps": 2.92
        },
        "2007": {
            "cash": 2,
            "stock": 3,
            "eps": 6.6
        },
        "2008": {
            "cash": 4,
            "stock": 0,
            "eps": 5.06
        },
        "2009": {
            "cash": 4,
            "stock": 0,
            "eps": 2.07
        },
        "2010": {
            "cash": 2,
            "stock": 0,
            "eps": 5.06
        },
        "2011": {
            "cash": 4,
            "stock": 0,
            "eps": 4.17
        },
        "2012": {
            "cash": 3,
            "stock": 0,
            "eps": 2.2
        },
        "2013": {
            "cash": 2,
            "stock": 0,
            "eps": 3.53
        },
        "2014": {
            "cash": 3,
            "stock": 0,
            "eps": 3.08
        },
        "2015": {
            "cash": 3,
            "stock": 0,
            "eps": 2.49
        },
        "2016": {
            "cash": 2,
            "stock": 0,
            "eps": 2.25
        },
        "2017": {
            "cash": 2,
            "stock": 0,
            "eps": 3.86
        },
        "2018": {
            "cash": 3,
            "stock": 0,
            "eps": 2.73
        },
        "2019": {
            "cash": 2,
            "stock": 0,
            "eps": 1.86
        },
        "2020": {
            "cash": 1,
            "stock": 0,
            "eps": 2.54
        },
        "2021": {
            "cash": 1,
            "stock": 0,
            "eps": 2.2
        },
        "2022": {
            "cash": 1,
            "stock": 0,
            "eps": 4.56
        },
        "2023": {
            "cash": 3,
            "stock": 0,
            "eps": 1.11
        }
    },
    "dividends": {
        "2004-06-18": {
            "cash": 0.7,
            "stock": 138.44
        },
        "2005-04-13": {
            "cash": 0,
            "stock": 1.8
        },
        "2006-04-26": {
            "cash": 2,
            "stock": 0
        },
        "2007-03-20": {
            "cash": 2,
            "stock": 3
        },
        "2008-03-12": {
            "cash": 4,
            "stock": 0
        },
        "2009-03-31": {
            "cash": 4,
            "stock": 0
        },
        "2010-03-25": {
            "cash": 1.5,
            "stock": 0
        },
        "2011-03-23": {
            "cash": 4,
            "stock": 0
        },
        "2012-06-08": {
            "cash": 3.2,
            "stock": 0
        },
        "2013-06-07": {
            "cash": 1.9,
            "stock": 0
        },
        "2014-09-12": {
            "cash": 2.8,
            "stock": 0
        },
        "2015-08-28": {
            "cash": 2.65,
            "stock": 0
        },
        "2016-08-25": {
            "cash": 2.2,
            "stock": 0
        },
        "2017-08-25": {
            "cash": 2,
            "stock": 0
        },
        "2018-08-24": {
            "cash": 3,
            "stock": 0
        },
        "2019-08-26": {
            "cash": 2.2,
            "stock": 0
        },
        "2020-08-26": {
            "cash": 0.8,
            "stock": 0
        },
        "2021-10-27": {
            "cash": 1,
            "stock": 0
        },
        "2022-08-31": {
            "cash": 1,
            "stock": 0
        },
        "2023-03-13": {
            "cash": 2.5,
            "stock": 0
        }
    },
    "prices": {
        "200101": "無",
        "200102": "無",
        "200103": "無",
        "200104": "無",
        "200105": "無",
        "200106": "無",
        "200107": "無",
        "200108": "無",
        "200109": "無",
        "200110": "無",
        "200111": "無",
        "200112": "無",
        "200201": "無",
        "200202": "無",
        "200203": "無",
        "200204": "無",
        "200205": "無",
        "200206": "無",
        "200207": "無",
        "200208": "無",
        "200209": "無",
        "200210": "無",
        "200211": "無",
        "200212": "無",
        "200301": "無",
        "200302": "無",
        "200303": "無",
        "200304": "無",
        "200305": "無",
        "200306": "無",
        "200307": "無",
        "200308": "無",
        "200309": "無",
        "200310": "無",
        "200311": "無",
        "200312": "無",
        "200401": "無",
        "200402": "無",
        "200403": "無",
        "200404": "無",
        "200405": "無",
        "200406": "無",
        "200407": "無",
        "200408": "無",
        "200409": "無",
        "200410": "無",
        "200411": "38.17",
        "200412": "無",
        "200501": "無",
        "200502": "無",
        "200503": "無",
        "200504": "無",
        "200505": "無",
        "200506": "42.00",
        "200507": "44.41",
        "200508": "36.00",
        "200509": "無",
        "200510": "無",
        "200511": "無",
        "200512": "44.00",
        "200601": "44.93",
        "200602": "48.74",
        "200603": "43.74",
        "200604": "48.04",
        "200605": "53.25",
        "200606": "44.66",
        "200607": "無",
        "200608": "40.92",
        "200609": "43.50",
        "200610": "46.56",
        "200611": "44.57",
        "200612": "46.37",
        "200701": "49.94",
        "200702": "57.47",
        "200703": "59.30",
        "200704": "62.15",
        "200705": "72.71",
        "200706": "84.74",
        "200707": "87.20",
        "200708": "81.32",
        "200709": "62.35",
        "200710": "57.85",
        "200711": "56.21",
        "200712": "44.76",
        "200801": "35.82",
        "200802": "40.59",
        "200803": "44.96",
        "200804": "49.80",
        "200805": "50.80",
        "200806": "48.56",
        "200807": "40.55",
        "200808": "40.35",
        "200809": "37.27",
        "200810": "32.18",
        "200811": "27.95",
        "200812": "26.82",
        "200901": "27.74",
        "200902": "27.63",
        "200903": "31.13",
        "200904": "38.48",
        "200905": "38.76",
        "200906": "37.64",
        "200907": "35.55",
        "200908": "31.89",
        "200909": "31.42",
        "200910": "32.03",
        "200911": "30.96",
        "200912": "32.98",
        "201001": "35.44",
        "201002": "33.09",
        "201003": "34.62",
        "201004": "38.46",
        "201005": "37.79",
        "201006": "35.55",
        "201007": "37.27",
        "201008": "43.38",
        "201009": "44.40",
        "201010": "45.45",
        "201011": "44.69",
        "201012": "48.13",
        "201101": "48.78",
        "201102": "49.56",
        "201103": "52.07",
        "201104": "52.87",
        "201105": "51.55",
        "201106": "51.03",
        "201107": "46.96",
        "201108": "44.49",
        "201109": "45.43",
        "201110": "45.95",
        "201111": "46.14",
        "201112": "45.85",
        "201201": "45.87",
        "201202": "45.74",
        "201203": "45.32",
        "201204": "45.89",
        "201205": "45.81",
        "201206": "45.75",
        "201207": "44.00",
        "201208": "45.36",
        "201209": "44.68",
        "201210": "43.26",
        "201211": "37.39",
        "201212": "38.20",
        "201301": "38.07",
        "201302": "37.37",
        "201303": "38.06",
        "201304": "39.21",
        "201305": "39.36",
        "201306": "39.08",
        "201307": "39.25",
        "201308": "39.15",
        "201309": "39.88",
        "201310": "39.27",
        "201311": "40.13",
        "201312": "42.87",
        "201401": "44.85",
        "201402": "46.76",
        "201403": "50.02",
        "201404": "48.68",
        "201405": "46.08",
        "201406": "45.25",
        "201407": "45.26",
        "201408": "44.62",
        "201409": "43.65",
        "201410": "42.36",
        "201411": "41.80",
        "201412": "41.68",
        "201501": "42.69",
        "201502": "41.56",
        "201503": "41.28",
        "201504": "43.25",
        "201505": "42.20",
        "201506": "41.21",
        "201507": "40.14",
        "201508": "36.60",
        "201509": "38.99",
        "201510": "39.40",
        "201511": "38.22",
        "201512": "37.88",
        "201601": "37.05",
        "201602": "37.60",
        "201603": "37.51",
        "201604": "37.46",
        "201605": "37.18",
        "201606": "37.88",
        "201607": "37.98",
        "201608": "36.67",
        "201609": "36.51",
        "201610": "36.23",
        "201611": "35.97",
        "201612": "35.30",
        "201701": "35.43",
        "201702": "35.50",
        "201703": "35.79",
        "201704": "35.63",
        "201705": "36.62",
        "201706": "37.92",
        "201707": "38.46",
        "201708": "41.67",
        "201709": "48.49",
        "201710": "48.68",
        "201711": "47.60",
        "201712": "47.36",
        "201801": "46.15",
        "201802": "46.57",
        "201803": "46.70",
        "201804": "46.25",
        "201805": "45.72",
        "201806": "45.25",
        "201807": "44.89",
        "201808": "41.96",
        "201809": "40.85",
        "201810": "39.26",
        "201811": "37.59",
        "201812": "38.00",
        "201901": "37.74",
        "201902": "38.55",
        "201903": "39.14",
        "201904": "38.88",
        "201905": "38.22",
        "201906": "39.11",
        "201907": "39.84",
        "201908": "38.56",
        "201909": "38.59",
        "201910": "37.96",
        "201911": "38.42",
        "201912": "38.15",
        "202001": "37.36",
        "202002": "37.24",
        "202003": "30.62",
        "202004": "29.27",
        "202005": "29.27",
        "202006": "29.53",
        "202007": "30.17",
        "202008": "31.12",
        "202009": "33.79",
        "202010": "33.57",
        "202011": "34.89",
        "202012": "35.31",
        "202101": "36.54",
        "202102": "36.68",
        "202103": "37.59",
        "202104": "38.06",
        "202105": "37.70",
        "202106": "37.72",
        "202107": "37.86",
        "202108": "37.87",
        "202109": "37.89",
        "202110": "38.58",
        "202111": "39.46",
        "202112": "40.67",
        "202201": "40.12",
        "202202": "40.11",
        "202203": "40.07",
        "202204": "40.19",
        "202205": "40.71",
        "202206": "41.17",
        "202207": "45.86",
        "202208": "43.85",
        "202209": "40.82",
        "202210": "39.65",
        "202211": "40.85",
        "202212": "41.75",
        "202301": "40.70",
        "202302": "44.05",
        "202303": "44.55",
        "202304": "47.38",
        "202305": "47.48"
    },
    "quarters": {
        "20011": {
            "year_quarter": 20011,
            "year": 2001,
            "quarter": 1,
            "eps": null,
            "eps_growth_year": null,
            "eps_4q": null,
            "eps_4q_growth_year": null,
            "roe": null,
            "gross_profit": null,
            "gross_margin": null,
            "net_income": null,
            "revenue": null,
            "common_shares": null,
            "equity": null,
            "current_ratio": null,
            "debt_ratio": null,
            "inventory_turnover_ratio": null,
            "account_receivable_turnover_ratio": null,
            "reinvestment_rate": null,
            "research_to_sale_ratio": null,
            "price_fair": 0,
            "eps_avg_yearly": 0,
            "eps_latest_yearly": 0,
            "eps_growth_yearly": 0
        },
        "20012": {
            "year_quarter": 20012,
            "year": 2001,
            "quarter": 2,
            "eps": null,
            "eps_growth_year": null,
            "eps_4q": null,
            "eps_4q_growth_year": null,
            "roe": null,
            "gross_profit": null,
            "gross_margin": null,
            "net_income": null,
            "revenue": null,
            "common_shares": null,
            "equity": null,
            "current_ratio": null,
            "debt_ratio": null,
            "inventory_turnover_ratio": null,
            "account_receivable_turnover_ratio": null,
            "reinvestment_rate": null,
            "research_to_sale_ratio": null,
            "price_fair": 0,
            "eps_avg_yearly": 0,
            "eps_latest_yearly": 0,
            "eps_growth_yearly": 0
        },
        "20013": {
            "year_quarter": 20013,
            "year": 2001,
            "quarter": 3,
            "eps": null,
            "eps_growth_year": null,
            "eps_4q": null,
            "eps_4q_growth_year": null,
            "roe": null,
            "gross_profit": null,
            "gross_margin": null,
            "net_income": null,
            "revenue": null,
            "common_shares": null,
            "equity": null,
            "current_ratio": null,
            "debt_ratio": null,
            "inventory_turnover_ratio": null,
            "account_receivable_turnover_ratio": null,
            "reinvestment_rate": null,
            "research_to_sale_ratio": null,
            "price_fair": 0,
            "eps_avg_yearly": 0,
            "eps_latest_yearly": 0,
            "eps_growth_yearly": 0
        },
        "20014": {
            "year_quarter": 20014,
            "year": 2001,
            "quarter": 4,
            "eps": null,
            "eps_growth_year": null,
            "eps_4q": null,
            "eps_4q_growth_year": null,
            "roe": null,
            "gross_profit": null,
            "gross_margin": null,
            "net_income": null,
            "revenue": null,
            "common_shares": 126690,
            "equity": 297144,
            "current_ratio": 258.58,
            "debt_ratio": 35.09,
            "inventory_turnover_ratio": null,
            "account_receivable_turnover_ratio": null,
            "reinvestment_rate": null,
            "research_to_sale_ratio": null,
            "price_fair": 0,
            "eps_avg_yearly": 0,
            "eps_latest_yearly": 0,
            "eps_growth_yearly": 0
        },
        "20021": {
            "year_quarter": 20021,
            "year": 2002,
            "quarter": 1,
            "eps": null,
            "eps_growth_year": null,
            "eps_4q": null,
            "eps_4q_growth_year": null,
            "roe": null,
            "gross_profit": null,
            "gross_margin": null,
            "net_income": null,
            "revenue": null,
            "common_shares": null,
            "equity": null,
            "current_ratio": null,
            "debt_ratio": null,
            "inventory_turnover_ratio": null,
            "account_receivable_turnover_ratio": null,
            "reinvestment_rate": null,
            "research_to_sale_ratio": null,
            "price_fair": 0,
            "eps_avg_yearly": 0,
            "eps_latest_yearly": 0,
            "eps_growth_yearly": 0
        },
        "20022": {
            "year_quarter": 20022,
            "year": 2002,
            "quarter": 2,
            "eps": null,
            "eps_growth_year": null,
            "eps_4q": null,
            "eps_4q_growth_year": null,
            "roe": null,
            "gross_profit": null,
            "gross_margin": null,
            "net_income": null,
            "revenue": null,
            "common_shares": null,
            "equity": null,
            "current_ratio": null,
            "debt_ratio": null,
            "inventory_turnover_ratio": null,
            "account_receivable_turnover_ratio": null,
            "reinvestment_rate": null,
            "research_to_sale_ratio": null,
            "price_fair": 0,
            "eps_avg_yearly": 0,
            "eps_latest_yearly": 0,
            "eps_growth_yearly": 0
        },
        "20023": {
            "year_quarter": 20023,
            "year": 2002,
            "quarter": 3,
            "eps": null,
            "eps_growth_year": null,
            "eps_4q": null,
            "eps_4q_growth_year": null,
            "roe": null,
            "gross_profit": null,
            "gross_margin": null,
            "net_income": null,
            "revenue": null,
            "common_shares": null,
            "equity": null,
            "current_ratio": null,
            "debt_ratio": null,
            "inventory_turnover_ratio": null,
            "account_receivable_turnover_ratio": null,
            "reinvestment_rate": null,
            "research_to_sale_ratio": null,
            "price_fair": 0,
            "eps_avg_yearly": 0,
            "eps_latest_yearly": 0,
            "eps_growth_yearly": 0
        },
        "20024": {
            "year_quarter": 20024,
            "year": 2002,
            "quarter": 4,
            "eps": null,
            "eps_growth_year": null,
            "eps_4q": null,
            "eps_4q_growth_year": null,
            "roe": null,
            "gross_profit": null,
            "gross_margin": null,
            "net_income": null,
            "revenue": null,
            "common_shares": 196690,
            "equity": 347498,
            "current_ratio": 278.68,
            "debt_ratio": 28.86,
            "inventory_turnover_ratio": null,
            "account_receivable_turnover_ratio": null,
            "reinvestment_rate": null,
            "research_to_sale_ratio": null,
            "price_fair": 0,
            "eps_avg_yearly": 0,
            "eps_latest_yearly": 0,
            "eps_growth_yearly": 0
        },
        "20031": {
            "year_quarter": 20031,
            "year": 2003,
            "quarter": 1,
            "eps": null,
            "eps_growth_year": null,
            "eps_4q": null,
            "eps_4q_growth_year": null,
            "roe": null,
            "gross_profit": null,
            "gross_margin": null,
            "net_income": null,
            "revenue": null,
            "common_shares": null,
            "equity": null,
            "current_ratio": null,
            "debt_ratio": null,
            "inventory_turnover_ratio": null,
            "account_receivable_turnover_ratio": null,
            "reinvestment_rate": null,
            "research_to_sale_ratio": null,
            "price_fair": 0,
            "eps_avg_yearly": 0,
            "eps_latest_yearly": 0,
            "eps_growth_yearly": 0
        },
        "20032": {
            "year_quarter": 20032,
            "year": 2003,
            "quarter": 2,
            "eps": null,
            "eps_growth_year": null,
            "eps_4q": null,
            "eps_4q_growth_year": null,
            "roe": null,
            "gross_profit": null,
            "gross_margin": null,
            "net_income": null,
            "revenue": null,
            "common_shares": null,
            "equity": null,
            "current_ratio": null,
            "debt_ratio": null,
            "inventory_turnover_ratio": null,
            "account_receivable_turnover_ratio": null,
            "reinvestment_rate": null,
            "research_to_sale_ratio": null,
            "price_fair": 0,
            "eps_avg_yearly": 0,
            "eps_latest_yearly": 0,
            "eps_growth_yearly": 0
        },
        "20033": {
            "year_quarter": 20033,
            "year": 2003,
            "quarter": 3,
            "eps": null,
            "eps_growth_year": null,
            "eps_4q": null,
            "eps_4q_growth_year": null,
            "roe": null,
            "gross_profit": null,
            "gross_margin": null,
            "net_income": null,
            "revenue": null,
            "common_shares": null,
            "equity": null,
            "current_ratio": null,
            "debt_ratio": null,
            "inventory_turnover_ratio": null,
            "account_receivable_turnover_ratio": null,
            "reinvestment_rate": null,
            "research_to_sale_ratio": null,
            "price_fair": 0,
            "eps_avg_yearly": 0,
            "eps_latest_yearly": 0,
            "eps_growth_yearly": 0
        },
        "20034": {
            "year_quarter": 20034,
            "year": 2003,
            "quarter": 4,
            "eps": null,
            "eps_growth_year": null,
            "eps_4q": null,
            "eps_4q_growth_year": null,
            "roe": null,
            "gross_profit": null,
            "gross_margin": null,
            "net_income": null,
            "revenue": null,
            "common_shares": 216690,
            "equity": 408938,
            "current_ratio": 282.68,
            "debt_ratio": 31.78,
            "inventory_turnover_ratio": null,
            "account_receivable_turnover_ratio": null,
            "reinvestment_rate": null,
            "research_to_sale_ratio": null,
            "price_fair": 0,
            "eps_avg_yearly": 0,
            "eps_latest_yearly": 0,
            "eps_growth_yearly": 0
        },
        "20041": {
            "year_quarter": 20041,
            "year": 2004,
            "quarter": 1,
            "eps": 1.95,
            "eps_growth_year": null,
            "eps_4q": null,
            "eps_4q_growth_year": null,
            "roe": 9.82,
            "gross_profit": 53683,
            "gross_margin": 34.11,
            "net_income": 42301,
            "revenue": 157393,
            "common_shares": 216690,
            "equity": 452910,
            "current_ratio": 240.24,
            "debt_ratio": 32.88,
            "inventory_turnover_ratio": 0.69,
            "account_receivable_turnover_ratio": null,
            "reinvestment_rate": null,
            "research_to_sale_ratio": null,
            "price_fair": 0,
            "eps_avg_yearly": 0,
            "eps_latest_yearly": 0,
            "eps_growth_yearly": 0
        },
        "20042": {
            "year_quarter": 20042,
            "year": 2004,
            "quarter": 2,
            "eps": 1.83,
            "eps_growth_year": null,
            "eps_4q": null,
            "eps_4q_growth_year": null,
            "roe": 8.37,
            "gross_profit": 72399,
            "gross_margin": 33.31,
            "net_income": 39591,
            "revenue": 217348,
            "common_shares": 216690,
            "equity": 493418,
            "current_ratio": 164.83,
            "debt_ratio": 37.19,
            "inventory_turnover_ratio": 0.85,
            "account_receivable_turnover_ratio": null,
            "reinvestment_rate": null,
            "research_to_sale_ratio": null,
            "price_fair": 21.96,
            "eps_avg_yearly": 7.32,
            "eps_latest_yearly": 7.32,
            "eps_growth_yearly": -24.62
        },
        "20043": {
            "year_quarter": 20043,
            "year": 2004,
            "quarter": 3,
            "eps": 2.05,
            "eps_growth_year": null,
            "eps_4q": null,
            "eps_4q_growth_year": null,
            "roe": 10.41,
            "gross_profit": 78933,
            "gross_margin": 37.73,
            "net_income": 56650,
            "revenue": 209187,
            "common_shares": 276690,
            "equity": 594952,
            "current_ratio": 251.83,
            "debt_ratio": 32.38,
            "inventory_turnover_ratio": 0.69,
            "account_receivable_turnover_ratio": null,
            "reinvestment_rate": null,
            "research_to_sale_ratio": null,
            "price_fair": 168.67,
            "eps_avg_yearly": 7.76,
            "eps_latest_yearly": 8.2,
            "eps_growth_yearly": 11.74
        },
        "20044": {
            "year_quarter": 20044,
            "year": 2004,
            "quarter": 4,
            "eps": 0.3,
            "eps_growth_year": null,
            "eps_4q": 5.77,
            "eps_4q_growth_year": null,
            "roe": 1.27,
            "gross_profit": 57527,
            "gross_margin": 28.88,
            "net_income": 7594,
            "revenue": 199160,
            "common_shares": 276690,
            "equity": 600313,
            "current_ratio": 388.99,
            "debt_ratio": 17.26,
            "inventory_turnover_ratio": 0.77,
            "account_receivable_turnover_ratio": null,
            "reinvestment_rate": null,
            "research_to_sale_ratio": null,
            "price_fair": 16.72,
            "eps_avg_yearly": 5.57,
            "eps_latest_yearly": 1.2,
            "eps_growth_yearly": -106
        },
        "20051": {
            "year_quarter": 20051,
            "year": 2005,
            "quarter": 1,
            "eps": 0.75,
            "eps_growth_year": -61.54,
            "eps_4q": 4.49,
            "eps_4q_growth_year": null,
            "roe": 3.41,
            "gross_profit": 39917,
            "gross_margin": 29.78,
            "net_income": 20822,
            "revenue": 134044,
            "common_shares": 276690,
            "equity": 620343,
            "current_ratio": 382.49,
            "debt_ratio": 14.89,
            "inventory_turnover_ratio": 0.58,
            "account_receivable_turnover_ratio": null,
            "reinvestment_rate": null,
            "research_to_sale_ratio": null,
            "price_fair": 172.55,
            "eps_avg_yearly": 4.93,
            "eps_latest_yearly": 3,
            "eps_growth_yearly": 70.5
        },
        "20052": {
            "year_quarter": 20052,
            "year": 2005,
            "quarter": 2,
            "eps": 1.2,
            "eps_growth_year": -34.43,
            "eps_4q": 4.26,
            "eps_4q_growth_year": null,
            "roe": 5.38,
            "gross_profit": 64550,
            "gross_margin": 27.42,
            "net_income": 33339,
            "revenue": 235409,
            "common_shares": 276690,
            "equity": 619329,
            "current_ratio": 232.03,
            "debt_ratio": 25.41,
            "inventory_turnover_ratio": 1.43,
            "account_receivable_turnover_ratio": null,
            "reinvestment_rate": null,
            "research_to_sale_ratio": null,
            "price_fair": 171.64,
            "eps_avg_yearly": 4.9,
            "eps_latest_yearly": 4.8,
            "eps_growth_yearly": 104.4
        },
        "20053": {
            "year_quarter": 20053,
            "year": 2005,
            "quarter": 3,
            "eps": 1.31,
            "eps_growth_year": -36.1,
            "eps_4q": 3.21,
            "eps_4q_growth_year": null,
            "roe": 6.66,
            "gross_profit": 58335,
            "gross_margin": 28.74,
            "net_income": 42642,
            "revenue": 202978,
            "common_shares": 326494,
            "equity": 661117,
            "current_ratio": 259.69,
            "debt_ratio": 22.48,
            "inventory_turnover_ratio": 1.25,
            "account_receivable_turnover_ratio": null,
            "reinvestment_rate": null,
            "research_to_sale_ratio": null,
            "price_fair": 173.6,
            "eps_avg_yearly": 4.96,
            "eps_latest_yearly": 5.24,
            "eps_growth_yearly": 93.11
        },
        "20054": {
            "year_quarter": 20054,
            "year": 2005,
            "quarter": 4,
            "eps": 1.48,
            "eps_growth_year": 393.33,
            "eps_4q": 4.44,
            "eps_4q_growth_year": -23.15,
            "roe": 7.06,
            "gross_profit": 68539,
            "gross_margin": 28.97,
            "net_income": 48454,
            "revenue": 236567,
            "common_shares": 326494,
            "equity": 711019,
            "current_ratio": 341.2,
            "debt_ratio": 21.91,
            "inventory_turnover_ratio": 1.21,
            "account_receivable_turnover_ratio": null,
            "reinvestment_rate": null,
            "research_to_sale_ratio": null,
            "price_fair": 178.4,
            "eps_avg_yearly": 5.1,
            "eps_latest_yearly": 5.92,
            "eps_growth_yearly": 87.23
        },
        "20061": {
            "year_quarter": 20061,
            "year": 2006,
            "quarter": 1,
            "eps": null,
            "eps_growth_year": null,
            "eps_4q": null,
            "eps_4q_growth_year": null,
            "roe": null,
            "gross_profit": null,
            "gross_margin": null,
            "net_income": null,
            "revenue": null,
            "common_shares": null,
            "equity": null,
            "current_ratio": null,
            "debt_ratio": null,
            "inventory_turnover_ratio": null,
            "account_receivable_turnover_ratio": null,
            "reinvestment_rate": null,
            "research_to_sale_ratio": null,
            "price_fair": 178.4,
            "eps_avg_yearly": 5.1,
            "eps_latest_yearly": 5.92,
            "eps_growth_yearly": 87.23
        },
        "20062": {
            "year_quarter": 20062,
            "year": 2006,
            "quarter": 2,
            "eps": null,
            "eps_growth_year": null,
            "eps_4q": null,
            "eps_4q_growth_year": null,
            "roe": null,
            "gross_profit": null,
            "gross_margin": null,
            "net_income": null,
            "revenue": null,
            "common_shares": null,
            "equity": null,
            "current_ratio": null,
            "debt_ratio": null,
            "inventory_turnover_ratio": null,
            "account_receivable_turnover_ratio": null,
            "reinvestment_rate": null,
            "research_to_sale_ratio": null,
            "price_fair": 178.4,
            "eps_avg_yearly": 5.1,
            "eps_latest_yearly": 5.92,
            "eps_growth_yearly": 87.23
        },
        "20063": {
            "year_quarter": 20063,
            "year": 2006,
            "quarter": 3,
            "eps": 2.25,
            "eps_growth_year": 71.76,
            "eps_4q": null,
            "eps_4q_growth_year": null,
            "roe": 8.97,
            "gross_profit": 86700,
            "gross_margin": 30.6,
            "net_income": 73569,
            "revenue": 283351,
            "common_shares": 326494,
            "equity": 820495,
            "current_ratio": 209.42,
            "debt_ratio": 27.44,
            "inventory_turnover_ratio": 1.14,
            "account_receivable_turnover_ratio": null,
            "reinvestment_rate": null,
            "research_to_sale_ratio": null,
            "price_fair": 178.4,
            "eps_avg_yearly": 5.1,
            "eps_latest_yearly": 5.92,
            "eps_growth_yearly": 87.23
        },
        "20064": {
            "year_quarter": 20064,
            "year": 2006,
            "quarter": 4,
            "eps": 0.67,
            "eps_growth_year": -54.73,
            "eps_4q": null,
            "eps_4q_growth_year": null,
            "roe": 2.63,
            "gross_profit": 76199,
            "gross_margin": 28.35,
            "net_income": 21856,
            "revenue": 268806,
            "common_shares": 326494,
            "equity": 838634,
            "current_ratio": 315.57,
            "debt_ratio": 23.68,
            "inventory_turnover_ratio": 0.96,
            "account_receivable_turnover_ratio": null,
            "reinvestment_rate": null,
            "research_to_sale_ratio": null,
            "price_fair": 167.83,
            "eps_avg_yearly": 4.8,
            "eps_latest_yearly": 2.68,
            "eps_growth_yearly": 41.21
        },
        "20071": {
            "year_quarter": 20071,
            "year": 2007,
            "quarter": 1,
            "eps": 1.65,
            "eps_growth_year": null,
            "eps_4q": null,
            "eps_4q_growth_year": null,
            "roe": 6.23,
            "gross_profit": 83151,
            "gross_margin": 28.67,
            "net_income": 53978,
            "revenue": 290019,
            "common_shares": 326494,
            "equity": 895310,
            "current_ratio": 247.75,
            "debt_ratio": 23.28,
            "inventory_turnover_ratio": 1.05,
            "account_receivable_turnover_ratio": null,
            "reinvestment_rate": null,
            "research_to_sale_ratio": null,
            "price_fair": 174.84,
            "eps_avg_yearly": 5,
            "eps_latest_yearly": 6.6,
            "eps_growth_yearly": 101.64
        },
        "20072": {
            "year_quarter": 20072,
            "year": 2007,
            "quarter": 2,
            "eps": 1.84,
            "eps_growth_year": null,
            "eps_4q": 6.41,
            "eps_4q_growth_year": null,
            "roe": 6.77,
            "gross_profit": 87579,
            "gross_margin": 27.32,
            "net_income": 60149,
            "revenue": 320590,
            "common_shares": 326494,
            "equity": 882221,
            "current_ratio": 190.93,
            "debt_ratio": 30.93,
            "inventory_turnover_ratio": 1.31,
            "account_receivable_turnover_ratio": null,
            "reinvestment_rate": null,
            "research_to_sale_ratio": null,
            "price_fair": 183.12,
            "eps_avg_yearly": 5.23,
            "eps_latest_yearly": 7.36,
            "eps_growth_yearly": 96.08
        },
        "20073": {
            "year_quarter": 20073,
            "year": 2007,
            "quarter": 3,
            "eps": 2.09,
            "eps_growth_year": -7.11,
            "eps_4q": 5.3,
            "eps_4q_growth_year": null,
            "roe": 9.56,
            "gross_profit": 55555,
            "gross_margin": 18.65,
            "net_income": 88515,
            "revenue": 297823,
            "common_shares": 424442,
            "equity": 970493,
            "current_ratio": 217.9,
            "debt_ratio": 25.7,
            "inventory_turnover_ratio": 1.24,
            "account_receivable_turnover_ratio": null,
            "reinvestment_rate": null,
            "research_to_sale_ratio": null,
            "price_fair": 193.07,
            "eps_avg_yearly": 5.52,
            "eps_latest_yearly": 8.36,
            "eps_growth_yearly": 92.29
        },
        "20074": {
            "year_quarter": 20074,
            "year": 2007,
            "quarter": 4,
            "eps": 1.02,
            "eps_growth_year": 52.24,
            "eps_4q": 5.78,
            "eps_4q_growth_year": null,
            "roe": 4.39,
            "gross_profit": 82700,
            "gross_margin": 27.01,
            "net_income": 43443,
            "revenue": 306160,
            "common_shares": 424442,
            "equity": 1010742,
            "current_ratio": 436.41,
            "debt_ratio": 17.16,
            "inventory_turnover_ratio": 0.94,
            "account_receivable_turnover_ratio": null,
            "reinvestment_rate": null,
            "research_to_sale_ratio": null,
            "price_fair": 188.88,
            "eps_avg_yearly": 5.4,
            "eps_latest_yearly": 4.08,
            "eps_growth_yearly": 67.53
        },
        "20081": {
            "year_quarter": 20081,
            "year": 2008,
            "quarter": 1,
            "eps": 1.01,
            "eps_growth_year": -38.79,
            "eps_4q": 5.12,
            "eps_4q_growth_year": null,
            "roe": 4.2,
            "gross_profit": 123274,
            "gross_margin": 37.86,
            "net_income": 47183,
            "revenue": 325613,
            "common_shares": 481042,
            "equity": 1238153,
            "current_ratio": 570.36,
            "debt_ratio": 14.02,
            "inventory_turnover_ratio": 0.76,
            "account_receivable_turnover_ratio": null,
            "reinvestment_rate": null,
            "research_to_sale_ratio": null,
            "price_fair": 185.23,
            "eps_avg_yearly": 5.29,
            "eps_latest_yearly": 4.04,
            "eps_growth_yearly": 62.04
        },
        "20082": {
            "year_quarter": 20082,
            "year": 2008,
            "quarter": 2,
            "eps": 1.54,
            "eps_growth_year": -16.3,
            "eps_4q": 5.31,
            "eps_4q_growth_year": -17.21,
            "roe": 6.24,
            "gross_profit": 131325,
            "gross_margin": 37.86,
            "net_income": 73231,
            "revenue": 346835,
            "common_shares": 481042,
            "equity": 1110096,
            "current_ratio": 275.31,
            "debt_ratio": 29.82,
            "inventory_turnover_ratio": 0.78,
            "account_receivable_turnover_ratio": null,
            "reinvestment_rate": null,
            "research_to_sale_ratio": null,
            "price_fair": 182.11,
            "eps_avg_yearly": 5.2,
            "eps_latest_yearly": 6.16,
            "eps_growth_yearly": 80.08
        },
        "20083": {
            "year_quarter": 20083,
            "year": 2008,
            "quarter": 3,
            "eps": 1.49,
            "eps_growth_year": -28.71,
            "eps_4q": 4.92,
            "eps_4q_growth_year": -7.2,
            "roe": 6.13,
            "gross_profit": 117732,
            "gross_margin": 36.03,
            "net_income": 71195,
            "revenue": 326743,
            "common_shares": 481042,
            "equity": 1211419,
            "current_ratio": 480.73,
            "debt_ratio": 16.83,
            "inventory_turnover_ratio": 0.71,
            "account_receivable_turnover_ratio": null,
            "reinvestment_rate": null,
            "research_to_sale_ratio": null,
            "price_fair": 176.08,
            "eps_avg_yearly": 5.03,
            "eps_latest_yearly": 5.96,
            "eps_growth_yearly": 75.38
        },
        "20084": {
            "year_quarter": 20084,
            "year": 2008,
            "quarter": 4,
            "eps": 1.02,
            "eps_growth_year": 0,
            "eps_4q": 5.02,
            "eps_4q_growth_year": -13.14,
            "roe": 3.94,
            "gross_profit": 104467,
            "gross_margin": 34.19,
            "net_income": 48876,
            "revenue": 305582,
            "common_shares": 481042,
            "equity": 1270510,
            "current_ratio": 601.9,
            "debt_ratio": 13.48,
            "inventory_turnover_ratio": 0.75,
            "account_receivable_turnover_ratio": 2.78,
            "reinvestment_rate": null,
            "research_to_sale_ratio": null,
            "price_fair": 183.83,
            "eps_avg_yearly": 5.25,
            "eps_latest_yearly": 4.08,
            "eps_growth_yearly": 91.94
        },
        "20091": {
            "year_quarter": 20091,
            "year": 2009,
            "quarter": 1,
            "eps": 0.72,
            "eps_growth_year": -28.71,
            "eps_4q": 4.74,
            "eps_4q_growth_year": -7.53,
            "roe": 2.67,
            "gross_profit": 89785,
            "gross_margin": 34.39,
            "net_income": 34649,
            "revenue": 261077,
            "common_shares": 481042,
            "equity": 1324728,
            "current_ratio": 748.07,
            "debt_ratio": 10.95,
            "inventory_turnover_ratio": 0.75,
            "account_receivable_turnover_ratio": 1.18,
            "reinvestment_rate": null,
            "research_to_sale_ratio": null,
            "price_fair": 183.51,
            "eps_avg_yearly": 5.24,
            "eps_latest_yearly": 2.88,
            "eps_growth_yearly": 36.74
        },
        "20092": {
            "year_quarter": 20092,
            "year": 2009,
            "quarter": 2,
            "eps": 0.35,
            "eps_growth_year": -77.27,
            "eps_4q": 3.61,
            "eps_4q_growth_year": -31.94,
            "roe": 1.35,
            "gross_profit": 77564,
            "gross_margin": 35.35,
            "net_income": 16600,
            "revenue": 219438,
            "common_shares": 481042,
            "equity": 1128619,
            "current_ratio": 359.12,
            "debt_ratio": 22.88,
            "inventory_turnover_ratio": 0.69,
            "account_receivable_turnover_ratio": 1.15,
            "reinvestment_rate": null,
            "research_to_sale_ratio": null,
            "price_fair": 62.08,
            "eps_avg_yearly": 4.98,
            "eps_latest_yearly": 1.4,
            "eps_growth_yearly": 2.46
        },
        "20093": {
            "year_quarter": 20093,
            "year": 2009,
            "quarter": 3,
            "eps": 0.46,
            "eps_growth_year": -69.13,
            "eps_4q": 2.55,
            "eps_4q_growth_year": -48.07,
            "roe": 1.94,
            "gross_profit": 69559,
            "gross_margin": 28.87,
            "net_income": 21990,
            "revenue": 240947,
            "common_shares": 481042,
            "equity": 1139700,
            "current_ratio": 648.53,
            "debt_ratio": 12.48,
            "inventory_turnover_ratio": 0.93,
            "account_receivable_turnover_ratio": 1.44,
            "reinvestment_rate": null,
            "research_to_sale_ratio": null,
            "price_fair": 91.15,
            "eps_avg_yearly": 4.72,
            "eps_latest_yearly": 1.84,
            "eps_growth_yearly": 9.31
        },
        "20094": {
            "year_quarter": 20094,
            "year": 2009,
            "quarter": 4,
            "eps": 0.54,
            "eps_growth_year": -47.06,
            "eps_4q": 2.06,
            "eps_4q_growth_year": -58.88,
            "roe": 2.26,
            "gross_profit": 78526,
            "gross_margin": 33.97,
            "net_income": 26041,
            "revenue": 231177,
            "common_shares": 481042,
            "equity": 1162617,
            "current_ratio": 586,
            "debt_ratio": 14.05,
            "inventory_turnover_ratio": 0.86,
            "account_receivable_turnover_ratio": 3.1,
            "reinvestment_rate": null,
            "research_to_sale_ratio": null,
            "price_fair": 91.58,
            "eps_avg_yearly": 4.43,
            "eps_latest_yearly": 2.16,
            "eps_growth_yearly": 10.67
        },
        "20101": {
            "year_quarter": 20101,
            "year": 2010,
            "quarter": 1,
            "eps": 0.87,
            "eps_growth_year": 20.83,
            "eps_4q": 2.21,
            "eps_4q_growth_year": -53.3,
            "roe": 3.54,
            "gross_profit": 105107,
            "gross_margin": 36.54,
            "net_income": 41769,
            "revenue": 287669,
            "common_shares": 481042,
            "equity": 1200040,
            "current_ratio": 502.4,
            "debt_ratio": 16.72,
            "inventory_turnover_ratio": 0.87,
            "account_receivable_turnover_ratio": 1.7,
            "reinvestment_rate": null,
            "research_to_sale_ratio": 7.84,
            "price_fair": 152.7,
            "eps_avg_yearly": 4.36,
            "eps_latest_yearly": 3.48,
            "eps_growth_yearly": 27.37
        },
        "20102": {
            "year_quarter": 20102,
            "year": 2010,
            "quarter": 2,
            "eps": 1.5,
            "eps_growth_year": 329.12,
            "eps_4q": 3.37,
            "eps_4q_growth_year": -6.74,
            "roe": 6.01,
            "gross_profit": 142468,
            "gross_margin": 40.45,
            "net_income": 72249,
            "revenue": 352211,
            "common_shares": 481042,
            "equity": 1205177,
            "current_ratio": 379.94,
            "debt_ratio": 22.55,
            "inventory_turnover_ratio": 0.81,
            "account_receivable_turnover_ratio": 1.68,
            "reinvestment_rate": 109.5,
            "research_to_sale_ratio": 7.1,
            "price_fair": 156.52,
            "eps_avg_yearly": 4.47,
            "eps_latest_yearly": 6,
            "eps_growth_yearly": 44.85
        },
        "20103": {
            "year_quarter": 20103,
            "year": 2010,
            "quarter": 3,
            "eps": 1.52,
            "eps_growth_year": 230.47,
            "eps_4q": 4.43,
            "eps_4q_growth_year": 73.49,
            "roe": 5.93,
            "gross_profit": 155853,
            "gross_margin": 41.7,
            "net_income": 73126,
            "revenue": 373758,
            "common_shares": 481042,
            "equity": 1262101,
            "current_ratio": 450.93,
            "debt_ratio": 19.15,
            "inventory_turnover_ratio": 0.74,
            "account_receivable_turnover_ratio": 1.57,
            "reinvestment_rate": 82.9,
            "research_to_sale_ratio": 5.7,
            "price_fair": 160.04,
            "eps_avg_yearly": 4.57,
            "eps_latest_yearly": 6.08,
            "eps_growth_yearly": 42.38
        },
        "20104": {
            "year_quarter": 20104,
            "year": 2010,
            "quarter": 4,
            "eps": 1.17,
            "eps_growth_year": 115.8,
            "eps_4q": 5.06,
            "eps_4q_growth_year": 144.96,
            "roe": 4.43,
            "gross_profit": 136628,
            "gross_margin": 41.02,
            "net_income": 56056,
            "revenue": 333072,
            "common_shares": 481042,
            "equity": 1270643,
            "current_ratio": 476.73,
            "debt_ratio": 18.21,
            "inventory_turnover_ratio": 0.64,
            "account_receivable_turnover_ratio": 1.5,
            "reinvestment_rate": 71.33,
            "research_to_sale_ratio": 8.78,
            "price_fair": 164.41,
            "eps_avg_yearly": 4.7,
            "eps_latest_yearly": 4.68,
            "eps_growth_yearly": 54.18
        },
        "20111": {
            "year_quarter": 20111,
            "year": 2011,
            "quarter": 1,
            "eps": 0.99,
            "eps_growth_year": 13.79,
            "eps_4q": 5.18,
            "eps_4q_growth_year": 134.06,
            "roe": 3.67,
            "gross_profit": 119513,
            "gross_margin": 35.86,
            "net_income": 47614,
            "revenue": 333281,
            "common_shares": 481042,
            "equity": 1323810,
            "current_ratio": 555.64,
            "debt_ratio": 15.68,
            "inventory_turnover_ratio": 0.68,
            "account_receivable_turnover_ratio": 1.66,
            "reinvestment_rate": 80.35,
            "research_to_sale_ratio": 7.81,
            "price_fair": 107.73,
            "eps_avg_yearly": 4.53,
            "eps_latest_yearly": 3.96,
            "eps_growth_yearly": 13.77
        },
        "20112": {
            "year_quarter": 20112,
            "year": 2011,
            "quarter": 2,
            "eps": 0.99,
            "eps_growth_year": -33.98,
            "eps_4q": 4.67,
            "eps_4q_growth_year": 38.53,
            "roe": 3.84,
            "gross_profit": 121813,
            "gross_margin": 36.7,
            "net_income": 47698,
            "revenue": 331890,
            "common_shares": 481042,
            "equity": 1163038,
            "current_ratio": 295.36,
            "debt_ratio": 29.81,
            "inventory_turnover_ratio": 0.61,
            "account_receivable_turnover_ratio": 1.63,
            "reinvestment_rate": 83.6,
            "research_to_sale_ratio": 7.9,
            "price_fair": 90.25,
            "eps_avg_yearly": 4.32,
            "eps_latest_yearly": 3.96,
            "eps_growth_yearly": 10.89
        },
        "20113": {
            "year_quarter": 20113,
            "year": 2011,
            "quarter": 3,
            "eps": 1.21,
            "eps_growth_year": -20.58,
            "eps_4q": 4.35,
            "eps_4q_growth_year": -1.76,
            "roe": 4.78,
            "gross_profit": 115657,
            "gross_margin": 36.28,
            "net_income": 58073,
            "revenue": 318812,
            "common_shares": 481042,
            "equity": 1264415,
            "current_ratio": 446.24,
            "debt_ratio": 19.58,
            "inventory_turnover_ratio": 0.51,
            "account_receivable_turnover_ratio": 1.53,
            "reinvestment_rate": 96.45,
            "research_to_sale_ratio": 8.44,
            "price_fair": 94.5,
            "eps_avg_yearly": 4.1,
            "eps_latest_yearly": 4.84,
            "eps_growth_yearly": 13.05
        },
        "20114": {
            "year_quarter": 20114,
            "year": 2011,
            "quarter": 4,
            "eps": 0.98,
            "eps_growth_year": -15.53,
            "eps_4q": 4.17,
            "eps_4q_growth_year": -17.46,
            "roe": 3.68,
            "gross_profit": 95520,
            "gross_margin": 33.6,
            "net_income": 47348,
            "revenue": 284279,
            "common_shares": 481042,
            "equity": 1310959,
            "current_ratio": 499.38,
            "debt_ratio": 17.56,
            "inventory_turnover_ratio": 0.44,
            "account_receivable_turnover_ratio": 1.53,
            "reinvestment_rate": 88.43,
            "research_to_sale_ratio": 9.17,
            "price_fair": 127.18,
            "eps_avg_yearly": 4.09,
            "eps_latest_yearly": 3.92,
            "eps_growth_yearly": 21.1
        },
        "20121": {
            "year_quarter": 20121,
            "year": 2012,
            "quarter": 1,
            "eps": 0.62,
            "eps_growth_year": -37.37,
            "eps_4q": 3.8,
            "eps_4q_growth_year": -26.55,
            "roe": 2.27,
            "gross_profit": 92476,
            "gross_margin": 32.36,
            "net_income": 29810,
            "revenue": 285814,
            "common_shares": 481042,
            "equity": 1320095,
            "current_ratio": 662.96,
            "debt_ratio": 13.15,
            "inventory_turnover_ratio": 0.48,
            "account_receivable_turnover_ratio": 1.74,
            "reinvestment_rate": 90.74,
            "research_to_sale_ratio": 8.47,
            "price_fair": 88.46,
            "eps_avg_yearly": 3.99,
            "eps_latest_yearly": 2.48,
            "eps_growth_yearly": 12.16
        },
        "20122": {
            "year_quarter": 20122,
            "year": 2012,
            "quarter": 2,
            "eps": 0.53,
            "eps_growth_year": -46.32,
            "eps_4q": 3.34,
            "eps_4q_growth_year": -28.36,
            "roe": 2.03,
            "gross_profit": 91465,
            "gross_margin": 32.47,
            "net_income": 25606,
            "revenue": 281692,
            "common_shares": 481042,
            "equity": 1202330,
            "current_ratio": 383.57,
            "debt_ratio": 22.71,
            "inventory_turnover_ratio": 0.54,
            "account_receivable_turnover_ratio": 1.65,
            "reinvestment_rate": 101.79,
            "research_to_sale_ratio": 8.39,
            "price_fair": 11.22,
            "eps_avg_yearly": 3.74,
            "eps_latest_yearly": 2.12,
            "eps_growth_yearly": -4.59
        },
        "20123": {
            "year_quarter": 20123,
            "year": 2012,
            "quarter": 3,
            "eps": 0.54,
            "eps_growth_year": -55.61,
            "eps_4q": 2.67,
            "eps_4q_growth_year": -38.63,
            "roe": 2.13,
            "gross_profit": 87199,
            "gross_margin": 32.1,
            "net_income": 25778,
            "revenue": 271619,
            "common_shares": 481042,
            "equity": 1212840,
            "current_ratio": 554.67,
            "debt_ratio": 15.46,
            "inventory_turnover_ratio": 0.58,
            "account_receivable_turnover_ratio": 1.54,
            "reinvestment_rate": 109.02,
            "research_to_sale_ratio": 8.78,
            "price_fair": 10.51,
            "eps_avg_yearly": 3.5,
            "eps_latest_yearly": 2.16,
            "eps_growth_yearly": -3.31
        },
        "20124": {
            "year_quarter": 20124,
            "year": 2012,
            "quarter": 4,
            "eps": 0.51,
            "eps_growth_year": -48.3,
            "eps_4q": 2.2,
            "eps_4q_growth_year": -47.36,
            "roe": 2,
            "gross_profit": 82234,
            "gross_margin": 32.41,
            "net_income": 24481,
            "revenue": 253718,
            "common_shares": 481042,
            "equity": 1231405,
            "current_ratio": 565.7,
            "debt_ratio": 15.09,
            "inventory_turnover_ratio": 0.59,
            "account_receivable_turnover_ratio": 1.54,
            "reinvestment_rate": 115.08,
            "research_to_sale_ratio": 6.79,
            "price_fair": 44.52,
            "eps_avg_yearly": 3.38,
            "eps_latest_yearly": 2.04,
            "eps_growth_yearly": 3.19
        },
        "20131": {
            "year_quarter": 20131,
            "year": 2013,
            "quarter": 1,
            "eps": 0.8,
            "eps_growth_year": 29.03,
            "eps_4q": 2.38,
            "eps_4q_growth_year": -37.42,
            "roe": 3.09,
            "gross_profit": 91551,
            "gross_margin": 33.62,
            "net_income": 38611,
            "revenue": 272309,
            "common_shares": 481042,
            "equity": 1266318,
            "current_ratio": 458.2,
            "debt_ratio": 19.35,
            "inventory_turnover_ratio": 0.59,
            "account_receivable_turnover_ratio": 1.82,
            "reinvestment_rate": -8.85,
            "research_to_sale_ratio": 8.71,
            "price_fair": 118.01,
            "eps_avg_yearly": 3.4,
            "eps_latest_yearly": 3.2,
            "eps_growth_yearly": 24.76
        },
        "20132": {
            "year_quarter": 20132,
            "year": 2013,
            "quarter": 2,
            "eps": 0.96,
            "eps_growth_year": 80.35,
            "eps_4q": 2.8,
            "eps_4q_growth_year": -16.16,
            "roe": 3.69,
            "gross_profit": 112494,
            "gross_margin": 35.83,
            "net_income": 45979,
            "revenue": 313998,
            "common_shares": 481042,
            "equity": 1227897,
            "current_ratio": 385.31,
            "debt_ratio": 22.92,
            "inventory_turnover_ratio": 0.61,
            "account_receivable_turnover_ratio": 1.82,
            "reinvestment_rate": -6.68,
            "research_to_sale_ratio": 8.23,
            "price_fair": 124.16,
            "eps_avg_yearly": 3.55,
            "eps_latest_yearly": 3.84,
            "eps_growth_yearly": 42.61
        },
        "20133": {
            "year_quarter": 20133,
            "year": 2013,
            "quarter": 3,
            "eps": 1.06,
            "eps_growth_year": 97.81,
            "eps_4q": 3.32,
            "eps_4q_growth_year": 24.37,
            "roe": 4.07,
            "gross_profit": 113847,
            "gross_margin": 39.67,
            "net_income": 50802,
            "revenue": 286982,
            "common_shares": 481042,
            "equity": 1265745,
            "current_ratio": 557.46,
            "debt_ratio": 15.94,
            "inventory_turnover_ratio": 0.53,
            "account_receivable_turnover_ratio": 1.53,
            "reinvestment_rate": -5.24,
            "research_to_sale_ratio": 7.91,
            "price_fair": 129.41,
            "eps_avg_yearly": 3.7,
            "eps_latest_yearly": 4.24,
            "eps_growth_yearly": 37.35
        },
        "20134": {
            "year_quarter": 20134,
            "year": 2013,
            "quarter": 4,
            "eps": 0.71,
            "eps_growth_year": 38.94,
            "eps_4q": 3.52,
            "eps_4q_growth_year": 60.31,
            "roe": 2.64,
            "gross_profit": 86100,
            "gross_margin": 33.01,
            "net_income": 34014,
            "revenue": 260832,
            "common_shares": 481042,
            "equity": 1307364,
            "current_ratio": 535.87,
            "debt_ratio": 16.45,
            "inventory_turnover_ratio": 0.52,
            "account_receivable_turnover_ratio": 1.51,
            "reinvestment_rate": -85.07,
            "research_to_sale_ratio": 10.72,
            "price_fair": 129.97,
            "eps_avg_yearly": 3.74,
            "eps_latest_yearly": 2.84,
            "eps_growth_yearly": 24.75
        },
        "20141": {
            "year_quarter": 20141,
            "year": 2014,
            "quarter": 1,
            "eps": 0.63,
            "eps_growth_year": -21.25,
            "eps_4q": 3.35,
            "eps_4q_growth_year": 40.64,
            "roe": 2.27,
            "gross_profit": 92194,
            "gross_margin": 32.37,
            "net_income": 30200,
            "revenue": 284848,
            "common_shares": 481042,
            "equity": 1355694,
            "current_ratio": 655.12,
            "debt_ratio": 13.55,
            "inventory_turnover_ratio": 0.59,
            "account_receivable_turnover_ratio": 1.63,
            "reinvestment_rate": -86.88,
            "research_to_sale_ratio": 7.39,
            "price_fair": 61.29,
            "eps_avg_yearly": 3.68,
            "eps_latest_yearly": 2.52,
            "eps_growth_yearly": 6.66
        },
        "20142": {
            "year_quarter": 20142,
            "year": 2014,
            "quarter": 2,
            "eps": 1,
            "eps_growth_year": 4.17,
            "eps_4q": 3.39,
            "eps_4q_growth_year": 20.86,
            "roe": 3.68,
            "gross_profit": 116417,
            "gross_margin": 36.44,
            "net_income": 47957,
            "revenue": 319444,
            "common_shares": 481042,
            "equity": 1248708,
            "current_ratio": 370.21,
            "debt_ratio": 23.69,
            "inventory_turnover_ratio": 0.65,
            "account_receivable_turnover_ratio": 1.62,
            "reinvestment_rate": -94.74,
            "research_to_sale_ratio": 7.06,
            "price_fair": 47.05,
            "eps_avg_yearly": 3.56,
            "eps_latest_yearly": 4,
            "eps_growth_yearly": 3.23
        },
        "20143": {
            "year_quarter": 20143,
            "year": 2014,
            "quarter": 3,
            "eps": 0.7,
            "eps_growth_year": -33.96,
            "eps_4q": 3.03,
            "eps_4q_growth_year": -8.9,
            "roe": 2.63,
            "gross_profit": 113746,
            "gross_margin": 37.73,
            "net_income": 33472,
            "revenue": 301493,
            "common_shares": 481042,
            "equity": 1300593,
            "current_ratio": 490.78,
            "debt_ratio": 17.89,
            "inventory_turnover_ratio": 0.57,
            "account_receivable_turnover_ratio": 1.48,
            "reinvestment_rate": -100.97,
            "research_to_sale_ratio": 8.12,
            "price_fair": 10.05,
            "eps_avg_yearly": 3.35,
            "eps_latest_yearly": 2.8,
            "eps_growth_yearly": -4.6
        },
        "20144": {
            "year_quarter": 20144,
            "year": 2014,
            "quarter": 4,
            "eps": 0.75,
            "eps_growth_year": 5.71,
            "eps_4q": 3.07,
            "eps_4q_growth_year": -12.88,
            "roe": 2.69,
            "gross_profit": 98936,
            "gross_margin": 37.24,
            "net_income": 35955,
            "revenue": 265641,
            "common_shares": 481042,
            "equity": 1374000,
            "current_ratio": 524.59,
            "debt_ratio": 16.76,
            "inventory_turnover_ratio": 0.47,
            "account_receivable_turnover_ratio": 1.44,
            "reinvestment_rate": -100.85,
            "research_to_sale_ratio": 8.1,
            "price_fair": 42,
            "eps_avg_yearly": 3.25,
            "eps_latest_yearly": 3,
            "eps_growth_yearly": 2.94
        },
        "20151": {
            "year_quarter": 20151,
            "year": 2015,
            "quarter": 1,
            "eps": 0.51,
            "eps_growth_year": -19.05,
            "eps_4q": 2.95,
            "eps_4q_growth_year": -11.71,
            "roe": 1.79,
            "gross_profit": 92307,
            "gross_margin": 31.09,
            "net_income": 24752,
            "revenue": 296918,
            "common_shares": 481042,
            "equity": 1387160,
            "current_ratio": 658.81,
            "debt_ratio": 13.37,
            "inventory_turnover_ratio": 0.59,
            "account_receivable_turnover_ratio": 1.53,
            "reinvestment_rate": -107.74,
            "research_to_sale_ratio": 7.45,
            "price_fair": 9.38,
            "eps_avg_yearly": 3.13,
            "eps_latest_yearly": 2.04,
            "eps_growth_yearly": -1.21
        },
        "20152": {
            "year_quarter": 20152,
            "year": 2015,
            "quarter": 2,
            "eps": 0.81,
            "eps_growth_year": -19,
            "eps_4q": 2.77,
            "eps_4q_growth_year": -18.34,
            "roe": 2.91,
            "gross_profit": 103370,
            "gross_margin": 35.41,
            "net_income": 38902,
            "revenue": 291890,
            "common_shares": 481042,
            "equity": 1285322,
            "current_ratio": 391.46,
            "debt_ratio": 21.14,
            "inventory_turnover_ratio": 0.59,
            "account_receivable_turnover_ratio": 1.37,
            "reinvestment_rate": -112.04,
            "research_to_sale_ratio": 7.87,
            "price_fair": 72.37,
            "eps_avg_yearly": 3.08,
            "eps_latest_yearly": 3.24,
            "eps_growth_yearly": 13.5
        },
        "20153": {
            "year_quarter": 20153,
            "year": 2015,
            "quarter": 3,
            "eps": 0.84,
            "eps_growth_year": 20,
            "eps_4q": 2.91,
            "eps_4q_growth_year": -3.78,
            "roe": 3.03,
            "gross_profit": 100248,
            "gross_margin": 34.98,
            "net_income": 40531,
            "revenue": 286610,
            "common_shares": 481042,
            "equity": 1392101,
            "current_ratio": 609.04,
            "debt_ratio": 13.67,
            "inventory_turnover_ratio": 0.6,
            "account_receivable_turnover_ratio": 1.41,
            "reinvestment_rate": -127.9,
            "research_to_sale_ratio": 8.68,
            "price_fair": 56.36,
            "eps_avg_yearly": 2.99,
            "eps_latest_yearly": 3.36,
            "eps_growth_yearly": 8.87
        },
        "20154": {
            "year_quarter": 20154,
            "year": 2015,
            "quarter": 4,
            "eps": 0.33,
            "eps_growth_year": -56.27,
            "eps_4q": 2.49,
            "eps_4q_growth_year": -18.75,
            "roe": 1.13,
            "gross_profit": 102116,
            "gross_margin": 38.21,
            "net_income": 15724,
            "revenue": 267278,
            "common_shares": 481042,
            "equity": 1381450,
            "current_ratio": 609.59,
            "debt_ratio": 13.91,
            "inventory_turnover_ratio": 0.55,
            "account_receivable_turnover_ratio": 1.37,
            "reinvestment_rate": -141.1,
            "research_to_sale_ratio": 8.86,
            "price_fair": 8.48,
            "eps_avg_yearly": 2.83,
            "eps_latest_yearly": 1.32,
            "eps_growth_yearly": -1.56
        },
        "20161": {
            "year_quarter": 20161,
            "year": 2016,
            "quarter": 1,
            "eps": 0.62,
            "eps_growth_year": 21.57,
            "eps_4q": 2.6,
            "eps_4q_growth_year": -11.91,
            "roe": 2.17,
            "gross_profit": 91244,
            "gross_margin": 33.78,
            "net_income": 30046,
            "revenue": 270100,
            "common_shares": 481042,
            "equity": 1393805,
            "current_ratio": 673.66,
            "debt_ratio": 12.62,
            "inventory_turnover_ratio": 0.64,
            "account_receivable_turnover_ratio": 1.4,
            "reinvestment_rate": -139.58,
            "research_to_sale_ratio": 10.56,
            "price_fair": 98.88,
            "eps_avg_yearly": 2.83,
            "eps_latest_yearly": 2.48,
            "eps_growth_yearly": 29.59
        },
        "20162": {
            "year_quarter": 20162,
            "year": 2016,
            "quarter": 2,
            "eps": 0.53,
            "eps_growth_year": -34.57,
            "eps_4q": 2.33,
            "eps_4q_growth_year": -15.86,
            "roe": 1.9,
            "gross_profit": 104440,
            "gross_margin": 35.9,
            "net_income": 25669,
            "revenue": 290911,
            "common_shares": 481042,
            "equity": 1308099,
            "current_ratio": 408.12,
            "debt_ratio": 20.56,
            "inventory_turnover_ratio": 0.69,
            "account_receivable_turnover_ratio": 1.42,
            "reinvestment_rate": -144.82,
            "research_to_sale_ratio": 8.54,
            "price_fair": 98.88,
            "eps_avg_yearly": 2.83,
            "eps_latest_yearly": 2.12,
            "eps_growth_yearly": 29.59
        },
        "20163": {
            "year_quarter": 20163,
            "year": 2016,
            "quarter": 3,
            "eps": 0.74,
            "eps_growth_year": -11.9,
            "eps_4q": 2.23,
            "eps_4q_growth_year": -23.53,
            "roe": 2.73,
            "gross_profit": 102502,
            "gross_margin": 37.34,
            "net_income": 35722,
            "revenue": 274536,
            "common_shares": 481042,
            "equity": 1309848,
            "current_ratio": 580.81,
            "debt_ratio": 14.48,
            "inventory_turnover_ratio": 0.65,
            "account_receivable_turnover_ratio": 1.37,
            "reinvestment_rate": -142.44,
            "research_to_sale_ratio": 8.55,
            "price_fair": 100.63,
            "eps_avg_yearly": 2.88,
            "eps_latest_yearly": 2.96,
            "eps_growth_yearly": 39.03
        },
        "20164": {
            "year_quarter": 20164,
            "year": 2016,
            "quarter": 4,
            "eps": 0.36,
            "eps_growth_year": 9.52,
            "eps_4q": 2.26,
            "eps_4q_growth_year": -9.38,
            "roe": 1.3,
            "gross_profit": 87132,
            "gross_margin": 37.47,
            "net_income": 17221,
            "revenue": 232555,
            "common_shares": 481042,
            "equity": 1341183,
            "current_ratio": 540.25,
            "debt_ratio": 15.67,
            "inventory_turnover_ratio": 0.52,
            "account_receivable_turnover_ratio": 1.38,
            "reinvestment_rate": -146.7,
            "research_to_sale_ratio": 12.55,
            "price_fair": 99.31,
            "eps_avg_yearly": 2.84,
            "eps_latest_yearly": 1.44,
            "eps_growth_yearly": 27.58
        },
        "20171": {
            "year_quarter": 20171,
            "year": 2017,
            "quarter": 1,
            "eps": 0.88,
            "eps_growth_year": 41.94,
            "eps_4q": 2.51,
            "eps_4q_growth_year": -3.58,
            "roe": 3.16,
            "gross_profit": 112094,
            "gross_margin": 38.07,
            "net_income": 42112,
            "revenue": 294433,
            "common_shares": 481042,
            "equity": 1321629,
            "current_ratio": 569.48,
            "debt_ratio": 14.89,
            "inventory_turnover_ratio": 0.63,
            "account_receivable_turnover_ratio": 1.59,
            "reinvestment_rate": 1.86,
            "research_to_sale_ratio": 9.56,
            "price_fair": 100.01,
            "eps_avg_yearly": 2.86,
            "eps_latest_yearly": 3.52,
            "eps_growth_yearly": 49.47
        },
        "20172": {
            "year_quarter": 20172,
            "year": 2017,
            "quarter": 2,
            "eps": 1.15,
            "eps_growth_year": 116.98,
            "eps_4q": 3.12,
            "eps_4q_growth_year": 34.17,
            "roe": 4.23,
            "gross_profit": 117440,
            "gross_margin": 37.7,
            "net_income": 55180,
            "revenue": 311477,
            "common_shares": 481042,
            "equity": 1286173,
            "current_ratio": 373.28,
            "debt_ratio": 22.31,
            "inventory_turnover_ratio": 0.64,
            "account_receivable_turnover_ratio": 1.44,
            "reinvestment_rate": 2.26,
            "research_to_sale_ratio": 9.15,
            "price_fair": 101.68,
            "eps_avg_yearly": 2.91,
            "eps_latest_yearly": 4.6,
            "eps_growth_yearly": 52.14
        },
        "20173": {
            "year_quarter": 20173,
            "year": 2017,
            "quarter": 3,
            "eps": 1.11,
            "eps_growth_year": 50,
            "eps_4q": 3.49,
            "eps_4q_growth_year": 56.8,
            "roe": 4.08,
            "gross_profit": 116020,
            "gross_margin": 38.33,
            "net_income": 53518,
            "revenue": 302668,
            "common_shares": 481042,
            "equity": 1340194,
            "current_ratio": 476.7,
            "debt_ratio": 17.51,
            "inventory_turnover_ratio": 0.55,
            "account_receivable_turnover_ratio": 1.46,
            "reinvestment_rate": 3.18,
            "research_to_sale_ratio": 9.16,
            "price_fair": 102.11,
            "eps_avg_yearly": 2.92,
            "eps_latest_yearly": 4.44,
            "eps_growth_yearly": 48.67
        },
        "20174": {
            "year_quarter": 20174,
            "year": 2017,
            "quarter": 4,
            "eps": 0.72,
            "eps_growth_year": 99.93,
            "eps_4q": 3.85,
            "eps_4q_growth_year": 70.48,
            "roe": 2.55,
            "gross_profit": 100172,
            "gross_margin": 38.8,
            "net_income": 34430,
            "revenue": 258191,
            "common_shares": 481042,
            "equity": 1360608,
            "current_ratio": 465.04,
            "debt_ratio": 18.18,
            "inventory_turnover_ratio": 0.42,
            "account_receivable_turnover_ratio": 1.36,
            "reinvestment_rate": 3.68,
            "research_to_sale_ratio": 10.33,
            "price_fair": 102.2,
            "eps_avg_yearly": 2.92,
            "eps_latest_yearly": 2.88,
            "eps_growth_yearly": 48.14
        },
        "20181": {
            "year_quarter": 20181,
            "year": 2018,
            "quarter": 1,
            "eps": 0.96,
            "eps_growth_year": 9.09,
            "eps_4q": 3.93,
            "eps_4q_growth_year": 56.67,
            "roe": 3.34,
            "gross_profit": 108483,
            "gross_margin": 35.54,
            "net_income": 46013,
            "revenue": 305248,
            "common_shares": 481042,
            "equity": 1392506,
            "current_ratio": 557.35,
            "debt_ratio": 15.23,
            "inventory_turnover_ratio": 0.49,
            "account_receivable_turnover_ratio": 1.59,
            "reinvestment_rate": 2.81,
            "research_to_sale_ratio": 8.81,
            "price_fair": 105.09,
            "eps_avg_yearly": 3,
            "eps_latest_yearly": 3.84,
            "eps_growth_yearly": 59.29
        },
        "20182": {
            "year_quarter": 20182,
            "year": 2018,
            "quarter": 2,
            "eps": 0.69,
            "eps_growth_year": -40,
            "eps_4q": 3.48,
            "eps_4q_growth_year": 11.41,
            "roe": 2.47,
            "gross_profit": 109723,
            "gross_margin": 35.93,
            "net_income": 33419,
            "revenue": 305354,
            "common_shares": 481042,
            "equity": 1310480,
            "current_ratio": 354.53,
            "debt_ratio": 23.7,
            "inventory_turnover_ratio": 0.48,
            "account_receivable_turnover_ratio": 1.49,
            "reinvestment_rate": 3.09,
            "research_to_sale_ratio": 8.33,
            "price_fair": 102.38,
            "eps_avg_yearly": 2.93,
            "eps_latest_yearly": 2.76,
            "eps_growth_yearly": 37.58
        },
        "20183": {
            "year_quarter": 20183,
            "year": 2018,
            "quarter": 3,
            "eps": 0.57,
            "eps_growth_year": -48.65,
            "eps_4q": 2.94,
            "eps_4q_growth_year": -15.87,
            "roe": 2.08,
            "gross_profit": 107061,
            "gross_margin": 34.47,
            "net_income": 27506,
            "revenue": 310548,
            "common_shares": 481042,
            "equity": 1331318,
            "current_ratio": 542.32,
            "debt_ratio": 15.61,
            "inventory_turnover_ratio": 0.52,
            "account_receivable_turnover_ratio": 1.5,
            "reinvestment_rate": 1.89,
            "research_to_sale_ratio": 8.75,
            "price_fair": 101.24,
            "eps_avg_yearly": 2.89,
            "eps_latest_yearly": 2.28,
            "eps_growth_yearly": 40.73
        },
        "20184": {
            "year_quarter": 20184,
            "year": 2018,
            "quarter": 4,
            "eps": 0.51,
            "eps_growth_year": -29.2,
            "eps_4q": 2.73,
            "eps_4q_growth_year": -29.11,
            "roe": 1.81,
            "gross_profit": 99554,
            "gross_margin": 38.08,
            "net_income": 24375,
            "revenue": 261417,
            "common_shares": 481042,
            "equity": 1362772,
            "current_ratio": 586.54,
            "debt_ratio": 14.48,
            "inventory_turnover_ratio": 0.44,
            "account_receivable_turnover_ratio": 1.36,
            "reinvestment_rate": 1.41,
            "research_to_sale_ratio": 9.86,
            "price_fair": 99.14,
            "eps_avg_yearly": 2.83,
            "eps_latest_yearly": 2.04,
            "eps_growth_yearly": 36.31
        },
        "20191": {
            "year_quarter": 20191,
            "year": 2019,
            "quarter": 1,
            "eps": 0.57,
            "eps_growth_year": -40.62,
            "eps_4q": 2.34,
            "eps_4q_growth_year": -40.5,
            "roe": 1.97,
            "gross_profit": 101662,
            "gross_margin": 32.77,
            "net_income": 27241,
            "revenue": 310262,
            "common_shares": 481042,
            "equity": 1399103,
            "current_ratio": 637.37,
            "debt_ratio": 13.33,
            "inventory_turnover_ratio": 0.61,
            "account_receivable_turnover_ratio": 1.65,
            "reinvestment_rate": 1.14,
            "research_to_sale_ratio": 9.12,
            "price_fair": 99.66,
            "eps_avg_yearly": 2.85,
            "eps_latest_yearly": 2.28,
            "eps_growth_yearly": 47.25
        },
        "20192": {
            "year_quarter": 20192,
            "year": 2019,
            "quarter": 2,
            "eps": 0.56,
            "eps_growth_year": -18.84,
            "eps_4q": 2.21,
            "eps_4q_growth_year": -36.59,
            "roe": 1.98,
            "gross_profit": 105729,
            "gross_margin": 36.98,
            "net_income": 27006,
            "revenue": 285919,
            "common_shares": 481042,
            "equity": 1328486,
            "current_ratio": 430.21,
            "debt_ratio": 19.51,
            "inventory_turnover_ratio": 0.6,
            "account_receivable_turnover_ratio": 1.49,
            "reinvestment_rate": 0.98,
            "research_to_sale_ratio": 10.83,
            "price_fair": 97.48,
            "eps_avg_yearly": 2.79,
            "eps_latest_yearly": 2.24,
            "eps_growth_yearly": 32.11
        },
        "20193": {
            "year_quarter": 20193,
            "year": 2019,
            "quarter": 3,
            "eps": 0.5,
            "eps_growth_year": -12.28,
            "eps_4q": 2.14,
            "eps_4q_growth_year": -27.26,
            "roe": 1.82,
            "gross_profit": 91704,
            "gross_margin": 36.36,
            "net_income": 24203,
            "revenue": 252201,
            "common_shares": 481042,
            "equity": 1334458,
            "current_ratio": 673.78,
            "debt_ratio": 12.71,
            "inventory_turnover_ratio": 0.59,
            "account_receivable_turnover_ratio": 1.51,
            "reinvestment_rate": 0.02,
            "research_to_sale_ratio": 10.39,
            "price_fair": 94.5,
            "eps_avg_yearly": 2.7,
            "eps_latest_yearly": 2,
            "eps_growth_yearly": 28.5
        },
        "20194": {
            "year_quarter": 20194,
            "year": 2019,
            "quarter": 4,
            "eps": 0.23,
            "eps_growth_year": -55.29,
            "eps_4q": 1.86,
            "eps_4q_growth_year": -31.96,
            "roe": 0.82,
            "gross_profit": 81362,
            "gross_margin": 35.09,
            "net_income": 10899,
            "revenue": 231876,
            "common_shares": 481042,
            "equity": 1322259,
            "current_ratio": 632.16,
            "debt_ratio": 13.31,
            "inventory_turnover_ratio": 0.59,
            "account_receivable_turnover_ratio": 1.66,
            "reinvestment_rate": -1.09,
            "research_to_sale_ratio": 10.98,
            "price_fair": 93.63,
            "eps_avg_yearly": 2.68,
            "eps_latest_yearly": 0.92,
            "eps_growth_yearly": 30.18
        },
        "20201": {
            "year_quarter": 20201,
            "year": 2020,
            "quarter": 1,
            "eps": -0.02,
            "eps_growth_year": -103.51,
            "eps_4q": 1.27,
            "eps_4q_growth_year": -45.71,
            "roe": -0.08,
            "gross_profit": 53286,
            "gross_margin": 27.74,
            "net_income": -1004,
            "revenue": 192069,
            "common_shares": 481042,
            "equity": 1326514,
            "current_ratio": 617.89,
            "debt_ratio": 14.37,
            "inventory_turnover_ratio": 0.55,
            "account_receivable_turnover_ratio": 1.62,
            "reinvestment_rate": -1.16,
            "research_to_sale_ratio": 9.99,
            "price_fair": 50.43,
            "eps_avg_yearly": 2.69,
            "eps_latest_yearly": 0.92,
            "eps_growth_yearly": 8.76
        },
        "20202": {
            "year_quarter": 20202,
            "year": 2020,
            "quarter": 2,
            "eps": 1.15,
            "eps_growth_year": 105.36,
            "eps_4q": 1.85,
            "eps_4q_growth_year": -15.93,
            "roe": 4.16,
            "gross_profit": 119269,
            "gross_margin": 37.82,
            "net_income": 55128,
            "revenue": 315381,
            "common_shares": 481042,
            "equity": 1323325,
            "current_ratio": 432.57,
            "debt_ratio": 20,
            "inventory_turnover_ratio": 0.81,
            "account_receivable_turnover_ratio": 2.05,
            "reinvestment_rate": -0.38,
            "research_to_sale_ratio": 8.69,
            "price_fair": 64.22,
            "eps_avg_yearly": 2.73,
            "eps_latest_yearly": 0.92,
            "eps_growth_yearly": 13.53
        },
        "20203": {
            "year_quarter": 20203,
            "year": 2020,
            "quarter": 3,
            "eps": 0.82,
            "eps_growth_year": 64,
            "eps_4q": 2.17,
            "eps_4q_growth_year": 1.65,
            "roe": 2.95,
            "gross_profit": 115708,
            "gross_margin": 37.15,
            "net_income": 39497,
            "revenue": 311452,
            "common_shares": 481042,
            "equity": 1354284,
            "current_ratio": 443.35,
            "debt_ratio": 19.6,
            "inventory_turnover_ratio": 0.86,
            "account_receivable_turnover_ratio": 1.64,
            "reinvestment_rate": 0.77,
            "research_to_sale_ratio": 9.15,
            "price_fair": 8.25,
            "eps_avg_yearly": 2.75,
            "eps_latest_yearly": 3.28,
            "eps_growth_yearly": -5.98
        },
        "20204": {
            "year_quarter": 20204,
            "year": 2020,
            "quarter": 4,
            "eps": 0.59,
            "eps_growth_year": 162.4,
            "eps_4q": 2.54,
            "eps_4q_growth_year": 36.79,
            "roe": 2.1,
            "gross_profit": 85189,
            "gross_margin": 36.56,
            "net_income": 28599,
            "revenue": 232990,
            "common_shares": 481042,
            "equity": 1363384,
            "current_ratio": 452.69,
            "debt_ratio": 19.92,
            "inventory_turnover_ratio": 0.64,
            "account_receivable_turnover_ratio": 1.42,
            "reinvestment_rate": 1.65,
            "research_to_sale_ratio": 12.7,
            "price_fair": 28.17,
            "eps_avg_yearly": 2.82,
            "eps_latest_yearly": 2.36,
            "eps_growth_yearly": 0.67
        },
        "20211": {
            "year_quarter": 20211,
            "year": 2021,
            "quarter": 1,
            "eps": 0.37,
            "eps_growth_year": null,
            "eps_4q": 2.93,
            "eps_4q_growth_year": 130.9,
            "roe": 1.3,
            "gross_profit": 80717,
            "gross_margin": 30.83,
            "net_income": 17866,
            "revenue": 261798,
            "common_shares": 481042,
            "equity": 1378520,
            "current_ratio": 455.74,
            "debt_ratio": 18.52,
            "inventory_turnover_ratio": 0.74,
            "account_receivable_turnover_ratio": 1.66,
            "reinvestment_rate": 2.66,
            "research_to_sale_ratio": 8.45,
            "price_fair": 8.01,
            "eps_avg_yearly": 2.67,
            "eps_latest_yearly": 1.48,
            "eps_growth_yearly": -51.25
        },
        "20212": {
            "year_quarter": 20212,
            "year": 2021,
            "quarter": 2,
            "eps": 0.4,
            "eps_growth_year": -65.22,
            "eps_4q": 2.19,
            "eps_4q_growth_year": 17.81,
            "roe": 1.39,
            "gross_profit": 82613,
            "gross_margin": 31.43,
            "net_income": 19151,
            "revenue": 262846,
            "common_shares": 481042,
            "equity": 1379355,
            "current_ratio": 395.8,
            "debt_ratio": 21.23,
            "inventory_turnover_ratio": 0.64,
            "account_receivable_turnover_ratio": 1.57,
            "reinvestment_rate": 3.62,
            "research_to_sale_ratio": 10.94,
            "price_fair": 7.37,
            "eps_avg_yearly": 2.46,
            "eps_latest_yearly": 1.6,
            "eps_growth_yearly": -57.7
        },
        "20213": {
            "year_quarter": 20213,
            "year": 2021,
            "quarter": 3,
            "eps": 0.71,
            "eps_growth_year": -13.41,
            "eps_4q": 2.08,
            "eps_4q_growth_year": -4.49,
            "roe": 2.5,
            "gross_profit": 105809,
            "gross_margin": 32.7,
            "net_income": 34207,
            "revenue": 323601,
            "common_shares": 481042,
            "equity": 1362266,
            "current_ratio": 324.29,
            "debt_ratio": 26.04,
            "inventory_turnover_ratio": 0.62,
            "account_receivable_turnover_ratio": 1.75,
            "reinvestment_rate": 3.08,
            "research_to_sale_ratio": 8.7,
            "price_fair": 7.03,
            "eps_avg_yearly": 2.34,
            "eps_latest_yearly": 2.84,
            "eps_growth_yearly": -34.56
        },
        "20214": {
            "year_quarter": 20214,
            "year": 2021,
            "quarter": 4,
            "eps": 0.72,
            "eps_growth_year": 21.63,
            "eps_4q": 2.2,
            "eps_4q_growth_year": -13.26,
            "roe": 2.53,
            "gross_profit": 112393,
            "gross_margin": 31.19,
            "net_income": 34785,
            "revenue": 360360,
            "common_shares": 481042,
            "equity": 1387104,
            "current_ratio": 304.33,
            "debt_ratio": 28.37,
            "inventory_turnover_ratio": 0.57,
            "account_receivable_turnover_ratio": 1.71,
            "reinvestment_rate": 1.63,
            "research_to_sale_ratio": 8.88,
            "price_fair": 7.03,
            "eps_avg_yearly": 2.34,
            "eps_latest_yearly": 2.88,
            "eps_growth_yearly": -24.12
        },
        "20221": {
            "year_quarter": 20221,
            "year": 2022,
            "quarter": 1,
            "eps": 0.86,
            "eps_growth_year": 132.43,
            "eps_4q": 2.69,
            "eps_4q_growth_year": -8.27,
            "roe": 2.89,
            "gross_profit": 104158,
            "gross_margin": 31.82,
            "net_income": 41276,
            "revenue": 327325,
            "common_shares": 481042,
            "equity": 1466137,
            "current_ratio": 344.49,
            "debt_ratio": 24.63,
            "inventory_turnover_ratio": 0.41,
            "account_receivable_turnover_ratio": 1.59,
            "reinvestment_rate": 3.92,
            "research_to_sale_ratio": 8.68,
            "price_fair": 6.94,
            "eps_avg_yearly": 2.31,
            "eps_latest_yearly": 3.44,
            "eps_growth_yearly": -28.09
        },
        "20222": {
            "year_quarter": 20222,
            "year": 2022,
            "quarter": 2,
            "eps": 1.07,
            "eps_growth_year": 167.5,
            "eps_4q": 3.37,
            "eps_4q_growth_year": 54,
            "roe": 3.49,
            "gross_profit": 154615,
            "gross_margin": 32.23,
            "net_income": 51607,
            "revenue": 479689,
            "common_shares": 481042,
            "equity": 1490883,
            "current_ratio": 284.73,
            "debt_ratio": 29.13,
            "inventory_turnover_ratio": 0.54,
            "account_receivable_turnover_ratio": 1.94,
            "reinvestment_rate": 15.13,
            "research_to_sale_ratio": 6.72,
            "price_fair": 7.27,
            "eps_avg_yearly": 2.42,
            "eps_latest_yearly": 4.28,
            "eps_growth_yearly": -13.08
        },
        "20223": {
            "year_quarter": 20223,
            "year": 2022,
            "quarter": 3,
            "eps": 1.6,
            "eps_growth_year": 125.35,
            "eps_4q": 4.25,
            "eps_4q_growth_year": 104.94,
            "roe": 4.94,
            "gross_profit": 171071,
            "gross_margin": 36.99,
            "net_income": 76911,
            "revenue": 462422,
            "common_shares": 481042,
            "equity": 1624645,
            "current_ratio": 355.15,
            "debt_ratio": 22.64,
            "inventory_turnover_ratio": 0.51,
            "account_receivable_turnover_ratio": 1.62,
            "reinvestment_rate": 28.71,
            "research_to_sale_ratio": 7.13,
            "price_fair": 43.59,
            "eps_avg_yearly": 2.72,
            "eps_latest_yearly": 6.4,
            "eps_growth_yearly": 6.04
        },
        "20224": {
            "year_quarter": 20224,
            "year": 2022,
            "quarter": 4,
            "eps": 1.03,
            "eps_growth_year": 42.1,
            "eps_4q": 4.56,
            "eps_4q_growth_year": 106.8,
            "roe": 3.02,
            "gross_profit": 164188,
            "gross_margin": 37.18,
            "net_income": 49431,
            "revenue": 441578,
            "common_shares": 481042,
            "equity": 1646026,
            "current_ratio": 309.52,
            "debt_ratio": 29.03,
            "inventory_turnover_ratio": 0.51,
            "account_receivable_turnover_ratio": 1.74,
            "reinvestment_rate": 37.1,
            "research_to_sale_ratio": 8.78,
            "price_fair": 8.6,
            "eps_avg_yearly": 2.87,
            "eps_latest_yearly": 4.12,
            "eps_growth_yearly": -1.13
        },
        "20231": {
            "year_quarter": 20231,
            "year": 2023,
            "quarter": 1,
            "eps": 1.11,
            "eps_growth_year": 29.07,
            "eps_4q": 4.81,
            "eps_4q_growth_year": 78.76,
            "roe": 3.2,
            "gross_profit": 138746,
            "gross_margin": 36.29,
            "net_income": 53406,
            "revenue": 382363,
            "common_shares": 481042,
            "equity": 1687973,
            "current_ratio": 292.24,
            "debt_ratio": 30.08,
            "inventory_turnover_ratio": 0.47,
            "account_receivable_turnover_ratio": 1.76,
            "reinvestment_rate": 43.22,
            "research_to_sale_ratio": 8.83,
            "price_fair": 9.06,
            "eps_avg_yearly": 3.02,
            "eps_latest_yearly": 4.44,
            "eps_growth_yearly": -2.27
        }
    },
    "months": {
        "2004-11": {
            "month": "2004-11",
            "price": "38.17",
            "revenue": 43836
        },
        "2005-06": {
            "month": "2005-06",
            "price": "42.00",
            "revenue": 46765
        },
        "2005-07": {
            "month": "2005-07",
            "price": "44.41",
            "revenue": 45868
        },
        "2005-08": {
            "month": "2005-08",
            "price": "36.00",
            "revenue": 49411
        },
        "2005-12": {
            "month": "2005-12",
            "price": "44.00",
            "revenue": 68833
        },
        "2006-01": {
            "month": "2006-01",
            "price": "44.93",
            "revenue": 75438
        },
        "2006-02": {
            "month": "2006-02",
            "price": "48.74",
            "revenue": 71251
        },
        "2006-03": {
            "month": "2006-03",
            "price": "43.74",
            "revenue": 109975
        },
        "2006-04": {
            "month": "2006-04",
            "price": "48.04",
            "revenue": 91002
        },
        "2006-05": {
            "month": "2006-05",
            "price": "53.25",
            "revenue": 102048
        },
        "2006-06": {
            "month": "2006-06",
            "price": "44.66",
            "revenue": 98730
        },
        "2006-08": {
            "month": "2006-08",
            "price": "40.92",
            "revenue": 98381
        },
        "2006-09": {
            "month": "2006-09",
            "price": "43.50",
            "revenue": 95632
        },
        "2006-10": {
            "month": "2006-10",
            "price": "46.56",
            "revenue": 97135
        },
        "2006-11": {
            "month": "2006-11",
            "price": "44.57",
            "revenue": 92618
        },
        "2006-12": {
            "month": "2006-12",
            "price": "46.37",
            "revenue": 79583
        },
        "2007-01": {
            "month": "2007-01",
            "price": "49.94",
            "revenue": 98317
        },
        "2007-02": {
            "month": "2007-02",
            "price": "57.47",
            "revenue": 82026
        },
        "2007-03": {
            "month": "2007-03",
            "price": "59.30",
            "revenue": 109676
        },
        "2007-04": {
            "month": "2007-04",
            "price": "62.15",
            "revenue": 106069
        },
        "2007-05": {
            "month": "2007-05",
            "price": "72.71",
            "revenue": 104540
        },
        "2007-06": {
            "month": "2007-06",
            "price": "84.74",
            "revenue": 109981
        },
        "2007-07": {
            "month": "2007-07",
            "price": "87.20",
            "revenue": 103188
        },
        "2007-08": {
            "month": "2007-08",
            "price": "81.32",
            "revenue": 104350
        },
        "2007-09": {
            "month": "2007-09",
            "price": "62.35",
            "revenue": 90285
        },
        "2007-10": {
            "month": "2007-10",
            "price": "57.85",
            "revenue": 92826
        },
        "2007-11": {
            "month": "2007-11",
            "price": "56.21",
            "revenue": 106083
        },
        "2007-12": {
            "month": "2007-12",
            "price": "44.76",
            "revenue": 107252
        },
        "2008-01": {
            "month": "2008-01",
            "price": "35.82",
            "revenue": 118566
        },
        "2008-02": {
            "month": "2008-02",
            "price": "40.59",
            "revenue": 89352
        },
        "2008-03": {
            "month": "2008-03",
            "price": "44.96",
            "revenue": 117695
        },
        "2008-04": {
            "month": "2008-04",
            "price": "49.80",
            "revenue": 121470
        },
        "2008-05": {
            "month": "2008-05",
            "price": "50.80",
            "revenue": 119727
        },
        "2008-06": {
            "month": "2008-06",
            "price": "48.56",
            "revenue": 105639
        },
        "2008-07": {
            "month": "2008-07",
            "price": "40.55",
            "revenue": 108832
        },
        "2008-08": {
            "month": "2008-08",
            "price": "40.35",
            "revenue": 104119
        },
        "2008-09": {
            "month": "2008-09",
            "price": "37.27",
            "revenue": 113791
        },
        "2008-10": {
            "month": "2008-10",
            "price": "32.18",
            "revenue": 109485
        },
        "2008-11": {
            "month": "2008-11",
            "price": "27.95",
            "revenue": 91509
        },
        "2008-12": {
            "month": "2008-12",
            "price": "26.82",
            "revenue": 104589
        },
        "2009-01": {
            "month": "2009-01",
            "price": "27.74",
            "revenue": 73727
        },
        "2009-02": {
            "month": "2009-02",
            "price": "27.63",
            "revenue": 91451
        },
        "2009-03": {
            "month": "2009-03",
            "price": "31.13",
            "revenue": 95899
        },
        "2009-04": {
            "month": "2009-04",
            "price": "38.48",
            "revenue": 76695
        },
        "2009-05": {
            "month": "2009-05",
            "price": "38.76",
            "revenue": 70014
        },
        "2009-06": {
            "month": "2009-06",
            "price": "37.64",
            "revenue": 72729
        },
        "2009-07": {
            "month": "2009-07",
            "price": "35.55",
            "revenue": 72896
        },
        "2009-08": {
            "month": "2009-08",
            "price": "31.89",
            "revenue": 80225
        },
        "2009-09": {
            "month": "2009-09",
            "price": "31.42",
            "revenue": 87824
        },
        "2009-10": {
            "month": "2009-10",
            "price": "32.03",
            "revenue": 76257
        },
        "2009-11": {
            "month": "2009-11",
            "price": "30.96",
            "revenue": 76132
        },
        "2009-12": {
            "month": "2009-12",
            "price": "32.98",
            "revenue": 78788
        },
        "2010-01": {
            "month": "2010-01",
            "price": "35.44",
            "revenue": 101682
        },
        "2010-02": {
            "month": "2010-02",
            "price": "33.09",
            "revenue": 74271
        },
        "2010-03": {
            "month": "2010-03",
            "price": "34.62",
            "revenue": 111716
        },
        "2010-04": {
            "month": "2010-04",
            "price": "38.46",
            "revenue": 110298
        },
        "2010-05": {
            "month": "2010-05",
            "price": "37.79",
            "revenue": 111484
        },
        "2010-06": {
            "month": "2010-06",
            "price": "35.55",
            "revenue": 130549
        },
        "2010-07": {
            "month": "2010-07",
            "price": "37.27",
            "revenue": 111115
        },
        "2010-08": {
            "month": "2010-08",
            "price": "43.38",
            "revenue": 135620
        },
        "2010-09": {
            "month": "2010-09",
            "price": "44.40",
            "revenue": 127022
        },
        "2010-10": {
            "month": "2010-10",
            "price": "45.45",
            "revenue": 114379
        },
        "2010-11": {
            "month": "2010-11",
            "price": "44.69",
            "revenue": 113314
        },
        "2010-12": {
            "month": "2010-12",
            "price": "48.13",
            "revenue": 105379
        },
        "2011-01": {
            "month": "2011-01",
            "price": "48.78",
            "revenue": 129240
        },
        "2011-02": {
            "month": "2011-02",
            "price": "49.56",
            "revenue": 72668
        },
        "2011-03": {
            "month": "2011-03",
            "price": "52.07",
            "revenue": 131373
        },
        "2011-04": {
            "month": "2011-04",
            "price": "52.87",
            "revenue": 108502
        },
        "2011-05": {
            "month": "2011-05",
            "price": "51.55",
            "revenue": 115377
        },
        "2011-06": {
            "month": "2011-06",
            "price": "51.03",
            "revenue": 108011
        },
        "2011-07": {
            "month": "2011-07",
            "price": "46.96",
            "revenue": 98627
        },
        "2011-08": {
            "month": "2011-08",
            "price": "44.49",
            "revenue": 119090
        },
        "2011-09": {
            "month": "2011-09",
            "price": "45.43",
            "revenue": 101117
        },
        "2011-10": {
            "month": "2011-10",
            "price": "45.95",
            "revenue": 100345
        },
        "2011-11": {
            "month": "2011-11",
            "price": "46.14",
            "revenue": 97983
        },
        "2011-12": {
            "month": "2011-12",
            "price": "45.85",
            "revenue": 85952
        },
        "2012-01": {
            "month": "2012-01",
            "price": "45.87",
            "revenue": 86750
        },
        "2012-02": {
            "month": "2012-02",
            "price": "45.74",
            "revenue": 93219
        },
        "2012-03": {
            "month": "2012-03",
            "price": "45.32",
            "revenue": 105846
        },
        "2012-04": {
            "month": "2012-04",
            "price": "45.89",
            "revenue": 100061
        },
        "2012-05": {
            "month": "2012-05",
            "price": "45.81",
            "revenue": 97364
        },
        "2012-06": {
            "month": "2012-06",
            "price": "45.75",
            "revenue": 84267
        },
        "2012-07": {
            "month": "2012-07",
            "price": "44.00",
            "revenue": 85260
        },
        "2012-08": {
            "month": "2012-08",
            "price": "45.36",
            "revenue": 112926
        },
        "2012-09": {
            "month": "2012-09",
            "price": "44.68",
            "revenue": 73433
        },
        "2012-10": {
            "month": "2012-10",
            "price": "43.26",
            "revenue": 85445
        },
        "2012-11": {
            "month": "2012-11",
            "price": "37.39",
            "revenue": 93529
        },
        "2012-12": {
            "month": "2012-12",
            "price": "38.20",
            "revenue": 74744
        },
        "2013-01": {
            "month": "2013-01",
            "price": "38.07",
            "revenue": 106781
        },
        "2013-02": {
            "month": "2013-02",
            "price": "37.37",
            "revenue": 74044
        },
        "2013-03": {
            "month": "2013-03",
            "price": "38.06",
            "revenue": 91483
        },
        "2013-04": {
            "month": "2013-04",
            "price": "39.21",
            "revenue": 114557
        },
        "2013-05": {
            "month": "2013-05",
            "price": "39.36",
            "revenue": 115204
        },
        "2013-06": {
            "month": "2013-06",
            "price": "39.08",
            "revenue": 84238
        },
        "2013-07": {
            "month": "2013-07",
            "price": "39.25",
            "revenue": 97441
        },
        "2013-08": {
            "month": "2013-08",
            "price": "39.15",
            "revenue": 100336
        },
        "2013-09": {
            "month": "2013-09",
            "price": "39.88",
            "revenue": 89205
        },
        "2013-10": {
            "month": "2013-10",
            "price": "39.27",
            "revenue": 88747
        },
        "2013-11": {
            "month": "2013-11",
            "price": "40.13",
            "revenue": 87152
        },
        "2013-12": {
            "month": "2013-12",
            "price": "42.87",
            "revenue": 84934
        },
        "2014-01": {
            "month": "2014-01",
            "price": "44.85",
            "revenue": 104907
        },
        "2014-02": {
            "month": "2014-02",
            "price": "46.76",
            "revenue": 83372
        },
        "2014-03": {
            "month": "2014-03",
            "price": "50.02",
            "revenue": 96569
        },
        "2014-04": {
            "month": "2014-04",
            "price": "48.68",
            "revenue": 110378
        },
        "2014-05": {
            "month": "2014-05",
            "price": "46.08",
            "revenue": 111486
        },
        "2014-06": {
            "month": "2014-06",
            "price": "45.25",
            "revenue": 97580
        },
        "2014-07": {
            "month": "2014-07",
            "price": "45.26",
            "revenue": 108331
        },
        "2014-08": {
            "month": "2014-08",
            "price": "44.62",
            "revenue": 91818
        },
        "2014-09": {
            "month": "2014-09",
            "price": "43.65",
            "revenue": 101343
        },
        "2014-10": {
            "month": "2014-10",
            "price": "42.36",
            "revenue": 92921
        },
        "2014-11": {
            "month": "2014-11",
            "price": "41.80",
            "revenue": 85836
        },
        "2014-12": {
            "month": "2014-12",
            "price": "41.68",
            "revenue": 88907
        },
        "2015-01": {
            "month": "2015-01",
            "price": "42.69",
            "revenue": 108217
        },
        "2015-02": {
            "month": "2015-02",
            "price": "41.56",
            "revenue": 68565
        },
        "2015-03": {
            "month": "2015-03",
            "price": "41.28",
            "revenue": 120137
        },
        "2015-04": {
            "month": "2015-04",
            "price": "43.25",
            "revenue": 99818
        },
        "2015-05": {
            "month": "2015-05",
            "price": "42.20",
            "revenue": 98884
        },
        "2015-06": {
            "month": "2015-06",
            "price": "41.21",
            "revenue": 93188
        },
        "2015-07": {
            "month": "2015-07",
            "price": "40.14",
            "revenue": 103583
        },
        "2015-08": {
            "month": "2015-08",
            "price": "36.60",
            "revenue": 88330
        },
        "2015-09": {
            "month": "2015-09",
            "price": "38.99",
            "revenue": 94812
        },
        "2015-10": {
            "month": "2015-10",
            "price": "39.40",
            "revenue": 97359
        },
        "2015-11": {
            "month": "2015-11",
            "price": "38.22",
            "revenue": 77853
        },
        "2015-12": {
            "month": "2015-12",
            "price": "37.88",
            "revenue": 92066
        },
        "2016-01": {
            "month": "2016-01",
            "price": "37.05",
            "revenue": 93800
        },
        "2016-02": {
            "month": "2016-02",
            "price": "37.60",
            "revenue": 64098
        },
        "2016-03": {
            "month": "2016-03",
            "price": "37.51",
            "revenue": 112202
        },
        "2016-04": {
            "month": "2016-04",
            "price": "37.46",
            "revenue": 98303
        },
        "2016-05": {
            "month": "2016-05",
            "price": "37.18",
            "revenue": 91360
        },
        "2016-06": {
            "month": "2016-06",
            "price": "37.88",
            "revenue": 101249
        },
        "2016-07": {
            "month": "2016-07",
            "price": "37.98",
            "revenue": 89150
        },
        "2016-08": {
            "month": "2016-08",
            "price": "36.67",
            "revenue": 100756
        },
        "2016-09": {
            "month": "2016-09",
            "price": "36.51",
            "revenue": 84631
        },
        "2016-10": {
            "month": "2016-10",
            "price": "36.23",
            "revenue": 74731
        },
        "2016-11": {
            "month": "2016-11",
            "price": "35.97",
            "revenue": 85135
        },
        "2016-12": {
            "month": "2016-12",
            "price": "35.30",
            "revenue": 72688
        },
        "2017-01": {
            "month": "2017-01",
            "price": "35.43",
            "revenue": 104317
        },
        "2017-02": {
            "month": "2017-02",
            "price": "35.50",
            "revenue": 65630
        },
        "2017-03": {
            "month": "2017-03",
            "price": "35.79",
            "revenue": 124485
        },
        "2017-04": {
            "month": "2017-04",
            "price": "35.63",
            "revenue": 104861
        },
        "2017-05": {
            "month": "2017-05",
            "price": "36.62",
            "revenue": 91250
        },
        "2017-06": {
            "month": "2017-06",
            "price": "37.92",
            "revenue": 115367
        },
        "2017-07": {
            "month": "2017-07",
            "price": "38.46",
            "revenue": 99433
        },
        "2017-08": {
            "month": "2017-08",
            "price": "41.67",
            "revenue": 107901
        },
        "2017-09": {
            "month": "2017-09",
            "price": "48.49",
            "revenue": 95339
        },
        "2017-10": {
            "month": "2017-10",
            "price": "48.68",
            "revenue": 75427
        },
        "2017-11": {
            "month": "2017-11",
            "price": "47.60",
            "revenue": 100733
        },
        "2017-12": {
            "month": "2017-12",
            "price": "47.36",
            "revenue": 82039
        },
        "2018-01": {
            "month": "2018-01",
            "price": "46.15",
            "revenue": 119832
        },
        "2018-02": {
            "month": "2018-02",
            "price": "46.57",
            "revenue": 70300
        },
        "2018-03": {
            "month": "2018-03",
            "price": "46.70",
            "revenue": 115116
        },
        "2018-04": {
            "month": "2018-04",
            "price": "46.25",
            "revenue": 98208
        },
        "2018-05": {
            "month": "2018-05",
            "price": "45.72",
            "revenue": 114610
        },
        "2018-06": {
            "month": "2018-06",
            "price": "45.25",
            "revenue": 92486
        },
        "2018-07": {
            "month": "2018-07",
            "price": "44.89",
            "revenue": 102641
        },
        "2018-08": {
            "month": "2018-08",
            "price": "41.96",
            "revenue": 115612
        },
        "2018-09": {
            "month": "2018-09",
            "price": "40.85",
            "revenue": 92329
        },
        "2018-10": {
            "month": "2018-10",
            "price": "39.26",
            "revenue": 80459
        },
        "2018-11": {
            "month": "2018-11",
            "price": "37.59",
            "revenue": 107094
        },
        "2018-12": {
            "month": "2018-12",
            "price": "38.00",
            "revenue": 73891
        },
        "2019-01": {
            "month": "2019-01",
            "price": "37.74",
            "revenue": 139008
        },
        "2019-02": {
            "month": "2019-02",
            "price": "38.55",
            "revenue": 64060
        },
        "2019-03": {
            "month": "2019-03",
            "price": "39.14",
            "revenue": 107170
        },
        "2019-04": {
            "month": "2019-04",
            "price": "38.88",
            "revenue": 104295
        },
        "2019-05": {
            "month": "2019-05",
            "price": "38.22",
            "revenue": 96846
        },
        "2019-06": {
            "month": "2019-06",
            "price": "39.11",
            "revenue": 84803
        },
        "2019-07": {
            "month": "2019-07",
            "price": "39.84",
            "revenue": 99758
        },
        "2019-08": {
            "month": "2019-08",
            "price": "38.56",
            "revenue": 80910
        },
        "2019-09": {
            "month": "2019-09",
            "price": "38.59",
            "revenue": 71639
        },
        "2019-10": {
            "month": "2019-10",
            "price": "37.96",
            "revenue": 81690
        },
        "2019-11": {
            "month": "2019-11",
            "price": "38.42",
            "revenue": 88845
        },
        "2019-12": {
            "month": "2019-12",
            "price": "38.15",
            "revenue": 61521
        },
        "2020-01": {
            "month": "2020-01",
            "price": "37.36",
            "revenue": 78378
        },
        "2020-02": {
            "month": "2020-02",
            "price": "37.24",
            "revenue": 44410
        },
        "2020-03": {
            "month": "2020-03",
            "price": "30.62",
            "revenue": 69455
        },
        "2020-04": {
            "month": "2020-04",
            "price": "29.27",
            "revenue": 94358
        },
        "2020-05": {
            "month": "2020-05",
            "price": "29.27",
            "revenue": 114928
        },
        "2020-06": {
            "month": "2020-06",
            "price": "29.53",
            "revenue": 106724
        },
        "2020-07": {
            "month": "2020-07",
            "price": "30.17",
            "revenue": 116883
        },
        "2020-08": {
            "month": "2020-08",
            "price": "31.12",
            "revenue": 91439
        },
        "2020-09": {
            "month": "2020-09",
            "price": "33.79",
            "revenue": 103687
        },
        "2020-10": {
            "month": "2020-10",
            "price": "33.57",
            "revenue": 72813
        },
        "2020-11": {
            "month": "2020-11",
            "price": "34.89",
            "revenue": 73700
        },
        "2020-12": {
            "month": "2020-12",
            "price": "35.31",
            "revenue": 87089
        },
        "2021-01": {
            "month": "2021-01",
            "price": "36.54",
            "revenue": 94175
        },
        "2021-02": {
            "month": "2021-02",
            "price": "36.68",
            "revenue": 63324
        },
        "2021-03": {
            "month": "2021-03",
            "price": "37.59",
            "revenue": 104262
        },
        "2021-04": {
            "month": "2021-04",
            "price": "38.06",
            "revenue": 84027
        },
        "2021-05": {
            "month": "2021-05",
            "price": "37.70",
            "revenue": 86130
        },
        "2021-06": {
            "month": "2021-06",
            "price": "37.72",
            "revenue": 92887
        },
        "2021-07": {
            "month": "2021-07",
            "price": "37.86",
            "revenue": 105614
        },
        "2021-08": {
            "month": "2021-08",
            "price": "37.87",
            "revenue": 98452
        },
        "2021-09": {
            "month": "2021-09",
            "price": "37.89",
            "revenue": 119864
        },
        "2021-10": {
            "month": "2021-10",
            "price": "38.58",
            "revenue": 113028
        },
        "2021-11": {
            "month": "2021-11",
            "price": "39.46",
            "revenue": 117988
        },
        "2021-12": {
            "month": "2021-12",
            "price": "40.67",
            "revenue": 129201
        },
        "2022-01": {
            "month": "2022-01",
            "price": "40.12",
            "revenue": 119317
        },
        "2022-02": {
            "month": "2022-02",
            "price": "40.11",
            "revenue": 93681
        },
        "2022-03": {
            "month": "2022-03",
            "price": "40.07",
            "revenue": 113945
        },
        "2022-04": {
            "month": "2022-04",
            "price": "40.19",
            "revenue": 130126
        },
        "2022-05": {
            "month": "2022-05",
            "price": "40.71",
            "revenue": 166565
        },
        "2022-06": {
            "month": "2022-06",
            "price": "41.17",
            "revenue": 182324
        },
        "2022-07": {
            "month": "2022-07",
            "price": "45.86",
            "revenue": 148406
        },
        "2022-08": {
            "month": "2022-08",
            "price": "43.85",
            "revenue": 142632
        },
        "2022-09": {
            "month": "2022-09",
            "price": "40.82",
            "revenue": 171346
        },
        "2022-10": {
            "month": "2022-10",
            "price": "39.65",
            "revenue": 134864
        },
        "2022-11": {
            "month": "2022-11",
            "price": "40.85",
            "revenue": 178554
        },
        "2022-12": {
            "month": "2022-12",
            "price": "41.75",
            "revenue": 127470
        },
        "2023-01": {
            "month": "2023-01",
            "price": "40.70",
            "revenue": 140527
        },
        "2023-02": {
            "month": "2023-02",
            "price": "44.05",
            "revenue": 103613
        },
        "2023-03": {
            "month": "2023-03",
            "price": "44.55",
            "revenue": 138212
        },
        "2023-04": {
            "month": "2023-04",
            "price": "47.38",
            "revenue": 117467
        }
    }
}
