{
    "summary": {
        "stock_name": "泰碩",
        "stock_id": "3338",
        "category": "電子零組件",
        "main_business": "散熱模組及電子電腦零組件之加工、 製造及買賣業務<br>電線電纜之加工、 製造及買賣業務<br>汽機車零配件等加工、 製造及買賣業務",
        "website_url": "http://www.taisol.com",
        "ceo": "梁竣興",
        "pe_ratio": 23,
        "report_year_from": 2003,
        "report_year_to": 2023,
        "age": 21,
        "eps_negative_percentage": 0,
        "eps_growth_avg": {
            "last_all": 18.84,
            "last_2y": 5.54,
            "last_4y": 18.63,
            "last_8y": 14.8,
            "last_12y": null,
            "last_16y": null,
            "last_20y": null,
            "at_2006_last_3y": null,
            "at_2007_last_3y": null,
            "at_2008_last_3y": null,
            "at_2009_last_3y": null,
            "at_2010_last_3y": null,
            "at_2011_last_3y": null,
            "at_2012_last_3y": null,
            "at_2013_last_3y": null,
            "at_2014_last_3y": null,
            "at_2015_last_3y": null,
            "at_2016_last_3y": null,
            "at_2017_last_3y": -1.19,
            "at_2018_last_3y": 10.01,
            "at_2019_last_3y": 40.13,
            "at_2020_last_3y": 23.88,
            "at_2021_last_3y": 39.88,
            "at_2022_last_3y": 25.51,
            "at_2023_last_3y": -1.71,
            "at_2024_last_3y": -1.71,
            "at_2006_last_all": null,
            "at_2007_last_all": null,
            "at_2008_last_all": null,
            "at_2009_last_all": null,
            "at_2010_last_all": null,
            "at_2011_last_all": null,
            "at_2012_last_all": null,
            "at_2013_last_all": null,
            "at_2014_last_all": null,
            "at_2015_last_all": 17.35,
            "at_2016_last_all": 25.42,
            "at_2017_last_all": -1.19,
            "at_2018_last_all": 19.05,
            "at_2019_last_all": 32.54,
            "at_2020_last_all": 24.54,
            "at_2021_last_all": 19.34,
            "at_2022_last_all": 21.92,
            "at_2023_last_all": 18.84,
            "at_2024_last_all": 18.84
        },
        "latest_eps": 2.78,
        "latest_price": 64.7,
        "latest_roe": 12.98,
        "latest_gross_margin": 20.9,
        "latest_equity": 1896125,
        "latest_revenue": 1084717,
        "latest_gross_profit": 226672,
        "latest_net_income": 66500,
        "latest_debt_ratio": 50.57,
        "latest_current_ratio": 180.93,
        "latest_account_receivable_turnover_ratio": 0.67,
        "latest_inventory_turnover_ratio": 2.32,
        "latest_reinvestment_rate": -11.26,
        "latest_research_to_sale_ratio": 3.09
    },
    "eps_dividends": {
        "2001": {
            "cash": 0,
            "stock": 0,
            "eps": 0
        },
        "2002": {
            "cash": 0,
            "stock": 0,
            "eps": 0
        },
        "2003": {
            "cash": 0,
            "stock": 1,
            "eps": 0
        },
        "2004": {
            "cash": 0,
            "stock": 0,
            "eps": 0
        },
        "2005": {
            "cash": 0.5,
            "stock": 0,
            "eps": 0
        },
        "2006": {
            "cash": 0.3,
            "stock": 0,
            "eps": 0
        },
        "2007": {
            "cash": 0,
            "stock": 1.2,
            "eps": 0
        },
        "2008": {
            "cash": 0.5,
            "stock": 0,
            "eps": 0
        },
        "2009": {
            "cash": 0,
            "stock": 0,
            "eps": 0
        },
        "2010": {
            "cash": 0,
            "stock": 0,
            "eps": 0
        },
        "2011": {
            "cash": 1,
            "stock": 0,
            "eps": 0
        },
        "2012": {
            "cash": 0,
            "stock": 0,
            "eps": 0
        },
        "2013": {
            "cash": 1.5,
            "stock": 0,
            "eps": 1.54
        },
        "2014": {
            "cash": 1.5,
            "stock": 0,
            "eps": 2.39
        },
        "2015": {
            "cash": 2,
            "stock": 0,
            "eps": 1.9
        },
        "2016": {
            "cash": 1.5,
            "stock": 0,
            "eps": 2.69
        },
        "2017": {
            "cash": 2.2,
            "stock": 0,
            "eps": 0.51
        },
        "2018": {
            "cash": 0.3,
            "stock": 0,
            "eps": 1.68
        },
        "2019": {
            "cash": 1.2,
            "stock": 0,
            "eps": 3.37
        },
        "2020": {
            "cash": 2.1,
            "stock": 0,
            "eps": 2.58
        },
        "2021": {
            "cash": 1.8,
            "stock": 0,
            "eps": 2.14
        },
        "2022": {
            "cash": 1.5,
            "stock": 0,
            "eps": 3.05
        },
        "2023": {
            "cash": 2,
            "stock": 0,
            "eps": 2.78
        },
        "2024": {
            "cash": 2,
            "stock": 0,
            "eps": 0
        }
    },
    "dividends": {
        "2003-03-30": {
            "cash": 0,
            "stock": 1
        },
        "2005-04-04": {
            "cash": 0.5,
            "stock": 0
        },
        "2006-03-31": {
            "cash": 0.3,
            "stock": 0
        },
        "2007-03-27": {
            "cash": 0,
            "stock": 1.2
        },
        "2008-03-31": {
            "cash": 0.5,
            "stock": 0
        },
        "2011-01-01": {
            "cash": 1,
            "stock": 0
        },
        "2013-03-12": {
            "cash": 1.5,
            "stock": 0
        },
        "2014-06-18": {
            "cash": 1.5,
            "stock": 0
        },
        "2015-07-29": {
            "cash": 2,
            "stock": 0
        },
        "2016-07-29": {
            "cash": 1.5,
            "stock": 0
        },
        "2017-07-31": {
            "cash": 2.2,
            "stock": 0
        },
        "2018-08-22": {
            "cash": 0.3,
            "stock": 0
        },
        "2019-07-31": {
            "cash": 1.2,
            "stock": 0
        },
        "2020-07-31": {
            "cash": 2.1,
            "stock": 0
        },
        "2021-08-27": {
            "cash": 1.8,
            "stock": 0
        },
        "2022-07-15": {
            "cash": 1.5,
            "stock": 0
        },
        "2023-07-31": {
            "cash": 2,
            "stock": 0
        },
        "2024-03-01": {
            "cash": 2,
            "stock": 0
        }
    },
    "prices": {
        "200101": "無",
        "200102": "無",
        "200103": "無",
        "200104": "無",
        "200105": "無",
        "200106": "無",
        "200107": "無",
        "200108": "無",
        "200109": "無",
        "200110": "無",
        "200111": "無",
        "200112": "無",
        "200201": "無",
        "200202": "無",
        "200203": "無",
        "200204": "無",
        "200205": "無",
        "200206": "無",
        "200207": "無",
        "200208": "無",
        "200209": "無",
        "200210": "無",
        "200211": "無",
        "200212": "無",
        "200301": "無",
        "200302": "無",
        "200303": "無",
        "200304": "無",
        "200305": "無",
        "200306": "無",
        "200307": "無",
        "200308": "無",
        "200309": "無",
        "200310": "無",
        "200311": "無",
        "200312": "無",
        "200401": "無",
        "200402": "無",
        "200403": "無",
        "200404": "無",
        "200405": "無",
        "200406": "27.50",
        "200407": "23.96",
        "200408": "24.80",
        "200409": "20.81",
        "200410": "無",
        "200411": "16.92",
        "200412": "16.60",
        "200501": "無",
        "200502": "17.00",
        "200503": "17.90",
        "200504": "15.95",
        "200505": "16.38",
        "200506": "17.88",
        "200507": "17.72",
        "200508": "17.06",
        "200509": "16.61",
        "200510": "15.20",
        "200511": "13.16",
        "200512": "13.93",
        "200601": "無",
        "200602": "15.00",
        "200603": "15.28",
        "200604": "16.34",
        "200605": "15.68",
        "200606": "15.94",
        "200607": "15.13",
        "200608": "14.07",
        "200609": "15.71",
        "200610": "16.17",
        "200611": "16.86",
        "200612": "18.62",
        "200701": "19.03",
        "200702": "19.22",
        "200703": "22.84",
        "200704": "30.50",
        "200705": "29.22",
        "200706": "28.71",
        "200707": "29.65",
        "200708": "28.44",
        "200709": "26.80",
        "200710": "24.35",
        "200711": "20.66",
        "200712": "17.52",
        "200801": "15.94",
        "200802": "14.09",
        "200803": "12.80",
        "200804": "12.59",
        "200805": "12.98",
        "200806": "12.07",
        "200807": "9.24",
        "200808": "8.28",
        "200809": "7.55",
        "200810": "6.34",
        "200811": "5.94",
        "200812": "7.41",
        "200901": "3.02",
        "200902": "無",
        "200903": "2.60",
        "200904": "3.84",
        "200905": "4.20",
        "200906": "5.99",
        "200907": "5.92",
        "200908": "6.32",
        "200909": "6.84",
        "200910": "7.22",
        "200911": "7.28",
        "200912": "7.28",
        "201001": "6.93",
        "201002": "6.67",
        "201003": "6.98",
        "201004": "7.21",
        "201005": "6.95",
        "201006": "6.86",
        "201007": "6.81",
        "201008": "6.38",
        "201009": "6.37",
        "201010": "6.22",
        "201011": "6.00",
        "201012": "5.66",
        "201101": "7.56",
        "201102": "7.87",
        "201103": "7.36",
        "201104": "7.15",
        "201105": "7.36",
        "201106": "7.58",
        "201107": "7.12",
        "201108": "8.28",
        "201109": "9.14",
        "201110": "8.46",
        "201111": "9.01",
        "201112": "10.04",
        "201201": "10.27",
        "201202": "11.21",
        "201203": "11.51",
        "201204": "11.92",
        "201205": "14.21",
        "201206": "14.01",
        "201207": "13.12",
        "201208": "14.66",
        "201209": "15.26",
        "201210": "14.61",
        "201211": "13.13",
        "201212": "12.62",
        "201301": "14.41",
        "201302": "17.56",
        "201303": "20.67",
        "201304": "22.51",
        "201305": "24.54",
        "201306": "24.17",
        "201307": "22.67",
        "201308": "21.07",
        "201309": "21.88",
        "201310": "24.76",
        "201311": "24.14",
        "201312": "29.18",
        "201401": "41.81",
        "201402": "45.62",
        "201403": "40.91",
        "201404": "37.94",
        "201405": "37.25",
        "201406": "38.60",
        "201407": "37.73",
        "201408": "38.67",
        "201409": "41.57",
        "201410": "38.76",
        "201411": "37.48",
        "201412": "38.36",
        "201501": "38.28",
        "201502": "37.26",
        "201503": "38.04",
        "201504": "36.46",
        "201505": "31.30",
        "201506": "25.80",
        "201507": "20.60",
        "201508": "17.88",
        "201509": "19.84",
        "201510": "23.75",
        "201511": "22.97",
        "201512": "23.92",
        "201601": "23.34",
        "201602": "25.93",
        "201603": "26.63",
        "201604": "25.84",
        "201605": "22.55",
        "201606": "22.76",
        "201607": "23.57",
        "201608": "27.80",
        "201609": "31.99",
        "201610": "31.37",
        "201611": "29.83",
        "201612": "33.41",
        "201701": "33.02",
        "201702": "31.96",
        "201703": "32.59",
        "201704": "33.19",
        "201705": "30.92",
        "201706": "30.79",
        "201707": "29.37",
        "201708": "26.39",
        "201709": "27.47",
        "201710": "30.35",
        "201711": "29.72",
        "201712": "28.85",
        "201801": "28.53",
        "201802": "25.76",
        "201803": "24.56",
        "201804": "21.70",
        "201805": "20.28",
        "201806": "21.86",
        "201807": "20.29",
        "201808": "18.96",
        "201809": "20.78",
        "201810": "21.46",
        "201811": "20.90",
        "201812": "28.62",
        "201901": "34.58",
        "201902": "34.56",
        "201903": "34.98",
        "201904": "55.51",
        "201905": "52.56",
        "201906": "57.28",
        "201907": "61.68",
        "201908": "82.14",
        "201909": "91.07",
        "201910": "95.84",
        "201911": "91.92",
        "201912": "93.92",
        "202001": "89.21",
        "202002": "76.23",
        "202003": "83.52",
        "202004": "90.93",
        "202005": "93.01",
        "202006": "90.34",
        "202007": "85.59",
        "202008": "73.11",
        "202009": "63.41",
        "202010": "61.56",
        "202011": "63.91",
        "202012": "65.14",
        "202101": "62.16",
        "202102": "58.37",
        "202103": "61.24",
        "202104": "64.07",
        "202105": "48.79",
        "202106": "50.95",
        "202107": "52.34",
        "202108": "45.20",
        "202109": "41.56",
        "202110": "38.68",
        "202111": "46.66",
        "202112": "54.70",
        "202201": "54.04",
        "202202": "56.99",
        "202203": "53.12",
        "202204": "48.07",
        "202205": "42.91",
        "202206": "41.48",
        "202207": "38.48",
        "202208": "41.60",
        "202209": "37.25",
        "202210": "31.39",
        "202211": "33.49",
        "202212": "33.19",
        "202301": "32.11",
        "202302": "34.78",
        "202303": "39.94",
        "202304": "46.40",
        "202305": "46.93",
        "202306": "48.95",
        "202307": "59.03",
        "202308": "59.35",
        "202309": "62.22",
        "202310": "56.90",
        "202311": "59.62",
        "202312": "61.48",
        "202401": "62.50",
        "202402": "65.53",
        "202403": "68.17",
        "202404": "無"
    },
    "quarters": {
        "20011": {
            "year_quarter": 20011,
            "year": 2001,
            "quarter": 1,
            "eps": null,
            "eps_growth_year": null,
            "eps_4q": null,
            "eps_4q_growth_year": null,
            "roe": null,
            "roe_4q": 0,
            "gross_profit": null,
            "gross_margin": null,
            "gross_margin_4q_avg": 0,
            "net_income": null,
            "net_income_4q": null,
            "revenue": null,
            "revenue_4q": null,
            "common_shares": null,
            "book_valuer_per_share": null,
            "book_valuer_per_share_4q_avg": 0,
            "equity": null,
            "current_ratio": null,
            "debt_ratio": null,
            "inventory_turnover_ratio": null,
            "account_receivable_turnover_ratio": null,
            "reinvestment_rate": null,
            "research_to_sale_ratio": null,
            "price_fair": 0,
            "eps_avg_yearly": 0,
            "eps_latest_yearly": 0,
            "eps_growth_yearly": 0
        },
        "20012": {
            "year_quarter": 20012,
            "year": 2001,
            "quarter": 2,
            "eps": null,
            "eps_growth_year": null,
            "eps_4q": null,
            "eps_4q_growth_year": null,
            "roe": null,
            "roe_4q": 0,
            "gross_profit": null,
            "gross_margin": null,
            "gross_margin_4q_avg": 0,
            "net_income": null,
            "net_income_4q": null,
            "revenue": null,
            "revenue_4q": null,
            "common_shares": null,
            "book_valuer_per_share": null,
            "book_valuer_per_share_4q_avg": 0,
            "equity": null,
            "current_ratio": null,
            "debt_ratio": null,
            "inventory_turnover_ratio": null,
            "account_receivable_turnover_ratio": null,
            "reinvestment_rate": null,
            "research_to_sale_ratio": null,
            "price_fair": 0,
            "eps_avg_yearly": 0,
            "eps_latest_yearly": 0,
            "eps_growth_yearly": 0
        },
        "20013": {
            "year_quarter": 20013,
            "year": 2001,
            "quarter": 3,
            "eps": null,
            "eps_growth_year": null,
            "eps_4q": null,
            "eps_4q_growth_year": null,
            "roe": null,
            "roe_4q": 0,
            "gross_profit": null,
            "gross_margin": null,
            "gross_margin_4q_avg": 0,
            "net_income": null,
            "net_income_4q": null,
            "revenue": null,
            "revenue_4q": null,
            "common_shares": null,
            "book_valuer_per_share": null,
            "book_valuer_per_share_4q_avg": 0,
            "equity": null,
            "current_ratio": null,
            "debt_ratio": null,
            "inventory_turnover_ratio": null,
            "account_receivable_turnover_ratio": null,
            "reinvestment_rate": null,
            "research_to_sale_ratio": null,
            "price_fair": 0,
            "eps_avg_yearly": 0,
            "eps_latest_yearly": 0,
            "eps_growth_yearly": 0
        },
        "20014": {
            "year_quarter": 20014,
            "year": 2001,
            "quarter": 4,
            "eps": null,
            "eps_growth_year": null,
            "eps_4q": null,
            "eps_4q_growth_year": null,
            "roe": null,
            "roe_4q": 0,
            "gross_profit": null,
            "gross_margin": null,
            "gross_margin_4q_avg": 0,
            "net_income": null,
            "net_income_4q": null,
            "revenue": null,
            "revenue_4q": null,
            "common_shares": 226400,
            "book_valuer_per_share": 13.07,
            "book_valuer_per_share_4q_avg": 3.27,
            "equity": 295915,
            "current_ratio": 170.61,
            "debt_ratio": 42.12,
            "inventory_turnover_ratio": null,
            "account_receivable_turnover_ratio": null,
            "reinvestment_rate": null,
            "research_to_sale_ratio": null,
            "price_fair": 0,
            "eps_avg_yearly": 0,
            "eps_latest_yearly": 0,
            "eps_growth_yearly": 0
        },
        "20021": {
            "year_quarter": 20021,
            "year": 2002,
            "quarter": 1,
            "eps": null,
            "eps_growth_year": null,
            "eps_4q": null,
            "eps_4q_growth_year": null,
            "roe": null,
            "roe_4q": 0,
            "gross_profit": null,
            "gross_margin": null,
            "gross_margin_4q_avg": 0,
            "net_income": null,
            "net_income_4q": null,
            "revenue": null,
            "revenue_4q": null,
            "common_shares": null,
            "book_valuer_per_share": null,
            "book_valuer_per_share_4q_avg": 3.27,
            "equity": null,
            "current_ratio": null,
            "debt_ratio": null,
            "inventory_turnover_ratio": null,
            "account_receivable_turnover_ratio": null,
            "reinvestment_rate": null,
            "research_to_sale_ratio": null,
            "price_fair": 0,
            "eps_avg_yearly": 0,
            "eps_latest_yearly": 0,
            "eps_growth_yearly": 0
        },
        "20022": {
            "year_quarter": 20022,
            "year": 2002,
            "quarter": 2,
            "eps": null,
            "eps_growth_year": null,
            "eps_4q": null,
            "eps_4q_growth_year": null,
            "roe": null,
            "roe_4q": 0,
            "gross_profit": null,
            "gross_margin": null,
            "gross_margin_4q_avg": 0,
            "net_income": null,
            "net_income_4q": null,
            "revenue": null,
            "revenue_4q": null,
            "common_shares": null,
            "book_valuer_per_share": null,
            "book_valuer_per_share_4q_avg": 3.27,
            "equity": null,
            "current_ratio": null,
            "debt_ratio": null,
            "inventory_turnover_ratio": null,
            "account_receivable_turnover_ratio": null,
            "reinvestment_rate": null,
            "research_to_sale_ratio": null,
            "price_fair": 0,
            "eps_avg_yearly": 0,
            "eps_latest_yearly": 0,
            "eps_growth_yearly": 0
        },
        "20023": {
            "year_quarter": 20023,
            "year": 2002,
            "quarter": 3,
            "eps": null,
            "eps_growth_year": null,
            "eps_4q": null,
            "eps_4q_growth_year": null,
            "roe": null,
            "roe_4q": 0,
            "gross_profit": null,
            "gross_margin": null,
            "gross_margin_4q_avg": 0,
            "net_income": null,
            "net_income_4q": null,
            "revenue": null,
            "revenue_4q": null,
            "common_shares": null,
            "book_valuer_per_share": null,
            "book_valuer_per_share_4q_avg": 3.27,
            "equity": null,
            "current_ratio": null,
            "debt_ratio": null,
            "inventory_turnover_ratio": null,
            "account_receivable_turnover_ratio": null,
            "reinvestment_rate": null,
            "research_to_sale_ratio": null,
            "price_fair": 0,
            "eps_avg_yearly": 0,
            "eps_latest_yearly": 0,
            "eps_growth_yearly": 0
        },
        "20024": {
            "year_quarter": 20024,
            "year": 2002,
            "quarter": 4,
            "eps": null,
            "eps_growth_year": null,
            "eps_4q": null,
            "eps_4q_growth_year": null,
            "roe": null,
            "roe_4q": 0,
            "gross_profit": null,
            "gross_margin": null,
            "gross_margin_4q_avg": 0,
            "net_income": null,
            "net_income_4q": null,
            "revenue": null,
            "revenue_4q": null,
            "common_shares": 296400,
            "book_valuer_per_share": 16.17,
            "book_valuer_per_share_4q_avg": 4.04,
            "equity": 479280,
            "current_ratio": 191.84,
            "debt_ratio": 40.04,
            "inventory_turnover_ratio": null,
            "account_receivable_turnover_ratio": null,
            "reinvestment_rate": null,
            "research_to_sale_ratio": null,
            "price_fair": 0,
            "eps_avg_yearly": 0,
            "eps_latest_yearly": 0,
            "eps_growth_yearly": 0
        },
        "20031": {
            "year_quarter": 20031,
            "year": 2003,
            "quarter": 1,
            "eps": null,
            "eps_growth_year": null,
            "eps_4q": null,
            "eps_4q_growth_year": null,
            "roe": null,
            "roe_4q": 0,
            "gross_profit": null,
            "gross_margin": null,
            "gross_margin_4q_avg": 0,
            "net_income": null,
            "net_income_4q": null,
            "revenue": null,
            "revenue_4q": null,
            "common_shares": null,
            "book_valuer_per_share": null,
            "book_valuer_per_share_4q_avg": 4.04,
            "equity": null,
            "current_ratio": null,
            "debt_ratio": null,
            "inventory_turnover_ratio": null,
            "account_receivable_turnover_ratio": null,
            "reinvestment_rate": null,
            "research_to_sale_ratio": null,
            "price_fair": 0,
            "eps_avg_yearly": 0,
            "eps_latest_yearly": 0,
            "eps_growth_yearly": 0
        },
        "20032": {
            "year_quarter": 20032,
            "year": 2003,
            "quarter": 2,
            "eps": null,
            "eps_growth_year": null,
            "eps_4q": null,
            "eps_4q_growth_year": null,
            "roe": null,
            "roe_4q": 0,
            "gross_profit": null,
            "gross_margin": null,
            "gross_margin_4q_avg": 0,
            "net_income": null,
            "net_income_4q": null,
            "revenue": null,
            "revenue_4q": null,
            "common_shares": null,
            "book_valuer_per_share": null,
            "book_valuer_per_share_4q_avg": 4.04,
            "equity": null,
            "current_ratio": null,
            "debt_ratio": null,
            "inventory_turnover_ratio": null,
            "account_receivable_turnover_ratio": null,
            "reinvestment_rate": null,
            "research_to_sale_ratio": null,
            "price_fair": 0,
            "eps_avg_yearly": 0,
            "eps_latest_yearly": 0,
            "eps_growth_yearly": 0
        },
        "20033": {
            "year_quarter": 20033,
            "year": 2003,
            "quarter": 3,
            "eps": null,
            "eps_growth_year": null,
            "eps_4q": null,
            "eps_4q_growth_year": null,
            "roe": null,
            "roe_4q": 0,
            "gross_profit": null,
            "gross_margin": null,
            "gross_margin_4q_avg": 0,
            "net_income": null,
            "net_income_4q": null,
            "revenue": null,
            "revenue_4q": null,
            "common_shares": null,
            "book_valuer_per_share": null,
            "book_valuer_per_share_4q_avg": 4.04,
            "equity": null,
            "current_ratio": null,
            "debt_ratio": null,
            "inventory_turnover_ratio": null,
            "account_receivable_turnover_ratio": null,
            "reinvestment_rate": null,
            "research_to_sale_ratio": null,
            "price_fair": 0,
            "eps_avg_yearly": 0,
            "eps_latest_yearly": 0,
            "eps_growth_yearly": 0
        },
        "20034": {
            "year_quarter": 20034,
            "year": 2003,
            "quarter": 4,
            "eps": null,
            "eps_growth_year": null,
            "eps_4q": null,
            "eps_4q_growth_year": null,
            "roe": null,
            "roe_4q": 0,
            "gross_profit": null,
            "gross_margin": null,
            "gross_margin_4q_avg": 0,
            "net_income": null,
            "net_income_4q": null,
            "revenue": null,
            "revenue_4q": null,
            "common_shares": 349196,
            "book_valuer_per_share": 14.74,
            "book_valuer_per_share_4q_avg": 3.69,
            "equity": 514799,
            "current_ratio": 156.47,
            "debt_ratio": 54.14,
            "inventory_turnover_ratio": null,
            "account_receivable_turnover_ratio": null,
            "reinvestment_rate": null,
            "research_to_sale_ratio": null,
            "price_fair": 0,
            "eps_avg_yearly": 0,
            "eps_latest_yearly": 0,
            "eps_growth_yearly": 0
        },
        "20041": {
            "year_quarter": 20041,
            "year": 2004,
            "quarter": 1,
            "eps": null,
            "eps_growth_year": null,
            "eps_4q": null,
            "eps_4q_growth_year": null,
            "roe": null,
            "roe_4q": 0,
            "gross_profit": null,
            "gross_margin": null,
            "gross_margin_4q_avg": 0,
            "net_income": null,
            "net_income_4q": null,
            "revenue": null,
            "revenue_4q": null,
            "common_shares": null,
            "book_valuer_per_share": null,
            "book_valuer_per_share_4q_avg": 3.69,
            "equity": null,
            "current_ratio": null,
            "debt_ratio": null,
            "inventory_turnover_ratio": null,
            "account_receivable_turnover_ratio": null,
            "reinvestment_rate": null,
            "research_to_sale_ratio": null,
            "price_fair": 0,
            "eps_avg_yearly": 0,
            "eps_latest_yearly": 0,
            "eps_growth_yearly": 0
        },
        "20042": {
            "year_quarter": 20042,
            "year": 2004,
            "quarter": 2,
            "eps": null,
            "eps_growth_year": null,
            "eps_4q": null,
            "eps_4q_growth_year": null,
            "roe": null,
            "roe_4q": 0,
            "gross_profit": null,
            "gross_margin": null,
            "gross_margin_4q_avg": 0,
            "net_income": null,
            "net_income_4q": null,
            "revenue": null,
            "revenue_4q": null,
            "common_shares": null,
            "book_valuer_per_share": null,
            "book_valuer_per_share_4q_avg": 3.69,
            "equity": null,
            "current_ratio": null,
            "debt_ratio": null,
            "inventory_turnover_ratio": null,
            "account_receivable_turnover_ratio": null,
            "reinvestment_rate": null,
            "research_to_sale_ratio": null,
            "price_fair": 0,
            "eps_avg_yearly": 0,
            "eps_latest_yearly": 0,
            "eps_growth_yearly": 0
        },
        "20043": {
            "year_quarter": 20043,
            "year": 2004,
            "quarter": 3,
            "eps": null,
            "eps_growth_year": null,
            "eps_4q": null,
            "eps_4q_growth_year": null,
            "roe": null,
            "roe_4q": 0,
            "gross_profit": null,
            "gross_margin": null,
            "gross_margin_4q_avg": 0,
            "net_income": null,
            "net_income_4q": null,
            "revenue": null,
            "revenue_4q": null,
            "common_shares": null,
            "book_valuer_per_share": null,
            "book_valuer_per_share_4q_avg": 3.69,
            "equity": null,
            "current_ratio": null,
            "debt_ratio": null,
            "inventory_turnover_ratio": null,
            "account_receivable_turnover_ratio": null,
            "reinvestment_rate": null,
            "research_to_sale_ratio": null,
            "price_fair": 0,
            "eps_avg_yearly": 0,
            "eps_latest_yearly": 0,
            "eps_growth_yearly": 0
        },
        "20044": {
            "year_quarter": 20044,
            "year": 2004,
            "quarter": 4,
            "eps": null,
            "eps_growth_year": null,
            "eps_4q": null,
            "eps_4q_growth_year": null,
            "roe": null,
            "roe_4q": 0,
            "gross_profit": null,
            "gross_margin": null,
            "gross_margin_4q_avg": 0,
            "net_income": null,
            "net_income_4q": null,
            "revenue": null,
            "revenue_4q": null,
            "common_shares": 434292,
            "book_valuer_per_share": 14.56,
            "book_valuer_per_share_4q_avg": 3.64,
            "equity": 632323,
            "current_ratio": 168.78,
            "debt_ratio": 50.49,
            "inventory_turnover_ratio": null,
            "account_receivable_turnover_ratio": null,
            "reinvestment_rate": null,
            "research_to_sale_ratio": null,
            "price_fair": 0,
            "eps_avg_yearly": 0,
            "eps_latest_yearly": 0,
            "eps_growth_yearly": 0
        },
        "20051": {
            "year_quarter": 20051,
            "year": 2005,
            "quarter": 1,
            "eps": null,
            "eps_growth_year": null,
            "eps_4q": null,
            "eps_4q_growth_year": null,
            "roe": null,
            "roe_4q": 0,
            "gross_profit": null,
            "gross_margin": null,
            "gross_margin_4q_avg": 0,
            "net_income": null,
            "net_income_4q": null,
            "revenue": null,
            "revenue_4q": null,
            "common_shares": null,
            "book_valuer_per_share": null,
            "book_valuer_per_share_4q_avg": 3.64,
            "equity": null,
            "current_ratio": null,
            "debt_ratio": null,
            "inventory_turnover_ratio": null,
            "account_receivable_turnover_ratio": null,
            "reinvestment_rate": null,
            "research_to_sale_ratio": null,
            "price_fair": 0,
            "eps_avg_yearly": 0,
            "eps_latest_yearly": 0,
            "eps_growth_yearly": 0
        },
        "20052": {
            "year_quarter": 20052,
            "year": 2005,
            "quarter": 2,
            "eps": null,
            "eps_growth_year": null,
            "eps_4q": null,
            "eps_4q_growth_year": null,
            "roe": null,
            "roe_4q": 0,
            "gross_profit": null,
            "gross_margin": null,
            "gross_margin_4q_avg": 0,
            "net_income": null,
            "net_income_4q": null,
            "revenue": null,
            "revenue_4q": null,
            "common_shares": null,
            "book_valuer_per_share": null,
            "book_valuer_per_share_4q_avg": 3.64,
            "equity": null,
            "current_ratio": null,
            "debt_ratio": null,
            "inventory_turnover_ratio": null,
            "account_receivable_turnover_ratio": null,
            "reinvestment_rate": null,
            "research_to_sale_ratio": null,
            "price_fair": 0,
            "eps_avg_yearly": 0,
            "eps_latest_yearly": 0,
            "eps_growth_yearly": 0
        },
        "20053": {
            "year_quarter": 20053,
            "year": 2005,
            "quarter": 3,
            "eps": null,
            "eps_growth_year": null,
            "eps_4q": null,
            "eps_4q_growth_year": null,
            "roe": null,
            "roe_4q": 0,
            "gross_profit": null,
            "gross_margin": null,
            "gross_margin_4q_avg": 0,
            "net_income": null,
            "net_income_4q": null,
            "revenue": null,
            "revenue_4q": null,
            "common_shares": null,
            "book_valuer_per_share": null,
            "book_valuer_per_share_4q_avg": 3.64,
            "equity": null,
            "current_ratio": null,
            "debt_ratio": null,
            "inventory_turnover_ratio": null,
            "account_receivable_turnover_ratio": null,
            "reinvestment_rate": null,
            "research_to_sale_ratio": null,
            "price_fair": 0,
            "eps_avg_yearly": 0,
            "eps_latest_yearly": 0,
            "eps_growth_yearly": 0
        },
        "20054": {
            "year_quarter": 20054,
            "year": 2005,
            "quarter": 4,
            "eps": null,
            "eps_growth_year": null,
            "eps_4q": null,
            "eps_4q_growth_year": null,
            "roe": null,
            "roe_4q": 0,
            "gross_profit": null,
            "gross_margin": null,
            "gross_margin_4q_avg": 0,
            "net_income": null,
            "net_income_4q": null,
            "revenue": null,
            "revenue_4q": null,
            "common_shares": 434292,
            "book_valuer_per_share": 14.18,
            "book_valuer_per_share_4q_avg": 3.55,
            "equity": 623565,
            "current_ratio": 148.86,
            "debt_ratio": 52.83,
            "inventory_turnover_ratio": null,
            "account_receivable_turnover_ratio": null,
            "reinvestment_rate": null,
            "research_to_sale_ratio": null,
            "price_fair": 0,
            "eps_avg_yearly": 0,
            "eps_latest_yearly": 0,
            "eps_growth_yearly": 0
        },
        "20061": {
            "year_quarter": 20061,
            "year": 2006,
            "quarter": 1,
            "eps": null,
            "eps_growth_year": null,
            "eps_4q": null,
            "eps_4q_growth_year": null,
            "roe": null,
            "roe_4q": 0,
            "gross_profit": null,
            "gross_margin": null,
            "gross_margin_4q_avg": 0,
            "net_income": null,
            "net_income_4q": null,
            "revenue": null,
            "revenue_4q": null,
            "common_shares": null,
            "book_valuer_per_share": null,
            "book_valuer_per_share_4q_avg": 3.55,
            "equity": null,
            "current_ratio": null,
            "debt_ratio": null,
            "inventory_turnover_ratio": null,
            "account_receivable_turnover_ratio": null,
            "reinvestment_rate": null,
            "research_to_sale_ratio": null,
            "price_fair": 0,
            "eps_avg_yearly": 0,
            "eps_latest_yearly": 0,
            "eps_growth_yearly": 0
        },
        "20062": {
            "year_quarter": 20062,
            "year": 2006,
            "quarter": 2,
            "eps": null,
            "eps_growth_year": null,
            "eps_4q": null,
            "eps_4q_growth_year": null,
            "roe": null,
            "roe_4q": 0,
            "gross_profit": null,
            "gross_margin": null,
            "gross_margin_4q_avg": 0,
            "net_income": null,
            "net_income_4q": null,
            "revenue": null,
            "revenue_4q": null,
            "common_shares": null,
            "book_valuer_per_share": null,
            "book_valuer_per_share_4q_avg": 3.55,
            "equity": null,
            "current_ratio": null,
            "debt_ratio": null,
            "inventory_turnover_ratio": null,
            "account_receivable_turnover_ratio": null,
            "reinvestment_rate": null,
            "research_to_sale_ratio": null,
            "price_fair": 0,
            "eps_avg_yearly": 0,
            "eps_latest_yearly": 0,
            "eps_growth_yearly": 0
        },
        "20063": {
            "year_quarter": 20063,
            "year": 2006,
            "quarter": 3,
            "eps": null,
            "eps_growth_year": null,
            "eps_4q": null,
            "eps_4q_growth_year": null,
            "roe": null,
            "roe_4q": 0,
            "gross_profit": null,
            "gross_margin": null,
            "gross_margin_4q_avg": 0,
            "net_income": null,
            "net_income_4q": null,
            "revenue": null,
            "revenue_4q": null,
            "common_shares": null,
            "book_valuer_per_share": null,
            "book_valuer_per_share_4q_avg": 3.55,
            "equity": null,
            "current_ratio": null,
            "debt_ratio": null,
            "inventory_turnover_ratio": null,
            "account_receivable_turnover_ratio": null,
            "reinvestment_rate": null,
            "research_to_sale_ratio": null,
            "price_fair": 0,
            "eps_avg_yearly": 0,
            "eps_latest_yearly": 0,
            "eps_growth_yearly": 0
        },
        "20064": {
            "year_quarter": 20064,
            "year": 2006,
            "quarter": 4,
            "eps": null,
            "eps_growth_year": null,
            "eps_4q": null,
            "eps_4q_growth_year": null,
            "roe": null,
            "roe_4q": 0,
            "gross_profit": null,
            "gross_margin": null,
            "gross_margin_4q_avg": 0,
            "net_income": null,
            "net_income_4q": null,
            "revenue": null,
            "revenue_4q": null,
            "common_shares": 434292,
            "book_valuer_per_share": 15.05,
            "book_valuer_per_share_4q_avg": 3.76,
            "equity": 659946,
            "current_ratio": 144.08,
            "debt_ratio": 55.89,
            "inventory_turnover_ratio": null,
            "account_receivable_turnover_ratio": null,
            "reinvestment_rate": null,
            "research_to_sale_ratio": null,
            "price_fair": 0,
            "eps_avg_yearly": 0,
            "eps_latest_yearly": 0,
            "eps_growth_yearly": 0
        },
        "20071": {
            "year_quarter": 20071,
            "year": 2007,
            "quarter": 1,
            "eps": null,
            "eps_growth_year": null,
            "eps_4q": null,
            "eps_4q_growth_year": null,
            "roe": null,
            "roe_4q": 0,
            "gross_profit": null,
            "gross_margin": null,
            "gross_margin_4q_avg": 0,
            "net_income": null,
            "net_income_4q": null,
            "revenue": null,
            "revenue_4q": null,
            "common_shares": null,
            "book_valuer_per_share": null,
            "book_valuer_per_share_4q_avg": 3.76,
            "equity": null,
            "current_ratio": null,
            "debt_ratio": null,
            "inventory_turnover_ratio": null,
            "account_receivable_turnover_ratio": null,
            "reinvestment_rate": null,
            "research_to_sale_ratio": null,
            "price_fair": 0,
            "eps_avg_yearly": 0,
            "eps_latest_yearly": 0,
            "eps_growth_yearly": 0
        },
        "20072": {
            "year_quarter": 20072,
            "year": 2007,
            "quarter": 2,
            "eps": null,
            "eps_growth_year": null,
            "eps_4q": null,
            "eps_4q_growth_year": null,
            "roe": null,
            "roe_4q": 0,
            "gross_profit": null,
            "gross_margin": null,
            "gross_margin_4q_avg": 0,
            "net_income": null,
            "net_income_4q": null,
            "revenue": null,
            "revenue_4q": null,
            "common_shares": null,
            "book_valuer_per_share": null,
            "book_valuer_per_share_4q_avg": 3.76,
            "equity": null,
            "current_ratio": null,
            "debt_ratio": null,
            "inventory_turnover_ratio": null,
            "account_receivable_turnover_ratio": null,
            "reinvestment_rate": null,
            "research_to_sale_ratio": null,
            "price_fair": 0,
            "eps_avg_yearly": 0,
            "eps_latest_yearly": 0,
            "eps_growth_yearly": 0
        },
        "20073": {
            "year_quarter": 20073,
            "year": 2007,
            "quarter": 3,
            "eps": null,
            "eps_growth_year": null,
            "eps_4q": null,
            "eps_4q_growth_year": null,
            "roe": null,
            "roe_4q": 0,
            "gross_profit": null,
            "gross_margin": null,
            "gross_margin_4q_avg": 0,
            "net_income": null,
            "net_income_4q": null,
            "revenue": null,
            "revenue_4q": null,
            "common_shares": null,
            "book_valuer_per_share": null,
            "book_valuer_per_share_4q_avg": 3.76,
            "equity": null,
            "current_ratio": null,
            "debt_ratio": null,
            "inventory_turnover_ratio": null,
            "account_receivable_turnover_ratio": null,
            "reinvestment_rate": null,
            "research_to_sale_ratio": null,
            "price_fair": 0,
            "eps_avg_yearly": 0,
            "eps_latest_yearly": 0,
            "eps_growth_yearly": 0
        },
        "20074": {
            "year_quarter": 20074,
            "year": 2007,
            "quarter": 4,
            "eps": null,
            "eps_growth_year": null,
            "eps_4q": null,
            "eps_4q_growth_year": null,
            "roe": null,
            "roe_4q": 0,
            "gross_profit": null,
            "gross_margin": null,
            "gross_margin_4q_avg": 0,
            "net_income": null,
            "net_income_4q": null,
            "revenue": null,
            "revenue_4q": null,
            "common_shares": 493736,
            "book_valuer_per_share": 14.25,
            "book_valuer_per_share_4q_avg": 3.56,
            "equity": 711498,
            "current_ratio": 135.14,
            "debt_ratio": 59.49,
            "inventory_turnover_ratio": null,
            "account_receivable_turnover_ratio": null,
            "reinvestment_rate": null,
            "research_to_sale_ratio": null,
            "price_fair": 0,
            "eps_avg_yearly": 0,
            "eps_latest_yearly": 0,
            "eps_growth_yearly": 0
        },
        "20081": {
            "year_quarter": 20081,
            "year": 2008,
            "quarter": 1,
            "eps": null,
            "eps_growth_year": null,
            "eps_4q": null,
            "eps_4q_growth_year": null,
            "roe": null,
            "roe_4q": 0,
            "gross_profit": null,
            "gross_margin": null,
            "gross_margin_4q_avg": 0,
            "net_income": null,
            "net_income_4q": null,
            "revenue": null,
            "revenue_4q": null,
            "common_shares": null,
            "book_valuer_per_share": null,
            "book_valuer_per_share_4q_avg": 3.56,
            "equity": null,
            "current_ratio": null,
            "debt_ratio": null,
            "inventory_turnover_ratio": null,
            "account_receivable_turnover_ratio": null,
            "reinvestment_rate": null,
            "research_to_sale_ratio": null,
            "price_fair": 0,
            "eps_avg_yearly": 0,
            "eps_latest_yearly": 0,
            "eps_growth_yearly": 0
        },
        "20082": {
            "year_quarter": 20082,
            "year": 2008,
            "quarter": 2,
            "eps": null,
            "eps_growth_year": null,
            "eps_4q": null,
            "eps_4q_growth_year": null,
            "roe": null,
            "roe_4q": 0,
            "gross_profit": null,
            "gross_margin": null,
            "gross_margin_4q_avg": 0,
            "net_income": null,
            "net_income_4q": null,
            "revenue": null,
            "revenue_4q": null,
            "common_shares": null,
            "book_valuer_per_share": null,
            "book_valuer_per_share_4q_avg": 3.56,
            "equity": null,
            "current_ratio": null,
            "debt_ratio": null,
            "inventory_turnover_ratio": null,
            "account_receivable_turnover_ratio": null,
            "reinvestment_rate": null,
            "research_to_sale_ratio": null,
            "price_fair": 0,
            "eps_avg_yearly": 0,
            "eps_latest_yearly": 0,
            "eps_growth_yearly": 0
        },
        "20083": {
            "year_quarter": 20083,
            "year": 2008,
            "quarter": 3,
            "eps": null,
            "eps_growth_year": null,
            "eps_4q": null,
            "eps_4q_growth_year": null,
            "roe": null,
            "roe_4q": 0,
            "gross_profit": null,
            "gross_margin": null,
            "gross_margin_4q_avg": 0,
            "net_income": null,
            "net_income_4q": null,
            "revenue": null,
            "revenue_4q": null,
            "common_shares": null,
            "book_valuer_per_share": null,
            "book_valuer_per_share_4q_avg": 3.56,
            "equity": null,
            "current_ratio": null,
            "debt_ratio": null,
            "inventory_turnover_ratio": null,
            "account_receivable_turnover_ratio": null,
            "reinvestment_rate": null,
            "research_to_sale_ratio": null,
            "price_fair": 0,
            "eps_avg_yearly": 0,
            "eps_latest_yearly": 0,
            "eps_growth_yearly": 0
        },
        "20084": {
            "year_quarter": 20084,
            "year": 2008,
            "quarter": 4,
            "eps": null,
            "eps_growth_year": null,
            "eps_4q": null,
            "eps_4q_growth_year": null,
            "roe": null,
            "roe_4q": 0,
            "gross_profit": null,
            "gross_margin": null,
            "gross_margin_4q_avg": 0,
            "net_income": null,
            "net_income_4q": null,
            "revenue": null,
            "revenue_4q": null,
            "common_shares": 493736,
            "book_valuer_per_share": 11.57,
            "book_valuer_per_share_4q_avg": 2.89,
            "equity": 578051,
            "current_ratio": 110.04,
            "debt_ratio": 66.55,
            "inventory_turnover_ratio": null,
            "account_receivable_turnover_ratio": null,
            "reinvestment_rate": null,
            "research_to_sale_ratio": null,
            "price_fair": 0,
            "eps_avg_yearly": 0,
            "eps_latest_yearly": 0,
            "eps_growth_yearly": 0
        },
        "20091": {
            "year_quarter": 20091,
            "year": 2009,
            "quarter": 1,
            "eps": null,
            "eps_growth_year": null,
            "eps_4q": null,
            "eps_4q_growth_year": null,
            "roe": null,
            "roe_4q": 0,
            "gross_profit": null,
            "gross_margin": null,
            "gross_margin_4q_avg": 0,
            "net_income": null,
            "net_income_4q": null,
            "revenue": null,
            "revenue_4q": null,
            "common_shares": null,
            "book_valuer_per_share": null,
            "book_valuer_per_share_4q_avg": 2.89,
            "equity": null,
            "current_ratio": null,
            "debt_ratio": null,
            "inventory_turnover_ratio": null,
            "account_receivable_turnover_ratio": null,
            "reinvestment_rate": null,
            "research_to_sale_ratio": null,
            "price_fair": 0,
            "eps_avg_yearly": 0,
            "eps_latest_yearly": 0,
            "eps_growth_yearly": 0
        },
        "20092": {
            "year_quarter": 20092,
            "year": 2009,
            "quarter": 2,
            "eps": null,
            "eps_growth_year": null,
            "eps_4q": null,
            "eps_4q_growth_year": null,
            "roe": null,
            "roe_4q": 0,
            "gross_profit": null,
            "gross_margin": null,
            "gross_margin_4q_avg": 0,
            "net_income": null,
            "net_income_4q": null,
            "revenue": null,
            "revenue_4q": null,
            "common_shares": 493736,
            "book_valuer_per_share": null,
            "book_valuer_per_share_4q_avg": 2.89,
            "equity": 517332,
            "current_ratio": null,
            "debt_ratio": null,
            "inventory_turnover_ratio": null,
            "account_receivable_turnover_ratio": null,
            "reinvestment_rate": null,
            "research_to_sale_ratio": null,
            "price_fair": 0,
            "eps_avg_yearly": 0,
            "eps_latest_yearly": 0,
            "eps_growth_yearly": 0
        },
        "20093": {
            "year_quarter": 20093,
            "year": 2009,
            "quarter": 3,
            "eps": null,
            "eps_growth_year": null,
            "eps_4q": null,
            "eps_4q_growth_year": null,
            "roe": null,
            "roe_4q": 0,
            "gross_profit": null,
            "gross_margin": null,
            "gross_margin_4q_avg": 0,
            "net_income": null,
            "net_income_4q": null,
            "revenue": null,
            "revenue_4q": null,
            "common_shares": null,
            "book_valuer_per_share": null,
            "book_valuer_per_share_4q_avg": 2.89,
            "equity": null,
            "current_ratio": null,
            "debt_ratio": null,
            "inventory_turnover_ratio": null,
            "account_receivable_turnover_ratio": null,
            "reinvestment_rate": null,
            "research_to_sale_ratio": null,
            "price_fair": 0,
            "eps_avg_yearly": 0,
            "eps_latest_yearly": 0,
            "eps_growth_yearly": 0
        },
        "20094": {
            "year_quarter": 20094,
            "year": 2009,
            "quarter": 4,
            "eps": null,
            "eps_growth_year": null,
            "eps_4q": null,
            "eps_4q_growth_year": null,
            "roe": null,
            "roe_4q": 0,
            "gross_profit": null,
            "gross_margin": null,
            "gross_margin_4q_avg": 0,
            "net_income": null,
            "net_income_4q": null,
            "revenue": null,
            "revenue_4q": null,
            "common_shares": 593736,
            "book_valuer_per_share": 9.78,
            "book_valuer_per_share_4q_avg": 2.45,
            "equity": 589445,
            "current_ratio": 121.25,
            "debt_ratio": 64.39,
            "inventory_turnover_ratio": null,
            "account_receivable_turnover_ratio": null,
            "reinvestment_rate": null,
            "research_to_sale_ratio": null,
            "price_fair": 0,
            "eps_avg_yearly": 0,
            "eps_latest_yearly": 0,
            "eps_growth_yearly": 0
        },
        "20101": {
            "year_quarter": 20101,
            "year": 2010,
            "quarter": 1,
            "eps": null,
            "eps_growth_year": null,
            "eps_4q": null,
            "eps_4q_growth_year": null,
            "roe": null,
            "roe_4q": 0,
            "gross_profit": null,
            "gross_margin": null,
            "gross_margin_4q_avg": 0,
            "net_income": null,
            "net_income_4q": null,
            "revenue": null,
            "revenue_4q": null,
            "common_shares": null,
            "book_valuer_per_share": null,
            "book_valuer_per_share_4q_avg": 2.45,
            "equity": null,
            "current_ratio": null,
            "debt_ratio": null,
            "inventory_turnover_ratio": null,
            "account_receivable_turnover_ratio": null,
            "reinvestment_rate": null,
            "research_to_sale_ratio": null,
            "price_fair": 0,
            "eps_avg_yearly": 0,
            "eps_latest_yearly": 0,
            "eps_growth_yearly": 0
        },
        "20102": {
            "year_quarter": 20102,
            "year": 2010,
            "quarter": 2,
            "eps": null,
            "eps_growth_year": null,
            "eps_4q": null,
            "eps_4q_growth_year": null,
            "roe": null,
            "roe_4q": 0,
            "gross_profit": null,
            "gross_margin": null,
            "gross_margin_4q_avg": 0,
            "net_income": null,
            "net_income_4q": null,
            "revenue": null,
            "revenue_4q": null,
            "common_shares": 593736,
            "book_valuer_per_share": 9.95,
            "book_valuer_per_share_4q_avg": 4.93,
            "equity": 596880,
            "current_ratio": 120.95,
            "debt_ratio": 65.2,
            "inventory_turnover_ratio": null,
            "account_receivable_turnover_ratio": null,
            "reinvestment_rate": null,
            "research_to_sale_ratio": null,
            "price_fair": 0,
            "eps_avg_yearly": 0,
            "eps_latest_yearly": 0,
            "eps_growth_yearly": 0
        },
        "20103": {
            "year_quarter": 20103,
            "year": 2010,
            "quarter": 3,
            "eps": null,
            "eps_growth_year": null,
            "eps_4q": null,
            "eps_4q_growth_year": null,
            "roe": null,
            "roe_4q": 0,
            "gross_profit": null,
            "gross_margin": null,
            "gross_margin_4q_avg": 0,
            "net_income": null,
            "net_income_4q": null,
            "revenue": null,
            "revenue_4q": null,
            "common_shares": null,
            "book_valuer_per_share": null,
            "book_valuer_per_share_4q_avg": 4.93,
            "equity": null,
            "current_ratio": null,
            "debt_ratio": null,
            "inventory_turnover_ratio": null,
            "account_receivable_turnover_ratio": null,
            "reinvestment_rate": null,
            "research_to_sale_ratio": null,
            "price_fair": 0,
            "eps_avg_yearly": 0,
            "eps_latest_yearly": 0,
            "eps_growth_yearly": 0
        },
        "20104": {
            "year_quarter": 20104,
            "year": 2010,
            "quarter": 4,
            "eps": null,
            "eps_growth_year": null,
            "eps_4q": null,
            "eps_4q_growth_year": null,
            "roe": null,
            "roe_4q": 0,
            "gross_profit": null,
            "gross_margin": null,
            "gross_margin_4q_avg": 0,
            "net_income": null,
            "net_income_4q": null,
            "revenue": null,
            "revenue_4q": null,
            "common_shares": 593736,
            "book_valuer_per_share": 9.77,
            "book_valuer_per_share_4q_avg": 4.93,
            "equity": 586034,
            "current_ratio": 123.07,
            "debt_ratio": 63.39,
            "inventory_turnover_ratio": null,
            "account_receivable_turnover_ratio": null,
            "reinvestment_rate": null,
            "research_to_sale_ratio": null,
            "price_fair": 0,
            "eps_avg_yearly": 0,
            "eps_latest_yearly": 0,
            "eps_growth_yearly": 0
        },
        "20111": {
            "year_quarter": 20111,
            "year": 2011,
            "quarter": 1,
            "eps": null,
            "eps_growth_year": null,
            "eps_4q": null,
            "eps_4q_growth_year": null,
            "roe": null,
            "roe_4q": 0,
            "gross_profit": null,
            "gross_margin": null,
            "gross_margin_4q_avg": 0,
            "net_income": null,
            "net_income_4q": null,
            "revenue": null,
            "revenue_4q": null,
            "common_shares": null,
            "book_valuer_per_share": null,
            "book_valuer_per_share_4q_avg": 4.93,
            "equity": null,
            "current_ratio": null,
            "debt_ratio": null,
            "inventory_turnover_ratio": null,
            "account_receivable_turnover_ratio": null,
            "reinvestment_rate": null,
            "research_to_sale_ratio": null,
            "price_fair": 0,
            "eps_avg_yearly": 0,
            "eps_latest_yearly": 0,
            "eps_growth_yearly": 0
        },
        "20112": {
            "year_quarter": 20112,
            "year": 2011,
            "quarter": 2,
            "eps": null,
            "eps_growth_year": null,
            "eps_4q": null,
            "eps_4q_growth_year": null,
            "roe": null,
            "roe_4q": 0,
            "gross_profit": null,
            "gross_margin": null,
            "gross_margin_4q_avg": 0,
            "net_income": null,
            "net_income_4q": null,
            "revenue": null,
            "revenue_4q": null,
            "common_shares": 593736,
            "book_valuer_per_share": 10.16,
            "book_valuer_per_share_4q_avg": 4.98,
            "equity": 605756,
            "current_ratio": 124.8,
            "debt_ratio": 64.27,
            "inventory_turnover_ratio": null,
            "account_receivable_turnover_ratio": null,
            "reinvestment_rate": null,
            "research_to_sale_ratio": null,
            "price_fair": 0,
            "eps_avg_yearly": 0,
            "eps_latest_yearly": 0,
            "eps_growth_yearly": 0
        },
        "20113": {
            "year_quarter": 20113,
            "year": 2011,
            "quarter": 3,
            "eps": null,
            "eps_growth_year": null,
            "eps_4q": null,
            "eps_4q_growth_year": null,
            "roe": null,
            "roe_4q": 0,
            "gross_profit": null,
            "gross_margin": null,
            "gross_margin_4q_avg": 0,
            "net_income": null,
            "net_income_4q": null,
            "revenue": null,
            "revenue_4q": null,
            "common_shares": null,
            "book_valuer_per_share": null,
            "book_valuer_per_share_4q_avg": 4.98,
            "equity": null,
            "current_ratio": null,
            "debt_ratio": null,
            "inventory_turnover_ratio": null,
            "account_receivable_turnover_ratio": null,
            "reinvestment_rate": null,
            "research_to_sale_ratio": null,
            "price_fair": 0,
            "eps_avg_yearly": 0,
            "eps_latest_yearly": 0,
            "eps_growth_yearly": 0
        },
        "20114": {
            "year_quarter": 20114,
            "year": 2011,
            "quarter": 4,
            "eps": null,
            "eps_growth_year": null,
            "eps_4q": null,
            "eps_4q_growth_year": null,
            "roe": null,
            "roe_4q": 0,
            "gross_profit": null,
            "gross_margin": null,
            "gross_margin_4q_avg": 0,
            "net_income": null,
            "net_income_4q": null,
            "revenue": null,
            "revenue_4q": null,
            "common_shares": 593736,
            "book_valuer_per_share": 11.35,
            "book_valuer_per_share_4q_avg": 5.38,
            "equity": 676202,
            "current_ratio": 132.06,
            "debt_ratio": 63.64,
            "inventory_turnover_ratio": null,
            "account_receivable_turnover_ratio": null,
            "reinvestment_rate": null,
            "research_to_sale_ratio": null,
            "price_fair": 0,
            "eps_avg_yearly": 0,
            "eps_latest_yearly": 0,
            "eps_growth_yearly": 0
        },
        "20121": {
            "year_quarter": 20121,
            "year": 2012,
            "quarter": 1,
            "eps": null,
            "eps_growth_year": null,
            "eps_4q": null,
            "eps_4q_growth_year": null,
            "roe": null,
            "roe_4q": 0,
            "gross_profit": null,
            "gross_margin": null,
            "gross_margin_4q_avg": 0,
            "net_income": null,
            "net_income_4q": null,
            "revenue": null,
            "revenue_4q": null,
            "common_shares": null,
            "book_valuer_per_share": null,
            "book_valuer_per_share_4q_avg": 5.38,
            "equity": null,
            "current_ratio": null,
            "debt_ratio": null,
            "inventory_turnover_ratio": null,
            "account_receivable_turnover_ratio": null,
            "reinvestment_rate": null,
            "research_to_sale_ratio": null,
            "price_fair": 0,
            "eps_avg_yearly": 0,
            "eps_latest_yearly": 0,
            "eps_growth_yearly": 0
        },
        "20122": {
            "year_quarter": 20122,
            "year": 2012,
            "quarter": 2,
            "eps": null,
            "eps_growth_year": null,
            "eps_4q": null,
            "eps_4q_growth_year": null,
            "roe": null,
            "roe_4q": 0,
            "gross_profit": null,
            "gross_margin": null,
            "gross_margin_4q_avg": 0,
            "net_income": null,
            "net_income_4q": null,
            "revenue": null,
            "revenue_4q": null,
            "common_shares": 593736,
            "book_valuer_per_share": 11.19,
            "book_valuer_per_share_4q_avg": 5.64,
            "equity": 664441,
            "current_ratio": 129.75,
            "debt_ratio": 66.39,
            "inventory_turnover_ratio": null,
            "account_receivable_turnover_ratio": null,
            "reinvestment_rate": null,
            "research_to_sale_ratio": null,
            "price_fair": 0,
            "eps_avg_yearly": 0,
            "eps_latest_yearly": 0,
            "eps_growth_yearly": 0
        },
        "20123": {
            "year_quarter": 20123,
            "year": 2012,
            "quarter": 3,
            "eps": null,
            "eps_growth_year": null,
            "eps_4q": null,
            "eps_4q_growth_year": null,
            "roe": null,
            "roe_4q": 0,
            "gross_profit": 149429,
            "gross_margin": null,
            "gross_margin_4q_avg": 0,
            "net_income": 35448,
            "net_income_4q": null,
            "revenue": 766959,
            "revenue_4q": null,
            "common_shares": 593736,
            "book_valuer_per_share": null,
            "book_valuer_per_share_4q_avg": 5.64,
            "equity": 693910,
            "current_ratio": null,
            "debt_ratio": null,
            "inventory_turnover_ratio": null,
            "account_receivable_turnover_ratio": null,
            "reinvestment_rate": null,
            "research_to_sale_ratio": null,
            "price_fair": 0,
            "eps_avg_yearly": 0,
            "eps_latest_yearly": 0,
            "eps_growth_yearly": 0
        },
        "20124": {
            "year_quarter": 20124,
            "year": 2012,
            "quarter": 4,
            "eps": null,
            "eps_growth_year": null,
            "eps_4q": null,
            "eps_4q_growth_year": null,
            "roe": null,
            "roe_4q": 0,
            "gross_profit": 151276,
            "gross_margin": null,
            "gross_margin_4q_avg": 0,
            "net_income": 38825,
            "net_income_4q": null,
            "revenue": 696552,
            "revenue_4q": null,
            "common_shares": 593736,
            "book_valuer_per_share": 12.35,
            "book_valuer_per_share_4q_avg": 5.89,
            "equity": 733112,
            "current_ratio": 142.24,
            "debt_ratio": 59.66,
            "inventory_turnover_ratio": null,
            "account_receivable_turnover_ratio": null,
            "reinvestment_rate": null,
            "research_to_sale_ratio": null,
            "price_fair": 0,
            "eps_avg_yearly": 0,
            "eps_latest_yearly": 0,
            "eps_growth_yearly": 0
        },
        "20131": {
            "year_quarter": 20131,
            "year": 2013,
            "quarter": 1,
            "eps": null,
            "eps_growth_year": null,
            "eps_4q": null,
            "eps_4q_growth_year": null,
            "roe": null,
            "roe_4q": 0,
            "gross_profit": 128741,
            "gross_margin": null,
            "gross_margin_4q_avg": 0,
            "net_income": 42107,
            "net_income_4q": null,
            "revenue": 602634,
            "revenue_4q": null,
            "common_shares": 593736,
            "book_valuer_per_share": 13.22,
            "book_valuer_per_share_4q_avg": 9.19,
            "equity": 784934,
            "current_ratio": 148.94,
            "debt_ratio": 53.64,
            "inventory_turnover_ratio": null,
            "account_receivable_turnover_ratio": null,
            "reinvestment_rate": null,
            "research_to_sale_ratio": null,
            "price_fair": 0,
            "eps_avg_yearly": 0,
            "eps_latest_yearly": 0,
            "eps_growth_yearly": 0
        },
        "20132": {
            "year_quarter": 20132,
            "year": 2013,
            "quarter": 2,
            "eps": 0.39,
            "eps_growth_year": null,
            "eps_4q": 0.39,
            "eps_4q_growth_year": null,
            "roe": 3.09,
            "roe_4q": 3.09,
            "gross_profit": 153574,
            "gross_margin": 20.95,
            "gross_margin_4q_avg": 5.24,
            "net_income": 24104,
            "net_income_4q": null,
            "revenue": 732966,
            "revenue_4q": null,
            "common_shares": 620000,
            "book_valuer_per_share": 12.49,
            "book_valuer_per_share_4q_avg": 9.52,
            "equity": 774477,
            "current_ratio": 142.45,
            "debt_ratio": 62.13,
            "inventory_turnover_ratio": 2.36,
            "account_receivable_turnover_ratio": 1.97,
            "reinvestment_rate": null,
            "research_to_sale_ratio": null,
            "price_fair": 0,
            "eps_avg_yearly": 0,
            "eps_latest_yearly": 0,
            "eps_growth_yearly": 0
        },
        "20133": {
            "year_quarter": 20133,
            "year": 2013,
            "quarter": 3,
            "eps": 0.35,
            "eps_growth_year": null,
            "eps_4q": 0.74,
            "eps_4q_growth_year": null,
            "roe": 2.78,
            "roe_4q": 5.869999999999999,
            "gross_profit": 125459,
            "gross_margin": 18.99,
            "gross_margin_4q_avg": 9.99,
            "net_income": 21725,
            "net_income_4q": null,
            "revenue": 660604,
            "revenue_4q": null,
            "common_shares": 620000,
            "book_valuer_per_share": 12.73,
            "book_valuer_per_share_4q_avg": 12.7,
            "equity": 789396,
            "current_ratio": 154.89,
            "debt_ratio": 56.73,
            "inventory_turnover_ratio": 2.05,
            "account_receivable_turnover_ratio": 0.89,
            "reinvestment_rate": null,
            "research_to_sale_ratio": 3.79,
            "price_fair": 4.2,
            "eps_avg_yearly": 1.4,
            "eps_latest_yearly": 1.4,
            "eps_growth_yearly": -41.03
        },
        "20134": {
            "year_quarter": 20134,
            "year": 2013,
            "quarter": 4,
            "eps": 0.8,
            "eps_growth_year": null,
            "eps_4q": 1.46,
            "eps_4q_growth_year": null,
            "roe": 6.18,
            "roe_4q": 12.049999999999999,
            "gross_profit": 178623,
            "gross_margin": 22.18,
            "gross_margin_4q_avg": 15.53,
            "net_income": 55717,
            "net_income_4q": null,
            "revenue": 805481,
            "revenue_4q": null,
            "common_shares": 697500,
            "book_valuer_per_share": 14.52,
            "book_valuer_per_share_4q_avg": 13.24,
            "equity": 1013089,
            "current_ratio": 171.63,
            "debt_ratio": 52.71,
            "inventory_turnover_ratio": 2.37,
            "account_receivable_turnover_ratio": 0.97,
            "reinvestment_rate": null,
            "research_to_sale_ratio": 4.16,
            "price_fair": 80.5,
            "eps_avg_yearly": 2.3,
            "eps_latest_yearly": 3.2,
            "eps_growth_yearly": 236.63
        },
        "20141": {
            "year_quarter": 20141,
            "year": 2014,
            "quarter": 1,
            "eps": 0.44,
            "eps_growth_year": null,
            "eps_4q": 1.9,
            "eps_4q_growth_year": null,
            "roe": 2.99,
            "roe_4q": 15.04,
            "gross_profit": 110659,
            "gross_margin": 19.62,
            "gross_margin_4q_avg": 20.44,
            "net_income": 30729,
            "net_income_4q": null,
            "revenue": 564083,
            "revenue_4q": null,
            "common_shares": 697500,
            "book_valuer_per_share": 14.96,
            "book_valuer_per_share_4q_avg": 13.68,
            "equity": 1043285,
            "current_ratio": 187.85,
            "debt_ratio": 48.63,
            "inventory_turnover_ratio": 1.67,
            "account_receivable_turnover_ratio": 0.72,
            "reinvestment_rate": null,
            "research_to_sale_ratio": 4.67,
            "price_fair": 74.2,
            "eps_avg_yearly": 2.12,
            "eps_latest_yearly": 1.76,
            "eps_growth_yearly": 97.75
        },
        "20142": {
            "year_quarter": 20142,
            "year": 2014,
            "quarter": 2,
            "eps": 0.67,
            "eps_growth_year": 72.34,
            "eps_4q": 2.22,
            "eps_4q_growth_year": 470.42,
            "roe": 4.61,
            "roe_4q": 16.560000000000002,
            "gross_profit": 174976,
            "gross_margin": 25.08,
            "gross_margin_4q_avg": 21.47,
            "net_income": 46511,
            "net_income_4q": null,
            "revenue": 697641,
            "revenue_4q": null,
            "common_shares": 697500,
            "book_valuer_per_share": 13.95,
            "book_valuer_per_share_4q_avg": 14.04,
            "equity": 973210,
            "current_ratio": 176.79,
            "debt_ratio": 50.96,
            "inventory_turnover_ratio": 1.81,
            "account_receivable_turnover_ratio": 1.04,
            "reinvestment_rate": null,
            "research_to_sale_ratio": 4.34,
            "price_fair": 79.1,
            "eps_avg_yearly": 2.26,
            "eps_latest_yearly": 2.68,
            "eps_growth_yearly": 125.59
        },
        "20143": {
            "year_quarter": 20143,
            "year": 2014,
            "quarter": 3,
            "eps": 0.61,
            "eps_growth_year": 74.29,
            "eps_4q": 2.51,
            "eps_4q_growth_year": 239.89,
            "roe": 4.22,
            "roe_4q": 18,
            "gross_profit": 168466,
            "gross_margin": 24.57,
            "gross_margin_4q_avg": 22.86,
            "net_income": 42283,
            "net_income_4q": null,
            "revenue": 685713,
            "revenue_4q": null,
            "common_shares": 697500,
            "book_valuer_per_share": 14.8,
            "book_valuer_per_share_4q_avg": 14.56,
            "equity": 1032106,
            "current_ratio": 179.26,
            "debt_ratio": 48.68,
            "inventory_turnover_ratio": 1.79,
            "account_receivable_turnover_ratio": 0.94,
            "reinvestment_rate": null,
            "research_to_sale_ratio": 4.97,
            "price_fair": 80.36,
            "eps_avg_yearly": 2.3,
            "eps_latest_yearly": 2.44,
            "eps_growth_yearly": 93.31
        },
        "20144": {
            "year_quarter": 20144,
            "year": 2014,
            "quarter": 4,
            "eps": 0.67,
            "eps_growth_year": -16.61,
            "eps_4q": 2.38,
            "eps_4q_growth_year": 63.46,
            "roe": 4.35,
            "roe_4q": 16.17,
            "gross_profit": 156866,
            "gross_margin": 22.97,
            "gross_margin_4q_avg": 23.06,
            "net_income": 46460,
            "net_income_4q": null,
            "revenue": 682915,
            "revenue_4q": null,
            "common_shares": 697500,
            "book_valuer_per_share": 15.81,
            "book_valuer_per_share_4q_avg": 14.88,
            "equity": 1102948,
            "current_ratio": 177.64,
            "debt_ratio": 46.91,
            "inventory_turnover_ratio": 1.84,
            "account_receivable_turnover_ratio": 0.92,
            "reinvestment_rate": null,
            "research_to_sale_ratio": 5.03,
            "price_fair": 82.6,
            "eps_avg_yearly": 2.36,
            "eps_latest_yearly": 2.68,
            "eps_growth_yearly": 84.31
        },
        "20151": {
            "year_quarter": 20151,
            "year": 2015,
            "quarter": 1,
            "eps": 0.24,
            "eps_growth_year": -45.45,
            "eps_4q": 2.18,
            "eps_4q_growth_year": 14.99,
            "roe": 1.52,
            "roe_4q": 14.7,
            "gross_profit": 124045,
            "gross_margin": 22.19,
            "gross_margin_4q_avg": 23.7,
            "net_income": 16932,
            "net_income_4q": null,
            "revenue": 558940,
            "revenue_4q": null,
            "common_shares": 697500,
            "book_valuer_per_share": 16.12,
            "book_valuer_per_share_4q_avg": 15.17,
            "equity": 1124519,
            "current_ratio": 231.82,
            "debt_ratio": 49.37,
            "inventory_turnover_ratio": 1.51,
            "account_receivable_turnover_ratio": 0.85,
            "reinvestment_rate": null,
            "research_to_sale_ratio": 5.74,
            "price_fair": 75.6,
            "eps_avg_yearly": 2.16,
            "eps_latest_yearly": 0.96,
            "eps_growth_yearly": 35.59
        },
        "20152": {
            "year_quarter": 20152,
            "year": 2015,
            "quarter": 2,
            "eps": 0.14,
            "eps_growth_year": -79.1,
            "eps_4q": 1.65,
            "eps_4q_growth_year": -25.58,
            "roe": 0.9,
            "roe_4q": 10.989999999999998,
            "gross_profit": 121483,
            "gross_margin": 20.56,
            "gross_margin_4q_avg": 22.57,
            "net_income": 9513,
            "net_income_4q": null,
            "revenue": 590733,
            "revenue_4q": null,
            "common_shares": 697902,
            "book_valuer_per_share": 14.11,
            "book_valuer_per_share_4q_avg": 15.21,
            "equity": 984587,
            "current_ratio": 203.74,
            "debt_ratio": 53.81,
            "inventory_turnover_ratio": 1.73,
            "account_receivable_turnover_ratio": 1.03,
            "reinvestment_rate": null,
            "research_to_sale_ratio": 5.65,
            "price_fair": 39.81,
            "eps_avg_yearly": 1.96,
            "eps_latest_yearly": 0.56,
            "eps_growth_yearly": 10.31
        },
        "20153": {
            "year_quarter": 20153,
            "year": 2015,
            "quarter": 3,
            "eps": 0.7,
            "eps_growth_year": 14.75,
            "eps_4q": 1.75,
            "eps_4q_growth_year": -30.2,
            "roe": 4.81,
            "roe_4q": 11.58,
            "gross_profit": 154375,
            "gross_margin": 23.13,
            "gross_margin_4q_avg": 22.21,
            "net_income": 49162,
            "net_income_4q": null,
            "revenue": 667487,
            "revenue_4q": null,
            "common_shares": 697902,
            "book_valuer_per_share": 15.21,
            "book_valuer_per_share_4q_avg": 15.31,
            "equity": 1058962,
            "current_ratio": 210.72,
            "debt_ratio": 51.86,
            "inventory_turnover_ratio": 1.97,
            "account_receivable_turnover_ratio": 1.12,
            "reinvestment_rate": null,
            "research_to_sale_ratio": 5.74,
            "price_fair": 71.87,
            "eps_avg_yearly": 2.05,
            "eps_latest_yearly": 2.8,
            "eps_growth_yearly": 186.94
        },
        "20154": {
            "year_quarter": 20154,
            "year": 2015,
            "quarter": 4,
            "eps": 0.82,
            "eps_growth_year": 23.17,
            "eps_4q": 1.91,
            "eps_4q_growth_year": -19.6,
            "roe": 5.3,
            "roe_4q": 12.53,
            "gross_profit": 191599,
            "gross_margin": 25.94,
            "gross_margin_4q_avg": 22.96,
            "net_income": 56758,
            "net_income_4q": null,
            "revenue": 738670,
            "revenue_4q": null,
            "common_shares": 696122,
            "book_valuer_per_share": 15.65,
            "book_valuer_per_share_4q_avg": 15.27,
            "equity": 1082364,
            "current_ratio": 187.53,
            "debt_ratio": 54.39,
            "inventory_turnover_ratio": 1.86,
            "account_receivable_turnover_ratio": 1.09,
            "reinvestment_rate": null,
            "research_to_sale_ratio": 6.64,
            "price_fair": 76.16,
            "eps_avg_yearly": 2.18,
            "eps_latest_yearly": 3.28,
            "eps_growth_yearly": 175.11
        },
        "20161": {
            "year_quarter": 20161,
            "year": 2016,
            "quarter": 1,
            "eps": 0.24,
            "eps_growth_year": 0,
            "eps_4q": 1.91,
            "eps_4q_growth_year": -12.26,
            "roe": 1.55,
            "roe_4q": 12.56,
            "gross_profit": 142513,
            "gross_margin": 23.51,
            "gross_margin_4q_avg": 23.29,
            "net_income": 16931,
            "net_income_4q": null,
            "revenue": 606198,
            "revenue_4q": null,
            "common_shares": 696122,
            "book_valuer_per_share": 15.84,
            "book_valuer_per_share_4q_avg": 15.2,
            "equity": 1096044,
            "current_ratio": 213.79,
            "debt_ratio": 49.15,
            "inventory_turnover_ratio": 1.56,
            "account_receivable_turnover_ratio": 0.85,
            "reinvestment_rate": null,
            "research_to_sale_ratio": 5.86,
            "price_fair": 72.29,
            "eps_avg_yearly": 2.07,
            "eps_latest_yearly": 0.96,
            "eps_growth_yearly": 133.47
        },
        "20162": {
            "year_quarter": 20162,
            "year": 2016,
            "quarter": 2,
            "eps": 0.47,
            "eps_growth_year": 235.71,
            "eps_4q": 2.25,
            "eps_4q_growth_year": 36.13,
            "roe": 3.1,
            "roe_4q": 14.759999999999998,
            "gross_profit": 149210,
            "gross_margin": 22.66,
            "gross_margin_4q_avg": 23.81,
            "net_income": 32583,
            "net_income_4q": null,
            "revenue": 658407,
            "revenue_4q": null,
            "common_shares": 696122,
            "book_valuer_per_share": 14.55,
            "book_valuer_per_share_4q_avg": 15.31,
            "equity": 1006521,
            "current_ratio": 192.82,
            "debt_ratio": 53.19,
            "inventory_turnover_ratio": 2,
            "account_receivable_turnover_ratio": 0.92,
            "reinvestment_rate": -79.01,
            "research_to_sale_ratio": 5.6,
            "price_fair": 71.75,
            "eps_avg_yearly": 2.05,
            "eps_latest_yearly": 1.88,
            "eps_growth_yearly": 154.29
        },
        "20163": {
            "year_quarter": 20163,
            "year": 2016,
            "quarter": 3,
            "eps": 0.89,
            "eps_growth_year": 27.14,
            "eps_4q": 2.43,
            "eps_4q_growth_year": 38.61,
            "roe": 6.04,
            "roe_4q": 15.990000000000002,
            "gross_profit": 209553,
            "gross_margin": 25.75,
            "gross_margin_4q_avg": 24.47,
            "net_income": 61900,
            "net_income_4q": null,
            "revenue": 813720,
            "revenue_4q": null,
            "common_shares": 696122,
            "book_valuer_per_share": 15.09,
            "book_valuer_per_share_4q_avg": 15.28,
            "equity": 1043886,
            "current_ratio": 184,
            "debt_ratio": 55.54,
            "inventory_turnover_ratio": 2.28,
            "account_receivable_turnover_ratio": 0.96,
            "reinvestment_rate": 10.34,
            "research_to_sale_ratio": 4.42,
            "price_fair": 75.82,
            "eps_avg_yearly": 2.17,
            "eps_latest_yearly": 3.56,
            "eps_growth_yearly": 169.92
        },
        "20164": {
            "year_quarter": 20164,
            "year": 2016,
            "quarter": 4,
            "eps": 1.09,
            "eps_growth_year": 33.44,
            "eps_4q": 2.71,
            "eps_4q_growth_year": 41.39,
            "roe": 7.04,
            "roe_4q": 17.73,
            "gross_profit": 198809,
            "gross_margin": 24.87,
            "gross_margin_4q_avg": 24.2,
            "net_income": 75739,
            "net_income_4q": null,
            "revenue": 799343,
            "revenue_4q": null,
            "common_shares": 696122,
            "book_valuer_per_share": 16,
            "book_valuer_per_share_4q_avg": 15.37,
            "equity": 1106706,
            "current_ratio": 179.82,
            "debt_ratio": 57.31,
            "inventory_turnover_ratio": 2.05,
            "account_receivable_turnover_ratio": 0.83,
            "reinvestment_rate": 7.22,
            "research_to_sale_ratio": 5.57,
            "price_fair": 81.3,
            "eps_avg_yearly": 2.32,
            "eps_latest_yearly": 4.36,
            "eps_growth_yearly": 164.2
        },
        "20171": {
            "year_quarter": 20171,
            "year": 2017,
            "quarter": 1,
            "eps": -0.18,
            "eps_growth_year": -175,
            "eps_4q": 2.28,
            "eps_4q_growth_year": 18.98,
            "roe": -1.18,
            "roe_4q": 15,
            "gross_profit": 143908,
            "gross_margin": 22.19,
            "gross_margin_4q_avg": 23.87,
            "net_income": -12734,
            "net_income_4q": null,
            "revenue": 648605,
            "revenue_4q": null,
            "common_shares": 696122,
            "book_valuer_per_share": 15.29,
            "book_valuer_per_share_4q_avg": 15.23,
            "equity": 1058112,
            "current_ratio": 150.41,
            "debt_ratio": 54.67,
            "inventory_turnover_ratio": 1.76,
            "account_receivable_turnover_ratio": 0.71,
            "reinvestment_rate": 5.68,
            "research_to_sale_ratio": 5.61,
            "price_fair": 81.3,
            "eps_avg_yearly": 2.32,
            "eps_latest_yearly": 4.36,
            "eps_growth_yearly": 164.2
        },
        "20172": {
            "year_quarter": 20172,
            "year": 2017,
            "quarter": 2,
            "eps": 0.39,
            "eps_growth_year": -17.02,
            "eps_4q": 2.19,
            "eps_4q_growth_year": -2.73,
            "roe": 2.66,
            "roe_4q": 14.559999999999999,
            "gross_profit": 168353,
            "gross_margin": 24.28,
            "gross_margin_4q_avg": 24.27,
            "net_income": 26760,
            "net_income_4q": null,
            "revenue": 693352,
            "revenue_4q": null,
            "common_shares": 696122,
            "book_valuer_per_share": 13.7,
            "book_valuer_per_share_4q_avg": 15.02,
            "equity": 950472,
            "current_ratio": 136.36,
            "debt_ratio": 60.96,
            "inventory_turnover_ratio": 1.92,
            "account_receivable_turnover_ratio": 0.77,
            "reinvestment_rate": -0.09,
            "research_to_sale_ratio": 5.92,
            "price_fair": 81.3,
            "eps_avg_yearly": 2.32,
            "eps_latest_yearly": 4.36,
            "eps_growth_yearly": 164.2
        },
        "20173": {
            "year_quarter": 20173,
            "year": 2017,
            "quarter": 3,
            "eps": 0.47,
            "eps_growth_year": -47.19,
            "eps_4q": 1.76,
            "eps_4q_growth_year": -27.51,
            "roe": 3.37,
            "roe_4q": 11.89,
            "gross_profit": 206474,
            "gross_margin": 23.93,
            "gross_margin_4q_avg": 23.82,
            "net_income": 32807,
            "net_income_4q": null,
            "revenue": 862897,
            "revenue_4q": null,
            "common_shares": 697762,
            "book_valuer_per_share": 14.33,
            "book_valuer_per_share_4q_avg": 14.83,
            "equity": 996548,
            "current_ratio": 139.85,
            "debt_ratio": 60.1,
            "inventory_turnover_ratio": 2.28,
            "account_receivable_turnover_ratio": 0.82,
            "reinvestment_rate": -2.99,
            "research_to_sale_ratio": 4.27,
            "price_fair": 82.5,
            "eps_avg_yearly": 2.36,
            "eps_latest_yearly": 1.88,
            "eps_growth_yearly": 172.99
        },
        "20174": {
            "year_quarter": 20174,
            "year": 2017,
            "quarter": 4,
            "eps": -0.17,
            "eps_growth_year": -115.26,
            "eps_4q": 0.51,
            "eps_4q_growth_year": -81.33,
            "roe": -1.17,
            "roe_4q": 3.6800000000000006,
            "gross_profit": 183908,
            "gross_margin": 21.42,
            "gross_margin_4q_avg": 22.96,
            "net_income": -11638,
            "net_income_4q": null,
            "revenue": 858632,
            "revenue_4q": null,
            "common_shares": 697922,
            "book_valuer_per_share": 14.18,
            "book_valuer_per_share_4q_avg": 14.38,
            "equity": 988261,
            "current_ratio": 135.95,
            "debt_ratio": 61.53,
            "inventory_turnover_ratio": 2.08,
            "account_receivable_turnover_ratio": 0.73,
            "reinvestment_rate": -5.69,
            "research_to_sale_ratio": 4.71,
            "price_fair": 80.23,
            "eps_avg_yearly": 2.29,
            "eps_latest_yearly": 1.88,
            "eps_growth_yearly": 146.74
        },
        "20181": {
            "year_quarter": 20181,
            "year": 2018,
            "quarter": 1,
            "eps": -0.52,
            "eps_growth_year": null,
            "eps_4q": 0.17,
            "eps_4q_growth_year": -92.43,
            "roe": -3.68,
            "roe_4q": 1.1800000000000006,
            "gross_profit": 125963,
            "gross_margin": 17.38,
            "gross_margin_4q_avg": 21.75,
            "net_income": -35920,
            "net_income_4q": null,
            "revenue": 724717,
            "revenue_4q": null,
            "common_shares": 698360,
            "book_valuer_per_share": 13.86,
            "book_valuer_per_share_4q_avg": 14.02,
            "equity": 966295,
            "current_ratio": 135.53,
            "debt_ratio": 61.04,
            "inventory_turnover_ratio": 1.77,
            "account_receivable_turnover_ratio": 0.58,
            "reinvestment_rate": -4.28,
            "research_to_sale_ratio": 5.69,
            "price_fair": 81.78,
            "eps_avg_yearly": 2.34,
            "eps_latest_yearly": 1.88,
            "eps_growth_yearly": 173.97
        },
        "20182": {
            "year_quarter": 20182,
            "year": 2018,
            "quarter": 2,
            "eps": 0.52,
            "eps_growth_year": 33.33,
            "eps_4q": 0.31,
            "eps_4q_growth_year": -85.96,
            "roe": 3.73,
            "roe_4q": 2.25,
            "gross_profit": 135796,
            "gross_margin": 18.4,
            "gross_margin_4q_avg": 20.28,
            "net_income": 36151,
            "net_income_4q": null,
            "revenue": 738196,
            "revenue_4q": null,
            "common_shares": 698360,
            "book_valuer_per_share": 13.98,
            "book_valuer_per_share_4q_avg": 14.09,
            "equity": 974431,
            "current_ratio": 154.63,
            "debt_ratio": 61.6,
            "inventory_turnover_ratio": 1.77,
            "account_receivable_turnover_ratio": 0.57,
            "reinvestment_rate": -4.81,
            "research_to_sale_ratio": 5.39,
            "price_fair": 80.69,
            "eps_avg_yearly": 2.31,
            "eps_latest_yearly": 1.88,
            "eps_growth_yearly": 170.77
        },
        "20183": {
            "year_quarter": 20183,
            "year": 2018,
            "quarter": 3,
            "eps": 0.99,
            "eps_growth_year": 110.64,
            "eps_4q": 0.76,
            "eps_4q_growth_year": -56.86,
            "roe": 6.7,
            "roe_4q": 5.58,
            "gross_profit": 226995,
            "gross_margin": 22.41,
            "gross_margin_4q_avg": 19.9,
            "net_income": 77135,
            "net_income_4q": null,
            "revenue": 1012752,
            "revenue_4q": null,
            "common_shares": 865030,
            "book_valuer_per_share": 15.38,
            "book_valuer_per_share_4q_avg": 14.35,
            "equity": 1328694,
            "current_ratio": 169.13,
            "debt_ratio": 56.57,
            "inventory_turnover_ratio": 2.15,
            "account_receivable_turnover_ratio": 0.73,
            "reinvestment_rate": -12.3,
            "research_to_sale_ratio": 4.33,
            "price_fair": 85.53,
            "eps_avg_yearly": 2.44,
            "eps_latest_yearly": 3.96,
            "eps_growth_yearly": 206.9
        },
        "20184": {
            "year_quarter": 20184,
            "year": 2018,
            "quarter": 4,
            "eps": 0.69,
            "eps_growth_year": null,
            "eps_4q": 1.58,
            "eps_4q_growth_year": 213.38,
            "roe": 4.37,
            "roe_4q": 11.120000000000001,
            "gross_profit": 214743,
            "gross_margin": 21.82,
            "gross_margin_4q_avg": 20,
            "net_income": 59530,
            "net_income_4q": null,
            "revenue": 984174,
            "revenue_4q": null,
            "common_shares": 864820,
            "book_valuer_per_share": 16.11,
            "book_valuer_per_share_4q_avg": 14.83,
            "equity": 1393627,
            "current_ratio": 157.52,
            "debt_ratio": 60.46,
            "inventory_turnover_ratio": 1.87,
            "account_receivable_turnover_ratio": 0.63,
            "reinvestment_rate": -6.82,
            "research_to_sale_ratio": 4.26,
            "price_fair": 85.78,
            "eps_avg_yearly": 2.45,
            "eps_latest_yearly": 2.76,
            "eps_growth_yearly": 192.3
        },
        "20191": {
            "year_quarter": 20191,
            "year": 2019,
            "quarter": 1,
            "eps": 0.61,
            "eps_growth_year": null,
            "eps_4q": 2.61,
            "eps_4q_growth_year": 1413.53,
            "roe": 3.68,
            "roe_4q": 18.48,
            "gross_profit": 214675,
            "gross_margin": 23.09,
            "gross_margin_4q_avg": 21.43,
            "net_income": 52639,
            "net_income_4q": null,
            "revenue": 929607,
            "revenue_4q": null,
            "common_shares": 864820,
            "book_valuer_per_share": 16.97,
            "book_valuer_per_share_4q_avg": 15.61,
            "equity": 1467873,
            "current_ratio": 154.12,
            "debt_ratio": 59.16,
            "inventory_turnover_ratio": 1.67,
            "account_receivable_turnover_ratio": 0.58,
            "reinvestment_rate": 12.14,
            "research_to_sale_ratio": 4.33,
            "price_fair": 90.49,
            "eps_avg_yearly": 2.59,
            "eps_latest_yearly": 2.44,
            "eps_growth_yearly": 211.42
        },
        "20192": {
            "year_quarter": 20192,
            "year": 2019,
            "quarter": 2,
            "eps": 0.7,
            "eps_growth_year": 34.62,
            "eps_4q": 2.89,
            "eps_4q_growth_year": 841.89,
            "roe": 4.19,
            "roe_4q": 18.94,
            "gross_profit": 252554,
            "gross_margin": 24.18,
            "gross_margin_4q_avg": 22.88,
            "net_income": 60716,
            "net_income_4q": null,
            "revenue": 1044650,
            "revenue_4q": null,
            "common_shares": 864820,
            "book_valuer_per_share": 16.52,
            "book_valuer_per_share_4q_avg": 16.25,
            "equity": 1428330,
            "current_ratio": 148.89,
            "debt_ratio": 60.57,
            "inventory_turnover_ratio": 1.92,
            "account_receivable_turnover_ratio": 0.65,
            "reinvestment_rate": 10.84,
            "research_to_sale_ratio": 4.62,
            "price_fair": 97.62,
            "eps_avg_yearly": 2.79,
            "eps_latest_yearly": 2.8,
            "eps_growth_yearly": 231.94
        },
        "20193": {
            "year_quarter": 20193,
            "year": 2019,
            "quarter": 3,
            "eps": 1.15,
            "eps_growth_year": 16.16,
            "eps_4q": 3.15,
            "eps_4q_growth_year": 314.78,
            "roe": 6.81,
            "roe_4q": 19.05,
            "gross_profit": 314888,
            "gross_margin": 24.26,
            "gross_margin_4q_avg": 23.34,
            "net_income": 99817,
            "net_income_4q": null,
            "revenue": 1297750,
            "revenue_4q": null,
            "common_shares": 864820,
            "book_valuer_per_share": 17.37,
            "book_valuer_per_share_4q_avg": 16.74,
            "equity": 1501883,
            "current_ratio": 164.37,
            "debt_ratio": 62.51,
            "inventory_turnover_ratio": 2.32,
            "account_receivable_turnover_ratio": 0.73,
            "reinvestment_rate": 17.53,
            "research_to_sale_ratio": 3.78,
            "price_fair": 103.35,
            "eps_avg_yearly": 2.95,
            "eps_latest_yearly": 4.6,
            "eps_growth_yearly": 109.86
        },
        "20194": {
            "year_quarter": 20194,
            "year": 2019,
            "quarter": 4,
            "eps": 0.91,
            "eps_growth_year": 32.28,
            "eps_4q": 3.35,
            "eps_4q_growth_year": 111.94,
            "roe": 5.11,
            "roe_4q": 19.79,
            "gross_profit": 315648,
            "gross_margin": 22.59,
            "gross_margin_4q_avg": 23.53,
            "net_income": 79410,
            "net_income_4q": null,
            "revenue": 1397360,
            "revenue_4q": null,
            "common_shares": 864820,
            "book_valuer_per_share": 18.41,
            "book_valuer_per_share_4q_avg": 17.32,
            "equity": 1605487,
            "current_ratio": 156.81,
            "debt_ratio": 62.94,
            "inventory_turnover_ratio": 2.41,
            "account_receivable_turnover_ratio": 0.69,
            "reinvestment_rate": 21.83,
            "research_to_sale_ratio": 3.65,
            "price_fair": 104.49,
            "eps_avg_yearly": 2.99,
            "eps_latest_yearly": 3.64,
            "eps_growth_yearly": 96.04
        },
        "20201": {
            "year_quarter": 20201,
            "year": 2020,
            "quarter": 1,
            "eps": 0.73,
            "eps_growth_year": 19.67,
            "eps_4q": 3.47,
            "eps_4q_growth_year": 33.21,
            "roe": 3.89,
            "roe_4q": 20,
            "gross_profit": 219163,
            "gross_margin": 21.44,
            "gross_margin_4q_avg": 23.12,
            "net_income": 63097,
            "net_income_4q": null,
            "revenue": 1022144,
            "revenue_4q": null,
            "common_shares": 871970,
            "book_valuer_per_share": 18.8,
            "book_valuer_per_share_4q_avg": 17.78,
            "equity": 1640057,
            "current_ratio": 162.68,
            "debt_ratio": 59.28,
            "inventory_turnover_ratio": 1.76,
            "account_receivable_turnover_ratio": 0.51,
            "reinvestment_rate": 24.38,
            "research_to_sale_ratio": 4.9,
            "price_fair": 110.73,
            "eps_avg_yearly": 3.16,
            "eps_latest_yearly": 2.92,
            "eps_growth_yearly": 114.57
        },
        "20202": {
            "year_quarter": 20202,
            "year": 2020,
            "quarter": 2,
            "eps": 0.99,
            "eps_growth_year": 41.43,
            "eps_4q": 3.75,
            "eps_4q_growth_year": 29.7,
            "roe": 5.42,
            "roe_4q": 21.23,
            "gross_profit": 342066,
            "gross_margin": 20.68,
            "gross_margin_4q_avg": 22.24,
            "net_income": 86759,
            "net_income_4q": null,
            "revenue": 1653810,
            "revenue_4q": null,
            "common_shares": 872585,
            "book_valuer_per_share": 17.91,
            "book_valuer_per_share_4q_avg": 18.12,
            "equity": 1562551,
            "current_ratio": 139.25,
            "debt_ratio": 66.72,
            "inventory_turnover_ratio": 2.54,
            "account_receivable_turnover_ratio": 0.8,
            "reinvestment_rate": 29.09,
            "research_to_sale_ratio": 3.58,
            "price_fair": 117.35,
            "eps_avg_yearly": 3.35,
            "eps_latest_yearly": 3.96,
            "eps_growth_yearly": 92.67
        },
        "20203": {
            "year_quarter": 20203,
            "year": 2020,
            "quarter": 3,
            "eps": 0.41,
            "eps_growth_year": -64.35,
            "eps_4q": 3.02,
            "eps_4q_growth_year": -4.25,
            "roe": 2.26,
            "roe_4q": 16.68,
            "gross_profit": 240444,
            "gross_margin": 18.68,
            "gross_margin_4q_avg": 20.85,
            "net_income": 35850,
            "net_income_4q": null,
            "revenue": 1286920,
            "revenue_4q": null,
            "common_shares": 877652,
            "book_valuer_per_share": 18.4,
            "book_valuer_per_share_4q_avg": 18.38,
            "equity": 1615440,
            "current_ratio": 144.06,
            "debt_ratio": 65.15,
            "inventory_turnover_ratio": 1.67,
            "account_receivable_turnover_ratio": 0.56,
            "reinvestment_rate": 30.15,
            "research_to_sale_ratio": 4.66,
            "price_fair": 111.24,
            "eps_avg_yearly": 3.18,
            "eps_latest_yearly": 1.64,
            "eps_growth_yearly": 38.87
        },
        "20204": {
            "year_quarter": 20204,
            "year": 2020,
            "quarter": 4,
            "eps": 0.45,
            "eps_growth_year": -50.57,
            "eps_4q": 2.56,
            "eps_4q_growth_year": -23.56,
            "roe": 2.39,
            "roe_4q": 13.96,
            "gross_profit": 261409,
            "gross_margin": 20.2,
            "gross_margin_4q_avg": 20.25,
            "net_income": 39530,
            "net_income_4q": null,
            "revenue": 1294184,
            "revenue_4q": null,
            "common_shares": 878012,
            "book_valuer_per_share": 19.21,
            "book_valuer_per_share_4q_avg": 18.58,
            "equity": 1687167,
            "current_ratio": 154.47,
            "debt_ratio": 61.56,
            "inventory_turnover_ratio": 1.58,
            "account_receivable_turnover_ratio": 0.58,
            "reinvestment_rate": 32.24,
            "research_to_sale_ratio": 4.32,
            "price_fair": 103.09,
            "eps_avg_yearly": 2.95,
            "eps_latest_yearly": 1.8,
            "eps_growth_yearly": 34.25
        },
        "20211": {
            "year_quarter": 20211,
            "year": 2021,
            "quarter": 1,
            "eps": 0.13,
            "eps_growth_year": -82.19,
            "eps_4q": 1.97,
            "eps_4q_growth_year": -43.17,
            "roe": 0.67,
            "roe_4q": 10.74,
            "gross_profit": 169995,
            "gross_margin": 14.92,
            "gross_margin_4q_avg": 18.62,
            "net_income": 11302,
            "net_income_4q": null,
            "revenue": 1139482,
            "revenue_4q": null,
            "common_shares": 878331,
            "book_valuer_per_share": 19.21,
            "book_valuer_per_share_4q_avg": 18.68,
            "equity": 1688097,
            "current_ratio": 166.73,
            "debt_ratio": 57.98,
            "inventory_turnover_ratio": 1.51,
            "account_receivable_turnover_ratio": 0.58,
            "reinvestment_rate": 30.3,
            "research_to_sale_ratio": 4.47,
            "price_fair": 48.53,
            "eps_avg_yearly": 2.74,
            "eps_latest_yearly": 0.52,
            "eps_growth_yearly": 7.69
        },
        "20212": {
            "year_quarter": 20212,
            "year": 2021,
            "quarter": 2,
            "eps": 0.54,
            "eps_growth_year": -45.45,
            "eps_4q": 1.52,
            "eps_4q_growth_year": -59.38,
            "roe": 2.76,
            "roe_4q": 8.08,
            "gross_profit": 224878,
            "gross_margin": 18.07,
            "gross_margin_4q_avg": 17.97,
            "net_income": 47167,
            "net_income_4q": null,
            "revenue": 1244152,
            "revenue_4q": null,
            "common_shares": 878771,
            "book_valuer_per_share": 19.65,
            "book_valuer_per_share_4q_avg": 19.12,
            "equity": 1726645,
            "current_ratio": 171.94,
            "debt_ratio": 56.45,
            "inventory_turnover_ratio": 1.58,
            "account_receivable_turnover_ratio": 0.68,
            "reinvestment_rate": 25.98,
            "research_to_sale_ratio": 3.92,
            "price_fair": 94.45,
            "eps_avg_yearly": 2.7,
            "eps_latest_yearly": 2.16,
            "eps_growth_yearly": 104.14
        },
        "20213": {
            "year_quarter": 20213,
            "year": 2021,
            "quarter": 3,
            "eps": 0.64,
            "eps_growth_year": 56.1,
            "eps_4q": 1.76,
            "eps_4q_growth_year": -41.82,
            "roe": 3.37,
            "roe_4q": 9.19,
            "gross_profit": 243123,
            "gross_margin": 19.03,
            "gross_margin_4q_avg": 18.06,
            "net_income": 56417,
            "net_income_4q": null,
            "revenue": 1277316,
            "revenue_4q": null,
            "common_shares": 878771,
            "book_valuer_per_share": 18.47,
            "book_valuer_per_share_4q_avg": 19.14,
            "equity": 1623932,
            "current_ratio": 148.16,
            "debt_ratio": 58.69,
            "inventory_turnover_ratio": 1.64,
            "account_receivable_turnover_ratio": 0.67,
            "reinvestment_rate": 22.93,
            "research_to_sale_ratio": 4.26,
            "price_fair": 96.28,
            "eps_avg_yearly": 2.75,
            "eps_latest_yearly": 2.56,
            "eps_growth_yearly": 103.52
        },
        "20214": {
            "year_quarter": 20214,
            "year": 2021,
            "quarter": 4,
            "eps": 0.83,
            "eps_growth_year": 83.4,
            "eps_4q": 2.13,
            "eps_4q_growth_year": -16.85,
            "roe": 4.35,
            "roe_4q": 11.15,
            "gross_profit": 245379,
            "gross_margin": 18.63,
            "gross_margin_4q_avg": 17.66,
            "net_income": 72563,
            "net_income_4q": null,
            "revenue": 1317331,
            "revenue_4q": null,
            "common_shares": 879081,
            "book_valuer_per_share": 19.44,
            "book_valuer_per_share_4q_avg": 19.19,
            "equity": 1709297,
            "current_ratio": 151.82,
            "debt_ratio": 57.65,
            "inventory_turnover_ratio": 1.68,
            "account_receivable_turnover_ratio": 0.65,
            "reinvestment_rate": 17.99,
            "research_to_sale_ratio": 3.81,
            "price_fair": 97.7,
            "eps_avg_yearly": 2.79,
            "eps_latest_yearly": 3.32,
            "eps_growth_yearly": 104.61
        },
        "20221": {
            "year_quarter": 20221,
            "year": 2022,
            "quarter": 1,
            "eps": 0.71,
            "eps_growth_year": 446.15,
            "eps_4q": 2.71,
            "eps_4q_growth_year": 37.4,
            "roe": 3.52,
            "roe_4q": 13.999999999999998,
            "gross_profit": 233977,
            "gross_margin": 19.16,
            "gross_margin_4q_avg": 18.72,
            "net_income": 62228,
            "net_income_4q": null,
            "revenue": 1221470,
            "revenue_4q": null,
            "common_shares": 879081,
            "book_valuer_per_share": 20.72,
            "book_valuer_per_share_4q_avg": 19.57,
            "equity": 1821846,
            "current_ratio": 157.07,
            "debt_ratio": 56,
            "inventory_turnover_ratio": 1.53,
            "account_receivable_turnover_ratio": 0.58,
            "reinvestment_rate": 14.55,
            "research_to_sale_ratio": 3.79,
            "price_fair": 97.81,
            "eps_avg_yearly": 2.79,
            "eps_latest_yearly": 2.84,
            "eps_growth_yearly": 93.78
        },
        "20222": {
            "year_quarter": 20222,
            "year": 2022,
            "quarter": 2,
            "eps": 0.89,
            "eps_growth_year": 64.81,
            "eps_4q": 3.07,
            "eps_4q_growth_year": 101.42,
            "roe": 4.4,
            "roe_4q": 15.64,
            "gross_profit": 223360,
            "gross_margin": 18.51,
            "gross_margin_4q_avg": 18.83,
            "net_income": 78489,
            "net_income_4q": null,
            "revenue": 1206708,
            "revenue_4q": null,
            "common_shares": 879081,
            "book_valuer_per_share": 19.89,
            "book_valuer_per_share_4q_avg": 19.63,
            "equity": 1748592,
            "current_ratio": 151.09,
            "debt_ratio": 58.75,
            "inventory_turnover_ratio": 1.55,
            "account_receivable_turnover_ratio": 0.58,
            "reinvestment_rate": 11.48,
            "research_to_sale_ratio": 3.81,
            "price_fair": 99.49,
            "eps_avg_yearly": 2.84,
            "eps_latest_yearly": 3.56,
            "eps_growth_yearly": 94.26
        },
        "20223": {
            "year_quarter": 20223,
            "year": 2022,
            "quarter": 3,
            "eps": 0.91,
            "eps_growth_year": 42.19,
            "eps_4q": 3.35,
            "eps_4q_growth_year": 90.89,
            "roe": 4.48,
            "roe_4q": 16.75,
            "gross_profit": 231679,
            "gross_margin": 18.98,
            "gross_margin_4q_avg": 18.82,
            "net_income": 79962,
            "net_income_4q": null,
            "revenue": 1220840,
            "revenue_4q": null,
            "common_shares": 879081,
            "book_valuer_per_share": 20.84,
            "book_valuer_per_share_4q_avg": 20.22,
            "equity": 1822995,
            "current_ratio": 167.62,
            "debt_ratio": 52.44,
            "inventory_turnover_ratio": 1.8,
            "account_receivable_turnover_ratio": 0.59,
            "reinvestment_rate": 15.6,
            "research_to_sale_ratio": 3.6,
            "price_fair": 98.79,
            "eps_avg_yearly": 2.82,
            "eps_latest_yearly": 3.64,
            "eps_growth_yearly": 72.23
        },
        "20224": {
            "year_quarter": 20224,
            "year": 2022,
            "quarter": 4,
            "eps": 0.54,
            "eps_growth_year": -35.18,
            "eps_4q": 3.06,
            "eps_4q_growth_year": 43.43,
            "roe": 2.55,
            "roe_4q": 14.95,
            "gross_profit": 183968,
            "gross_margin": 20.01,
            "gross_margin_4q_avg": 19.17,
            "net_income": 46798,
            "net_income_4q": null,
            "revenue": 919300,
            "revenue_4q": null,
            "common_shares": 879081,
            "book_valuer_per_share": 21.18,
            "book_valuer_per_share_4q_avg": 20.66,
            "equity": 1852227,
            "current_ratio": 183.66,
            "debt_ratio": 47.9,
            "inventory_turnover_ratio": 1.66,
            "account_receivable_turnover_ratio": 0.49,
            "reinvestment_rate": 10.38,
            "research_to_sale_ratio": 4.51,
            "price_fair": 97.48,
            "eps_avg_yearly": 2.79,
            "eps_latest_yearly": 2.16,
            "eps_growth_yearly": 69.64
        },
        "20231": {
            "year_quarter": 20231,
            "year": 2023,
            "quarter": 1,
            "eps": 0.3,
            "eps_growth_year": -57.75,
            "eps_4q": 2.65,
            "eps_4q_growth_year": -2.3,
            "roe": 1.42,
            "roe_4q": 12.85,
            "gross_profit": 165487,
            "gross_margin": 19.93,
            "gross_margin_4q_avg": 19.36,
            "net_income": 26460,
            "net_income_4q": null,
            "revenue": 830231,
            "revenue_4q": null,
            "common_shares": 879081,
            "book_valuer_per_share": 21.55,
            "book_valuer_per_share_4q_avg": 20.87,
            "equity": 1884871,
            "current_ratio": 196.3,
            "debt_ratio": 45.12,
            "inventory_turnover_ratio": 1.69,
            "account_receivable_turnover_ratio": 0.56,
            "reinvestment_rate": 0.2,
            "research_to_sale_ratio": 4.23,
            "price_fair": 94.76,
            "eps_avg_yearly": 2.71,
            "eps_latest_yearly": 1.2,
            "eps_growth_yearly": 61.42
        },
        "20232": {
            "year_quarter": 20232,
            "year": 2023,
            "quarter": 2,
            "eps": 0.74,
            "eps_growth_year": -16.85,
            "eps_4q": 2.49,
            "eps_4q_growth_year": -18.81,
            "roe": 3.57,
            "roe_4q": 12.02,
            "gross_profit": 173639,
            "gross_margin": 20.32,
            "gross_margin_4q_avg": 19.81,
            "net_income": 64621,
            "net_income_4q": null,
            "revenue": 854569,
            "revenue_4q": null,
            "common_shares": 879081,
            "book_valuer_per_share": 19.81,
            "book_valuer_per_share_4q_avg": 20.85,
            "equity": 1732633,
            "current_ratio": 181.83,
            "debt_ratio": 48.97,
            "inventory_turnover_ratio": 1.88,
            "account_receivable_turnover_ratio": 0.63,
            "reinvestment_rate": 0.42,
            "research_to_sale_ratio": 3.95,
            "price_fair": 95.11,
            "eps_avg_yearly": 2.72,
            "eps_latest_yearly": 2.96,
            "eps_growth_yearly": 94.4
        },
        "20233": {
            "year_quarter": 20233,
            "year": 2023,
            "quarter": 3,
            "eps": 0.98,
            "eps_growth_year": 7.69,
            "eps_4q": 2.56,
            "eps_4q_growth_year": -23.75,
            "roe": 4.78,
            "roe_4q": 12.32,
            "gross_profit": 221653,
            "gross_margin": 21.27,
            "gross_margin_4q_avg": 20.38,
            "net_income": 85713,
            "net_income_4q": null,
            "revenue": 1042258,
            "revenue_4q": null,
            "common_shares": 879081,
            "book_valuer_per_share": 21.23,
            "book_valuer_per_share_4q_avg": 20.94,
            "equity": 1856921,
            "current_ratio": 181.16,
            "debt_ratio": 50.07,
            "inventory_turnover_ratio": 2.2,
            "account_receivable_turnover_ratio": 0.7,
            "reinvestment_rate": -5.2,
            "research_to_sale_ratio": 3.29,
            "price_fair": 93.63,
            "eps_avg_yearly": 2.68,
            "eps_latest_yearly": 3.92,
            "eps_growth_yearly": 86.44
        },
        "20234": {
            "year_quarter": 20234,
            "year": 2023,
            "quarter": 4,
            "eps": 0.76,
            "eps_growth_year": 42.1,
            "eps_4q": 2.78,
            "eps_4q_growth_year": -9.04,
            "roe": 3.54,
            "roe_4q": 13.31,
            "gross_profit": 226672,
            "gross_margin": 20.9,
            "gross_margin_4q_avg": 20.61,
            "net_income": 66500,
            "net_income_4q": null,
            "revenue": 1084717,
            "revenue_4q": null,
            "common_shares": 879081,
            "book_valuer_per_share": 21.68,
            "book_valuer_per_share_4q_avg": 21.07,
            "equity": 1896125,
            "current_ratio": 180.93,
            "debt_ratio": 50.57,
            "inventory_turnover_ratio": 2.32,
            "account_receivable_turnover_ratio": 0.67,
            "reinvestment_rate": -11.26,
            "research_to_sale_ratio": 3.09,
            "price_fair": 92.31,
            "eps_avg_yearly": 2.64,
            "eps_latest_yearly": 3.04,
            "eps_growth_yearly": 86.04
        }
    },
    "months": {
        "2004-06": {
            "month": "2004-06",
            "price": "27.50",
            "revenue": 112898
        },
        "2004-07": {
            "month": "2004-07",
            "price": "23.96",
            "revenue": 152352
        },
        "2004-08": {
            "month": "2004-08",
            "price": "24.80",
            "revenue": 167859
        },
        "2004-09": {
            "month": "2004-09",
            "price": "20.81",
            "revenue": 174166
        },
        "2004-11": {
            "month": "2004-11",
            "price": "16.92",
            "revenue": 116759
        },
        "2004-12": {
            "month": "2004-12",
            "price": "16.60",
            "revenue": 117260
        },
        "2005-02": {
            "month": "2005-02",
            "price": "17.00",
            "revenue": 93818
        },
        "2005-03": {
            "month": "2005-03",
            "price": "17.90",
            "revenue": 161041
        },
        "2005-04": {
            "month": "2005-04",
            "price": "15.95",
            "revenue": 121647
        },
        "2005-05": {
            "month": "2005-05",
            "price": "16.38",
            "revenue": 106434
        },
        "2005-06": {
            "month": "2005-06",
            "price": "17.88",
            "revenue": 90084
        },
        "2005-07": {
            "month": "2005-07",
            "price": "17.72",
            "revenue": 128522
        },
        "2005-08": {
            "month": "2005-08",
            "price": "17.06",
            "revenue": 118208
        },
        "2005-09": {
            "month": "2005-09",
            "price": "16.61",
            "revenue": 103665
        },
        "2005-10": {
            "month": "2005-10",
            "price": "15.20",
            "revenue": 108079
        },
        "2005-11": {
            "month": "2005-11",
            "price": "13.16",
            "revenue": 76394
        },
        "2005-12": {
            "month": "2005-12",
            "price": "13.93",
            "revenue": 77367
        },
        "2006-02": {
            "month": "2006-02",
            "price": "15.00",
            "revenue": 86529
        },
        "2006-03": {
            "month": "2006-03",
            "price": "15.28",
            "revenue": 114956
        },
        "2006-04": {
            "month": "2006-04",
            "price": "16.34",
            "revenue": 93122
        },
        "2006-05": {
            "month": "2006-05",
            "price": "15.68",
            "revenue": 70196
        },
        "2006-06": {
            "month": "2006-06",
            "price": "15.94",
            "revenue": 79853
        },
        "2006-07": {
            "month": "2006-07",
            "price": "15.13",
            "revenue": 130048
        },
        "2006-08": {
            "month": "2006-08",
            "price": "14.07",
            "revenue": 140547
        },
        "2006-09": {
            "month": "2006-09",
            "price": "15.71",
            "revenue": 185108
        },
        "2006-10": {
            "month": "2006-10",
            "price": "16.17",
            "revenue": 155809
        },
        "2006-11": {
            "month": "2006-11",
            "price": "16.86",
            "revenue": 165457
        },
        "2006-12": {
            "month": "2006-12",
            "price": "18.62",
            "revenue": 80076
        },
        "2007-01": {
            "month": "2007-01",
            "price": "19.03",
            "revenue": 153078
        },
        "2007-02": {
            "month": "2007-02",
            "price": "19.22",
            "revenue": 109421
        },
        "2007-03": {
            "month": "2007-03",
            "price": "22.84",
            "revenue": 190533
        },
        "2007-04": {
            "month": "2007-04",
            "price": "30.50",
            "revenue": 134563
        },
        "2007-05": {
            "month": "2007-05",
            "price": "29.22",
            "revenue": 160268
        },
        "2007-06": {
            "month": "2007-06",
            "price": "28.71",
            "revenue": 165883
        },
        "2007-07": {
            "month": "2007-07",
            "price": "29.65",
            "revenue": 196140
        },
        "2007-08": {
            "month": "2007-08",
            "price": "28.44",
            "revenue": 189503
        },
        "2007-09": {
            "month": "2007-09",
            "price": "26.80",
            "revenue": 195662
        },
        "2007-10": {
            "month": "2007-10",
            "price": "24.35",
            "revenue": 169633
        },
        "2007-11": {
            "month": "2007-11",
            "price": "20.66",
            "revenue": 149362
        },
        "2007-12": {
            "month": "2007-12",
            "price": "17.52",
            "revenue": 133721
        },
        "2008-01": {
            "month": "2008-01",
            "price": "15.94",
            "revenue": 116093
        },
        "2008-02": {
            "month": "2008-02",
            "price": "14.09",
            "revenue": 70817
        },
        "2008-03": {
            "month": "2008-03",
            "price": "12.80",
            "revenue": 111167
        },
        "2008-04": {
            "month": "2008-04",
            "price": "12.59",
            "revenue": 93698
        },
        "2008-05": {
            "month": "2008-05",
            "price": "12.98",
            "revenue": 97689
        },
        "2008-06": {
            "month": "2008-06",
            "price": "12.07",
            "revenue": 110508
        },
        "2008-07": {
            "month": "2008-07",
            "price": "9.24",
            "revenue": 109581
        },
        "2008-08": {
            "month": "2008-08",
            "price": "8.28",
            "revenue": 146889
        },
        "2008-09": {
            "month": "2008-09",
            "price": "7.55",
            "revenue": 183498
        },
        "2008-10": {
            "month": "2008-10",
            "price": "6.34",
            "revenue": 125148
        },
        "2008-11": {
            "month": "2008-11",
            "price": "5.94",
            "revenue": 84991
        },
        "2008-12": {
            "month": "2008-12",
            "price": "7.41",
            "revenue": 63429
        },
        "2009-01": {
            "month": "2009-01",
            "price": "3.02",
            "revenue": 56833
        },
        "2009-03": {
            "month": "2009-03",
            "price": "2.60",
            "revenue": 105659
        },
        "2009-04": {
            "month": "2009-04",
            "price": "3.84",
            "revenue": 95888
        },
        "2009-05": {
            "month": "2009-05",
            "price": "4.20",
            "revenue": 99100
        },
        "2009-06": {
            "month": "2009-06",
            "price": "5.99",
            "revenue": 103614
        },
        "2009-07": {
            "month": "2009-07",
            "price": "5.92",
            "revenue": 114877
        },
        "2009-08": {
            "month": "2009-08",
            "price": "6.32",
            "revenue": 120358
        },
        "2009-09": {
            "month": "2009-09",
            "price": "6.84",
            "revenue": 136441
        },
        "2009-10": {
            "month": "2009-10",
            "price": "7.22",
            "revenue": 110270
        },
        "2009-11": {
            "month": "2009-11",
            "price": "7.28",
            "revenue": 128752
        },
        "2009-12": {
            "month": "2009-12",
            "price": "7.28",
            "revenue": 151112
        },
        "2010-01": {
            "month": "2010-01",
            "price": "6.93",
            "revenue": 141147
        },
        "2010-02": {
            "month": "2010-02",
            "price": "6.67",
            "revenue": 82946
        },
        "2010-03": {
            "month": "2010-03",
            "price": "6.98",
            "revenue": 143906
        },
        "2010-04": {
            "month": "2010-04",
            "price": "7.21",
            "revenue": 122659
        },
        "2010-05": {
            "month": "2010-05",
            "price": "6.95",
            "revenue": 145798
        },
        "2010-06": {
            "month": "2010-06",
            "price": "6.86",
            "revenue": 153452
        },
        "2010-07": {
            "month": "2010-07",
            "price": "6.81",
            "revenue": 130640
        },
        "2010-08": {
            "month": "2010-08",
            "price": "6.38",
            "revenue": 148821
        },
        "2010-09": {
            "month": "2010-09",
            "price": "6.37",
            "revenue": 153695
        },
        "2010-10": {
            "month": "2010-10",
            "price": "6.22",
            "revenue": 128358
        },
        "2010-11": {
            "month": "2010-11",
            "price": "6.00",
            "revenue": 162831
        },
        "2010-12": {
            "month": "2010-12",
            "price": "5.66",
            "revenue": 149082
        },
        "2011-01": {
            "month": "2011-01",
            "price": "7.56",
            "revenue": 165877
        },
        "2011-02": {
            "month": "2011-02",
            "price": "7.87",
            "revenue": 109322
        },
        "2011-03": {
            "month": "2011-03",
            "price": "7.36",
            "revenue": 206107
        },
        "2011-04": {
            "month": "2011-04",
            "price": "7.15",
            "revenue": 190838
        },
        "2011-05": {
            "month": "2011-05",
            "price": "7.36",
            "revenue": 200430
        },
        "2011-06": {
            "month": "2011-06",
            "price": "7.58",
            "revenue": 200006
        },
        "2011-07": {
            "month": "2011-07",
            "price": "7.12",
            "revenue": 192794
        },
        "2011-08": {
            "month": "2011-08",
            "price": "8.28",
            "revenue": 176342
        },
        "2011-09": {
            "month": "2011-09",
            "price": "9.14",
            "revenue": 165580
        },
        "2011-10": {
            "month": "2011-10",
            "price": "8.46",
            "revenue": 185902
        },
        "2011-11": {
            "month": "2011-11",
            "price": "9.01",
            "revenue": 205469
        },
        "2011-12": {
            "month": "2011-12",
            "price": "10.04",
            "revenue": 190440
        },
        "2012-01": {
            "month": "2012-01",
            "price": "10.27",
            "revenue": 174208
        },
        "2012-02": {
            "month": "2012-02",
            "price": "11.21",
            "revenue": 136228
        },
        "2012-03": {
            "month": "2012-03",
            "price": "11.51",
            "revenue": 175917
        },
        "2012-04": {
            "month": "2012-04",
            "price": "11.92",
            "revenue": 167675
        },
        "2012-05": {
            "month": "2012-05",
            "price": "14.21",
            "revenue": 181101
        },
        "2012-06": {
            "month": "2012-06",
            "price": "14.01",
            "revenue": 173915
        },
        "2012-07": {
            "month": "2012-07",
            "price": "13.12",
            "revenue": 200715
        },
        "2012-08": {
            "month": "2012-08",
            "price": "14.66",
            "revenue": 162395
        },
        "2012-09": {
            "month": "2012-09",
            "price": "15.26",
            "revenue": 176628
        },
        "2012-10": {
            "month": "2012-10",
            "price": "14.61",
            "revenue": 154991
        },
        "2012-11": {
            "month": "2012-11",
            "price": "13.13",
            "revenue": 175961
        },
        "2012-12": {
            "month": "2012-12",
            "price": "12.62",
            "revenue": 164047
        },
        "2013-01": {
            "month": "2013-01",
            "price": "14.41",
            "revenue": 223624
        },
        "2013-02": {
            "month": "2013-02",
            "price": "17.56",
            "revenue": 153450
        },
        "2013-03": {
            "month": "2013-03",
            "price": "20.67",
            "revenue": 226568
        },
        "2013-04": {
            "month": "2013-04",
            "price": "22.51",
            "revenue": 244938
        },
        "2013-05": {
            "month": "2013-05",
            "price": "24.54",
            "revenue": 255843
        },
        "2013-06": {
            "month": "2013-06",
            "price": "24.17",
            "revenue": 231669
        },
        "2013-07": {
            "month": "2013-07",
            "price": "22.67",
            "revenue": 212788
        },
        "2013-08": {
            "month": "2013-08",
            "price": "21.07",
            "revenue": 212395
        },
        "2013-09": {
            "month": "2013-09",
            "price": "21.88",
            "revenue": 231297
        },
        "2013-10": {
            "month": "2013-10",
            "price": "24.76",
            "revenue": 253467
        },
        "2013-11": {
            "month": "2013-11",
            "price": "24.14",
            "revenue": 251478
        },
        "2013-12": {
            "month": "2013-12",
            "price": "29.18",
            "revenue": 304168
        },
        "2014-01": {
            "month": "2014-01",
            "price": "41.81",
            "revenue": 213535
        },
        "2014-02": {
            "month": "2014-02",
            "price": "45.62",
            "revenue": 145937
        },
        "2014-03": {
            "month": "2014-03",
            "price": "40.91",
            "revenue": 204611
        },
        "2014-04": {
            "month": "2014-04",
            "price": "37.94",
            "revenue": 246098
        },
        "2014-05": {
            "month": "2014-05",
            "price": "37.25",
            "revenue": 230667
        },
        "2014-06": {
            "month": "2014-06",
            "price": "38.60",
            "revenue": 220875
        },
        "2014-07": {
            "month": "2014-07",
            "price": "37.73",
            "revenue": 228175
        },
        "2014-08": {
            "month": "2014-08",
            "price": "38.67",
            "revenue": 229980
        },
        "2014-09": {
            "month": "2014-09",
            "price": "41.57",
            "revenue": 227559
        },
        "2014-10": {
            "month": "2014-10",
            "price": "38.76",
            "revenue": 217108
        },
        "2014-11": {
            "month": "2014-11",
            "price": "37.48",
            "revenue": 232356
        },
        "2014-12": {
            "month": "2014-12",
            "price": "38.36",
            "revenue": 233451
        },
        "2015-01": {
            "month": "2015-01",
            "price": "38.28",
            "revenue": 202698
        },
        "2015-02": {
            "month": "2015-02",
            "price": "37.26",
            "revenue": 144852
        },
        "2015-03": {
            "month": "2015-03",
            "price": "38.04",
            "revenue": 211391
        },
        "2015-04": {
            "month": "2015-04",
            "price": "36.46",
            "revenue": 191126
        },
        "2015-05": {
            "month": "2015-05",
            "price": "31.30",
            "revenue": 189139
        },
        "2015-06": {
            "month": "2015-06",
            "price": "25.80",
            "revenue": 210467
        },
        "2015-07": {
            "month": "2015-07",
            "price": "20.60",
            "revenue": 187033
        },
        "2015-08": {
            "month": "2015-08",
            "price": "17.88",
            "revenue": 218177
        },
        "2015-09": {
            "month": "2015-09",
            "price": "19.84",
            "revenue": 262277
        },
        "2015-10": {
            "month": "2015-10",
            "price": "23.75",
            "revenue": 226081
        },
        "2015-11": {
            "month": "2015-11",
            "price": "22.97",
            "revenue": 258401
        },
        "2015-12": {
            "month": "2015-12",
            "price": "23.92",
            "revenue": 254187
        },
        "2016-01": {
            "month": "2016-01",
            "price": "23.34",
            "revenue": 211009
        },
        "2016-02": {
            "month": "2016-02",
            "price": "25.93",
            "revenue": 146540
        },
        "2016-03": {
            "month": "2016-03",
            "price": "26.63",
            "revenue": 248648
        },
        "2016-04": {
            "month": "2016-04",
            "price": "25.84",
            "revenue": 184890
        },
        "2016-05": {
            "month": "2016-05",
            "price": "22.55",
            "revenue": 210593
        },
        "2016-06": {
            "month": "2016-06",
            "price": "22.76",
            "revenue": 262925
        },
        "2016-07": {
            "month": "2016-07",
            "price": "23.57",
            "revenue": 264671
        },
        "2016-08": {
            "month": "2016-08",
            "price": "27.80",
            "revenue": 274506
        },
        "2016-09": {
            "month": "2016-09",
            "price": "31.99",
            "revenue": 274543
        },
        "2016-10": {
            "month": "2016-10",
            "price": "31.37",
            "revenue": 238856
        },
        "2016-11": {
            "month": "2016-11",
            "price": "29.83",
            "revenue": 289263
        },
        "2016-12": {
            "month": "2016-12",
            "price": "33.41",
            "revenue": 271224
        },
        "2017-01": {
            "month": "2017-01",
            "price": "33.02",
            "revenue": 191196
        },
        "2017-02": {
            "month": "2017-02",
            "price": "31.96",
            "revenue": 163825
        },
        "2017-03": {
            "month": "2017-03",
            "price": "32.59",
            "revenue": 293583
        },
        "2017-04": {
            "month": "2017-04",
            "price": "33.19",
            "revenue": 189772
        },
        "2017-05": {
            "month": "2017-05",
            "price": "30.92",
            "revenue": 242838
        },
        "2017-06": {
            "month": "2017-06",
            "price": "30.79",
            "revenue": 260742
        },
        "2017-07": {
            "month": "2017-07",
            "price": "29.37",
            "revenue": 247569
        },
        "2017-08": {
            "month": "2017-08",
            "price": "26.39",
            "revenue": 298089
        },
        "2017-09": {
            "month": "2017-09",
            "price": "27.47",
            "revenue": 317240
        },
        "2017-10": {
            "month": "2017-10",
            "price": "30.35",
            "revenue": 254766
        },
        "2017-11": {
            "month": "2017-11",
            "price": "29.72",
            "revenue": 312328
        },
        "2017-12": {
            "month": "2017-12",
            "price": "28.85",
            "revenue": 291538
        },
        "2018-01": {
            "month": "2018-01",
            "price": "28.53",
            "revenue": 265313
        },
        "2018-02": {
            "month": "2018-02",
            "price": "25.76",
            "revenue": 161353
        },
        "2018-03": {
            "month": "2018-03",
            "price": "24.56",
            "revenue": 298050
        },
        "2018-04": {
            "month": "2018-04",
            "price": "21.70",
            "revenue": 221999
        },
        "2018-05": {
            "month": "2018-05",
            "price": "20.28",
            "revenue": 263050
        },
        "2018-06": {
            "month": "2018-06",
            "price": "21.86",
            "revenue": 253148
        },
        "2018-07": {
            "month": "2018-07",
            "price": "20.29",
            "revenue": 294039
        },
        "2018-08": {
            "month": "2018-08",
            "price": "18.96",
            "revenue": 372358
        },
        "2018-09": {
            "month": "2018-09",
            "price": "20.78",
            "revenue": 346355
        },
        "2018-10": {
            "month": "2018-10",
            "price": "21.46",
            "revenue": 289373
        },
        "2018-11": {
            "month": "2018-11",
            "price": "20.90",
            "revenue": 333291
        },
        "2018-12": {
            "month": "2018-12",
            "price": "28.62",
            "revenue": 361510
        },
        "2019-01": {
            "month": "2019-01",
            "price": "34.58",
            "revenue": 347551
        },
        "2019-02": {
            "month": "2019-02",
            "price": "34.56",
            "revenue": 206842
        },
        "2019-03": {
            "month": "2019-03",
            "price": "34.98",
            "revenue": 375214
        },
        "2019-04": {
            "month": "2019-04",
            "price": "55.51",
            "revenue": 375989
        },
        "2019-05": {
            "month": "2019-05",
            "price": "52.56",
            "revenue": 311106
        },
        "2019-06": {
            "month": "2019-06",
            "price": "57.28",
            "revenue": 357554
        },
        "2019-07": {
            "month": "2019-07",
            "price": "61.68",
            "revenue": 410106
        },
        "2019-08": {
            "month": "2019-08",
            "price": "82.14",
            "revenue": 432207
        },
        "2019-09": {
            "month": "2019-09",
            "price": "91.07",
            "revenue": 455438
        },
        "2019-10": {
            "month": "2019-10",
            "price": "95.84",
            "revenue": 461542
        },
        "2019-11": {
            "month": "2019-11",
            "price": "91.92",
            "revenue": 447312
        },
        "2019-12": {
            "month": "2019-12",
            "price": "93.92",
            "revenue": 488506
        },
        "2020-01": {
            "month": "2020-01",
            "price": "89.21",
            "revenue": 303406
        },
        "2020-02": {
            "month": "2020-02",
            "price": "76.23",
            "revenue": 252342
        },
        "2020-03": {
            "month": "2020-03",
            "price": "83.52",
            "revenue": 466396
        },
        "2020-04": {
            "month": "2020-04",
            "price": "90.93",
            "revenue": 591327
        },
        "2020-05": {
            "month": "2020-05",
            "price": "93.01",
            "revenue": 530480
        },
        "2020-06": {
            "month": "2020-06",
            "price": "90.34",
            "revenue": 532003
        },
        "2020-07": {
            "month": "2020-07",
            "price": "85.59",
            "revenue": 421472
        },
        "2020-08": {
            "month": "2020-08",
            "price": "73.11",
            "revenue": 406193
        },
        "2020-09": {
            "month": "2020-09",
            "price": "63.41",
            "revenue": 459255
        },
        "2020-10": {
            "month": "2020-10",
            "price": "61.56",
            "revenue": 400295
        },
        "2020-11": {
            "month": "2020-11",
            "price": "63.91",
            "revenue": 423966
        },
        "2020-12": {
            "month": "2020-12",
            "price": "65.14",
            "revenue": 469923
        },
        "2021-01": {
            "month": "2021-01",
            "price": "62.16",
            "revenue": 428569
        },
        "2021-02": {
            "month": "2021-02",
            "price": "58.37",
            "revenue": 251545
        },
        "2021-03": {
            "month": "2021-03",
            "price": "61.24",
            "revenue": 459368
        },
        "2021-04": {
            "month": "2021-04",
            "price": "64.07",
            "revenue": 408089
        },
        "2021-05": {
            "month": "2021-05",
            "price": "48.79",
            "revenue": 398221
        },
        "2021-06": {
            "month": "2021-06",
            "price": "50.95",
            "revenue": 437842
        },
        "2021-07": {
            "month": "2021-07",
            "price": "52.34",
            "revenue": 429846
        },
        "2021-08": {
            "month": "2021-08",
            "price": "45.20",
            "revenue": 410585
        },
        "2021-09": {
            "month": "2021-09",
            "price": "41.56",
            "revenue": 436885
        },
        "2021-10": {
            "month": "2021-10",
            "price": "38.68",
            "revenue": 358822
        },
        "2021-11": {
            "month": "2021-11",
            "price": "46.66",
            "revenue": 445758
        },
        "2021-12": {
            "month": "2021-12",
            "price": "54.70",
            "revenue": 512751
        },
        "2022-01": {
            "month": "2022-01",
            "price": "54.04",
            "revenue": 447836
        },
        "2022-02": {
            "month": "2022-02",
            "price": "56.99",
            "revenue": 284854
        },
        "2022-03": {
            "month": "2022-03",
            "price": "53.12",
            "revenue": 488780
        },
        "2022-04": {
            "month": "2022-04",
            "price": "48.07",
            "revenue": 301486
        },
        "2022-05": {
            "month": "2022-05",
            "price": "42.91",
            "revenue": 442189
        },
        "2022-06": {
            "month": "2022-06",
            "price": "41.48",
            "revenue": 463033
        },
        "2022-07": {
            "month": "2022-07",
            "price": "38.48",
            "revenue": 405149
        },
        "2022-08": {
            "month": "2022-08",
            "price": "41.60",
            "revenue": 413297
        },
        "2022-09": {
            "month": "2022-09",
            "price": "37.25",
            "revenue": 402394
        },
        "2022-10": {
            "month": "2022-10",
            "price": "31.39",
            "revenue": 312295
        },
        "2022-11": {
            "month": "2022-11",
            "price": "33.49",
            "revenue": 301534
        },
        "2022-12": {
            "month": "2022-12",
            "price": "33.19",
            "revenue": 305471
        },
        "2023-01": {
            "month": "2023-01",
            "price": "32.11",
            "revenue": 241907
        },
        "2023-02": {
            "month": "2023-02",
            "price": "34.78",
            "revenue": 280513
        },
        "2023-03": {
            "month": "2023-03",
            "price": "39.94",
            "revenue": 307811
        },
        "2023-04": {
            "month": "2023-04",
            "price": "46.40",
            "revenue": 232946
        },
        "2023-05": {
            "month": "2023-05",
            "price": "46.93",
            "revenue": 294752
        },
        "2023-06": {
            "month": "2023-06",
            "price": "48.95",
            "revenue": 326871
        },
        "2023-07": {
            "month": "2023-07",
            "price": "59.03",
            "revenue": 306754
        },
        "2023-08": {
            "month": "2023-08",
            "price": "59.35",
            "revenue": 366277
        },
        "2023-09": {
            "month": "2023-09",
            "price": "62.22",
            "revenue": 369227
        },
        "2023-10": {
            "month": "2023-10",
            "price": "56.90",
            "revenue": 374837
        },
        "2023-11": {
            "month": "2023-11",
            "price": "59.62",
            "revenue": 366882
        },
        "2023-12": {
            "month": "2023-12",
            "price": "61.48",
            "revenue": 342998
        },
        "2024-01": {
            "month": "2024-01",
            "price": "62.50",
            "revenue": 318421
        },
        "2024-02": {
            "month": "2024-02",
            "price": "65.53",
            "revenue": 188359
        }
    }
}
