{
    "summary": {
        "stock_name": "泰谷",
        "stock_id": "3339",
        "category": "光電",
        "main_business": "氮化鎵發光二極體磊晶片與晶粒",
        "website_url": "http://www.tekcore.com.tw",
        "ceo": "葉寅夫",
        "pe_ratio": 69,
        "report_year_from": 2003,
        "report_year_to": 2023,
        "age": 21,
        "eps_negative_percentage": 68,
        "eps_growth_avg": {
            "last_all": -66.61,
            "last_2y": -100,
            "last_4y": -100,
            "last_8y": -100,
            "last_12y": -100,
            "last_16y": -100,
            "last_20y": null,
            "at_2006_last_3y": null,
            "at_2007_last_3y": null,
            "at_2008_last_3y": null,
            "at_2009_last_3y": -44.35,
            "at_2010_last_3y": -100,
            "at_2011_last_3y": -100,
            "at_2012_last_3y": -100,
            "at_2013_last_3y": -100,
            "at_2014_last_3y": -100,
            "at_2015_last_3y": null,
            "at_2016_last_3y": null,
            "at_2017_last_3y": null,
            "at_2018_last_3y": null,
            "at_2019_last_3y": null,
            "at_2020_last_3y": null,
            "at_2021_last_3y": null,
            "at_2022_last_3y": -100,
            "at_2023_last_3y": -100,
            "at_2024_last_3y": -100,
            "at_2006_last_all": null,
            "at_2007_last_all": -16.53,
            "at_2008_last_all": -16.53,
            "at_2009_last_all": -44.35,
            "at_2010_last_all": -44.35,
            "at_2011_last_all": -58.26,
            "at_2012_last_all": -58.26,
            "at_2013_last_all": -58.26,
            "at_2014_last_all": -58.26,
            "at_2015_last_all": -58.26,
            "at_2016_last_all": -58.26,
            "at_2017_last_all": -58.26,
            "at_2018_last_all": -58.26,
            "at_2019_last_all": -58.26,
            "at_2020_last_all": -58.26,
            "at_2021_last_all": -58.26,
            "at_2022_last_all": -66.61,
            "at_2023_last_all": -66.61,
            "at_2024_last_all": -66.61
        },
        "latest_eps": 0.37,
        "latest_price": 25.55,
        "latest_roe": 3.08,
        "latest_gross_margin": 10.98,
        "latest_equity": 634500,
        "latest_revenue": 129157,
        "latest_gross_profit": 14175,
        "latest_net_income": 12383,
        "latest_debt_ratio": 42.63,
        "latest_current_ratio": 177.98,
        "latest_account_receivable_turnover_ratio": 0.72,
        "latest_inventory_turnover_ratio": 1.04,
        "latest_reinvestment_rate": null,
        "latest_research_to_sale_ratio": 8.41
    },
    "eps_dividends": {
        "2001": {
            "cash": 0,
            "stock": 0,
            "eps": 0
        },
        "2002": {
            "cash": 0,
            "stock": 0,
            "eps": 0
        },
        "2003": {
            "cash": 0,
            "stock": 0,
            "eps": 0
        },
        "2004": {
            "cash": 0,
            "stock": 0,
            "eps": 0
        },
        "2005": {
            "cash": 0.8,
            "stock": 1.2,
            "eps": 1.18
        },
        "2006": {
            "cash": 0.5,
            "stock": 0.5,
            "eps": 1.97
        },
        "2007": {
            "cash": 0.6,
            "stock": 0.85,
            "eps": -0.8
        },
        "2008": {
            "cash": 0,
            "stock": 0.51,
            "eps": 0.1
        },
        "2009": {
            "cash": 0,
            "stock": 0,
            "eps": -1.88
        },
        "2010": {
            "cash": 0,
            "stock": 0,
            "eps": 1.52
        },
        "2011": {
            "cash": 1,
            "stock": 0,
            "eps": -4
        },
        "2012": {
            "cash": 0,
            "stock": 0,
            "eps": -2.65
        },
        "2013": {
            "cash": 0,
            "stock": 0,
            "eps": -3.02
        },
        "2014": {
            "cash": 0,
            "stock": 0,
            "eps": -2.1
        },
        "2015": {
            "cash": 0,
            "stock": 0,
            "eps": -3.61
        },
        "2016": {
            "cash": 0,
            "stock": 0,
            "eps": -2.68
        },
        "2017": {
            "cash": 0,
            "stock": 0,
            "eps": -0.7
        },
        "2018": {
            "cash": 0,
            "stock": 0,
            "eps": -0.22
        },
        "2019": {
            "cash": 0,
            "stock": 0,
            "eps": -1.24
        },
        "2020": {
            "cash": 0,
            "stock": 0,
            "eps": -0.5
        },
        "2021": {
            "cash": 0,
            "stock": 0,
            "eps": 1.72
        },
        "2022": {
            "cash": 0,
            "stock": 0,
            "eps": -0.47
        },
        "2023": {
            "cash": 0,
            "stock": 0,
            "eps": 0.46
        }
    },
    "dividends": {
        "2005-03-15": {
            "cash": 0.8,
            "stock": 1.2
        },
        "2006-03-27": {
            "cash": 0.5,
            "stock": 0.5
        },
        "2007-04-26": {
            "cash": 0.6,
            "stock": 0.85
        },
        "2008-04-28": {
            "cash": 0,
            "stock": 0.51
        },
        "2011-06-28": {
            "cash": 1,
            "stock": 0
        }
    },
    "prices": {
        "200101": "無",
        "200102": "無",
        "200103": "無",
        "200104": "無",
        "200105": "無",
        "200106": "無",
        "200107": "無",
        "200108": "無",
        "200109": "無",
        "200110": "無",
        "200111": "無",
        "200112": "無",
        "200201": "無",
        "200202": "無",
        "200203": "無",
        "200204": "無",
        "200205": "無",
        "200206": "無",
        "200207": "無",
        "200208": "無",
        "200209": "無",
        "200210": "無",
        "200211": "無",
        "200212": "無",
        "200301": "無",
        "200302": "無",
        "200303": "無",
        "200304": "無",
        "200305": "無",
        "200306": "無",
        "200307": "無",
        "200308": "無",
        "200309": "無",
        "200310": "無",
        "200311": "無",
        "200312": "無",
        "200401": "無",
        "200402": "無",
        "200403": "無",
        "200404": "無",
        "200405": "無",
        "200406": "35.12",
        "200407": "35.11",
        "200408": "35.47",
        "200409": "35.68",
        "200410": "33.94",
        "200411": "28.74",
        "200412": "21.54",
        "200501": "19.50",
        "200502": "20.14",
        "200503": "21.32",
        "200504": "22.28",
        "200505": "23.21",
        "200506": "23.51",
        "200507": "22.21",
        "200508": "18.83",
        "200509": "15.66",
        "200510": "15.45",
        "200511": "16.47",
        "200512": "21.33",
        "200601": "25.38",
        "200602": "22.48",
        "200603": "25.23",
        "200604": "50.63",
        "200605": "62.21",
        "200606": "65.35",
        "200607": "51.98",
        "200608": "48.41",
        "200609": "51.95",
        "200610": "46.88",
        "200611": "43.30",
        "200612": "45.02",
        "200701": "45.93",
        "200702": "44.35",
        "200703": "45.86",
        "200704": "46.10",
        "200705": "41.96",
        "200706": "45.90",
        "200707": "60.67",
        "200708": "63.64",
        "200709": "54.37",
        "200710": "48.76",
        "200711": "39.12",
        "200712": "33.71",
        "200801": "33.69",
        "200802": "32.02",
        "200803": "32.89",
        "200804": "31.63",
        "200805": "29.85",
        "200806": "27.83",
        "200807": "17.15",
        "200808": "16.30",
        "200809": "12.81",
        "200810": "9.86",
        "200811": "7.97",
        "200812": "6.95",
        "200901": "7.29",
        "200902": "7.81",
        "200903": "10.33",
        "200904": "13.78",
        "200905": "17.47",
        "200906": "25.40",
        "200907": "26.92",
        "200908": "23.32",
        "200909": "27.23",
        "200910": "37.12",
        "200911": "36.19",
        "200912": "40.39",
        "201001": "37.40",
        "201002": "29.70",
        "201003": "36.23",
        "201004": "37.74",
        "201005": "34.23",
        "201006": "32.98",
        "201007": "32.58",
        "201008": "31.63",
        "201009": "35.40",
        "201010": "36.23",
        "201011": "33.44",
        "201012": "34.81",
        "201101": "35.34",
        "201102": "37.62",
        "201103": "40.56",
        "201104": "38.79",
        "201105": "30.35",
        "201106": "32.14",
        "201107": "28.42",
        "201108": "23.55",
        "201109": "17.58",
        "201110": "16.56",
        "201111": "14.03",
        "201112": "12.31",
        "201201": "13.48",
        "201202": "20.64",
        "201203": "19.15",
        "201204": "16.86",
        "201205": "16.79",
        "201206": "16.03",
        "201207": "14.81",
        "201208": "13.62",
        "201209": "13.66",
        "201210": "12.75",
        "201211": "11.81",
        "201212": "12.23",
        "201301": "13.11",
        "201302": "12.70",
        "201303": "13.15",
        "201304": "11.95",
        "201305": "11.96",
        "201306": "11.55",
        "201307": "10.95",
        "201308": "10.18",
        "201309": "10.25",
        "201310": "11.79",
        "201311": "11.63",
        "201312": "12.61",
        "201401": "16.02",
        "201402": "15.16",
        "201403": "15.92",
        "201404": "14.96",
        "201405": "13.19",
        "201406": "13.80",
        "201407": "14.06",
        "201408": "12.78",
        "201409": "11.62",
        "201410": "9.63",
        "201411": "9.28",
        "201412": "10.35",
        "201501": "10.46",
        "201502": "10.15",
        "201503": "9.89",
        "201504": "8.72",
        "201505": "7.33",
        "201506": "5.85",
        "201507": "4.78",
        "201508": "3.88",
        "201509": "4.43",
        "201510": "4.53",
        "201511": "4.17",
        "201512": "3.91",
        "201601": "3.50",
        "201602": "3.51",
        "201603": "3.72",
        "201604": "2.36",
        "201605": "2.11",
        "201606": "2.08",
        "201607": "2.22",
        "201608": "2.16",
        "201609": "2.57",
        "201610": "6.53",
        "201611": "6.08",
        "201612": "5.86",
        "201701": "5.74",
        "201702": "5.52",
        "201703": "5.85",
        "201704": "5.98",
        "201705": "5.58",
        "201706": "5.21",
        "201707": "5.17",
        "201708": "5.50",
        "201709": "5.78",
        "201710": "5.83",
        "201711": "7.80",
        "201712": "7.33",
        "201801": "8.03",
        "201802": "11.41",
        "201803": "10.32",
        "201804": "9.63",
        "201805": "8.33",
        "201806": "10.55",
        "201807": "9.22",
        "201808": "8.67",
        "201809": "8.19",
        "201810": "6.91",
        "201811": "6.28",
        "201812": "5.93",
        "201901": "5.66",
        "201902": "5.66",
        "201903": "5.62",
        "201904": "5.10",
        "201905": "5.05",
        "201906": "4.82",
        "201907": "5.16",
        "201908": "5.13",
        "201909": "5.13",
        "201910": "5.02",
        "201911": "4.65",
        "201912": "4.26",
        "202001": "4.48",
        "202002": "4.38",
        "202003": "3.67",
        "202004": "2.92",
        "202005": "2.81",
        "202006": "2.81",
        "202007": "3.93",
        "202008": "4.03",
        "202009": "4.72",
        "202010": "9.28",
        "202011": "10.88",
        "202012": "14.13",
        "202101": "15.60",
        "202102": "14.65",
        "202103": "16.00",
        "202104": "16.69",
        "202105": "16.90",
        "202106": "25.32",
        "202107": "25.50",
        "202108": "20.86",
        "202109": "18.06",
        "202110": "17.96",
        "202111": "20.60",
        "202112": "23.37",
        "202201": "20.29",
        "202202": "21.59",
        "202203": "19.44",
        "202204": "17.21",
        "202205": "15.62",
        "202206": "14.85",
        "202207": "12.76",
        "202208": "14.27",
        "202209": "14.27",
        "202210": "13.01",
        "202211": "13.01",
        "202212": "12.96",
        "202301": "12.74",
        "202302": "12.71",
        "202303": "13.52",
        "202304": "13.80",
        "202305": "13.41",
        "202306": "14.28",
        "202307": "15.21",
        "202308": "16.11",
        "202309": "17.72",
        "202310": "18.90",
        "202311": "18.84",
        "202312": "18.70"
    },
    "quarters": {
        "20011": {
            "year_quarter": 20011,
            "year": 2001,
            "quarter": 1,
            "eps": null,
            "eps_growth_year": null,
            "eps_4q": null,
            "eps_4q_growth_year": null,
            "roe": null,
            "roe_4q": 0,
            "gross_profit": null,
            "gross_margin": null,
            "gross_margin_4q_avg": 0,
            "net_income": null,
            "net_income_4q": null,
            "revenue": null,
            "revenue_4q": null,
            "common_shares": null,
            "book_valuer_per_share": null,
            "book_valuer_per_share_4q_avg": 0,
            "equity": null,
            "current_ratio": null,
            "debt_ratio": null,
            "inventory_turnover_ratio": null,
            "account_receivable_turnover_ratio": null,
            "reinvestment_rate": null,
            "research_to_sale_ratio": null,
            "price_fair": 0,
            "eps_avg_yearly": 0,
            "eps_latest_yearly": 0,
            "eps_growth_yearly": 0
        },
        "20012": {
            "year_quarter": 20012,
            "year": 2001,
            "quarter": 2,
            "eps": null,
            "eps_growth_year": null,
            "eps_4q": null,
            "eps_4q_growth_year": null,
            "roe": null,
            "roe_4q": 0,
            "gross_profit": null,
            "gross_margin": null,
            "gross_margin_4q_avg": 0,
            "net_income": null,
            "net_income_4q": null,
            "revenue": null,
            "revenue_4q": null,
            "common_shares": null,
            "book_valuer_per_share": null,
            "book_valuer_per_share_4q_avg": 0,
            "equity": null,
            "current_ratio": null,
            "debt_ratio": null,
            "inventory_turnover_ratio": null,
            "account_receivable_turnover_ratio": null,
            "reinvestment_rate": null,
            "research_to_sale_ratio": null,
            "price_fair": 0,
            "eps_avg_yearly": 0,
            "eps_latest_yearly": 0,
            "eps_growth_yearly": 0
        },
        "20013": {
            "year_quarter": 20013,
            "year": 2001,
            "quarter": 3,
            "eps": null,
            "eps_growth_year": null,
            "eps_4q": null,
            "eps_4q_growth_year": null,
            "roe": null,
            "roe_4q": 0,
            "gross_profit": null,
            "gross_margin": null,
            "gross_margin_4q_avg": 0,
            "net_income": null,
            "net_income_4q": null,
            "revenue": null,
            "revenue_4q": null,
            "common_shares": null,
            "book_valuer_per_share": null,
            "book_valuer_per_share_4q_avg": 0,
            "equity": null,
            "current_ratio": null,
            "debt_ratio": null,
            "inventory_turnover_ratio": null,
            "account_receivable_turnover_ratio": null,
            "reinvestment_rate": null,
            "research_to_sale_ratio": null,
            "price_fair": 0,
            "eps_avg_yearly": 0,
            "eps_latest_yearly": 0,
            "eps_growth_yearly": 0
        },
        "20014": {
            "year_quarter": 20014,
            "year": 2001,
            "quarter": 4,
            "eps": null,
            "eps_growth_year": null,
            "eps_4q": null,
            "eps_4q_growth_year": null,
            "roe": null,
            "roe_4q": 0,
            "gross_profit": null,
            "gross_margin": null,
            "gross_margin_4q_avg": 0,
            "net_income": null,
            "net_income_4q": null,
            "revenue": null,
            "revenue_4q": null,
            "common_shares": 300044,
            "book_valuer_per_share": 8.65,
            "book_valuer_per_share_4q_avg": 2.16,
            "equity": 259420,
            "current_ratio": 664.36,
            "debt_ratio": 37.27,
            "inventory_turnover_ratio": null,
            "account_receivable_turnover_ratio": null,
            "reinvestment_rate": null,
            "research_to_sale_ratio": null,
            "price_fair": 0,
            "eps_avg_yearly": 0,
            "eps_latest_yearly": 0,
            "eps_growth_yearly": 0
        },
        "20021": {
            "year_quarter": 20021,
            "year": 2002,
            "quarter": 1,
            "eps": null,
            "eps_growth_year": null,
            "eps_4q": null,
            "eps_4q_growth_year": null,
            "roe": null,
            "roe_4q": 0,
            "gross_profit": null,
            "gross_margin": null,
            "gross_margin_4q_avg": 0,
            "net_income": null,
            "net_income_4q": null,
            "revenue": null,
            "revenue_4q": null,
            "common_shares": null,
            "book_valuer_per_share": null,
            "book_valuer_per_share_4q_avg": 2.16,
            "equity": null,
            "current_ratio": null,
            "debt_ratio": null,
            "inventory_turnover_ratio": null,
            "account_receivable_turnover_ratio": null,
            "reinvestment_rate": null,
            "research_to_sale_ratio": null,
            "price_fair": 0,
            "eps_avg_yearly": 0,
            "eps_latest_yearly": 0,
            "eps_growth_yearly": 0
        },
        "20022": {
            "year_quarter": 20022,
            "year": 2002,
            "quarter": 2,
            "eps": null,
            "eps_growth_year": null,
            "eps_4q": null,
            "eps_4q_growth_year": null,
            "roe": null,
            "roe_4q": 0,
            "gross_profit": null,
            "gross_margin": null,
            "gross_margin_4q_avg": 0,
            "net_income": null,
            "net_income_4q": null,
            "revenue": null,
            "revenue_4q": null,
            "common_shares": null,
            "book_valuer_per_share": null,
            "book_valuer_per_share_4q_avg": 2.16,
            "equity": null,
            "current_ratio": null,
            "debt_ratio": null,
            "inventory_turnover_ratio": null,
            "account_receivable_turnover_ratio": null,
            "reinvestment_rate": null,
            "research_to_sale_ratio": null,
            "price_fair": 0,
            "eps_avg_yearly": 0,
            "eps_latest_yearly": 0,
            "eps_growth_yearly": 0
        },
        "20023": {
            "year_quarter": 20023,
            "year": 2002,
            "quarter": 3,
            "eps": null,
            "eps_growth_year": null,
            "eps_4q": null,
            "eps_4q_growth_year": null,
            "roe": null,
            "roe_4q": 0,
            "gross_profit": null,
            "gross_margin": null,
            "gross_margin_4q_avg": 0,
            "net_income": null,
            "net_income_4q": null,
            "revenue": null,
            "revenue_4q": null,
            "common_shares": null,
            "book_valuer_per_share": null,
            "book_valuer_per_share_4q_avg": 2.16,
            "equity": null,
            "current_ratio": null,
            "debt_ratio": null,
            "inventory_turnover_ratio": null,
            "account_receivable_turnover_ratio": null,
            "reinvestment_rate": null,
            "research_to_sale_ratio": null,
            "price_fair": 0,
            "eps_avg_yearly": 0,
            "eps_latest_yearly": 0,
            "eps_growth_yearly": 0
        },
        "20024": {
            "year_quarter": 20024,
            "year": 2002,
            "quarter": 4,
            "eps": null,
            "eps_growth_year": null,
            "eps_4q": null,
            "eps_4q_growth_year": null,
            "roe": null,
            "roe_4q": 0,
            "gross_profit": null,
            "gross_margin": null,
            "gross_margin_4q_avg": 0,
            "net_income": null,
            "net_income_4q": null,
            "revenue": null,
            "revenue_4q": null,
            "common_shares": 375858,
            "book_valuer_per_share": 8.94,
            "book_valuer_per_share_4q_avg": 2.24,
            "equity": 336089,
            "current_ratio": 206.23,
            "debt_ratio": 42.95,
            "inventory_turnover_ratio": null,
            "account_receivable_turnover_ratio": null,
            "reinvestment_rate": null,
            "research_to_sale_ratio": null,
            "price_fair": 0,
            "eps_avg_yearly": 0,
            "eps_latest_yearly": 0,
            "eps_growth_yearly": 0
        },
        "20031": {
            "year_quarter": 20031,
            "year": 2003,
            "quarter": 1,
            "eps": null,
            "eps_growth_year": null,
            "eps_4q": null,
            "eps_4q_growth_year": null,
            "roe": null,
            "roe_4q": 0,
            "gross_profit": null,
            "gross_margin": null,
            "gross_margin_4q_avg": 0,
            "net_income": null,
            "net_income_4q": null,
            "revenue": null,
            "revenue_4q": null,
            "common_shares": null,
            "book_valuer_per_share": null,
            "book_valuer_per_share_4q_avg": 2.24,
            "equity": null,
            "current_ratio": null,
            "debt_ratio": null,
            "inventory_turnover_ratio": null,
            "account_receivable_turnover_ratio": null,
            "reinvestment_rate": null,
            "research_to_sale_ratio": null,
            "price_fair": 0,
            "eps_avg_yearly": 0,
            "eps_latest_yearly": 0,
            "eps_growth_yearly": 0
        },
        "20032": {
            "year_quarter": 20032,
            "year": 2003,
            "quarter": 2,
            "eps": null,
            "eps_growth_year": null,
            "eps_4q": null,
            "eps_4q_growth_year": null,
            "roe": null,
            "roe_4q": 0,
            "gross_profit": null,
            "gross_margin": null,
            "gross_margin_4q_avg": 0,
            "net_income": null,
            "net_income_4q": null,
            "revenue": null,
            "revenue_4q": null,
            "common_shares": null,
            "book_valuer_per_share": null,
            "book_valuer_per_share_4q_avg": 2.24,
            "equity": null,
            "current_ratio": null,
            "debt_ratio": null,
            "inventory_turnover_ratio": null,
            "account_receivable_turnover_ratio": null,
            "reinvestment_rate": null,
            "research_to_sale_ratio": null,
            "price_fair": 0,
            "eps_avg_yearly": 0,
            "eps_latest_yearly": 0,
            "eps_growth_yearly": 0
        },
        "20033": {
            "year_quarter": 20033,
            "year": 2003,
            "quarter": 3,
            "eps": null,
            "eps_growth_year": null,
            "eps_4q": null,
            "eps_4q_growth_year": null,
            "roe": null,
            "roe_4q": 0,
            "gross_profit": null,
            "gross_margin": null,
            "gross_margin_4q_avg": 0,
            "net_income": null,
            "net_income_4q": null,
            "revenue": null,
            "revenue_4q": null,
            "common_shares": null,
            "book_valuer_per_share": null,
            "book_valuer_per_share_4q_avg": 2.24,
            "equity": null,
            "current_ratio": null,
            "debt_ratio": null,
            "inventory_turnover_ratio": null,
            "account_receivable_turnover_ratio": null,
            "reinvestment_rate": null,
            "research_to_sale_ratio": null,
            "price_fair": 0,
            "eps_avg_yearly": 0,
            "eps_latest_yearly": 0,
            "eps_growth_yearly": 0
        },
        "20034": {
            "year_quarter": 20034,
            "year": 2003,
            "quarter": 4,
            "eps": null,
            "eps_growth_year": null,
            "eps_4q": null,
            "eps_4q_growth_year": null,
            "roe": null,
            "roe_4q": 0,
            "gross_profit": null,
            "gross_margin": null,
            "gross_margin_4q_avg": 0,
            "net_income": null,
            "net_income_4q": null,
            "revenue": null,
            "revenue_4q": null,
            "common_shares": 481700,
            "book_valuer_per_share": 13.34,
            "book_valuer_per_share_4q_avg": 3.34,
            "equity": 642719,
            "current_ratio": 230.78,
            "debt_ratio": 40.16,
            "inventory_turnover_ratio": null,
            "account_receivable_turnover_ratio": null,
            "reinvestment_rate": null,
            "research_to_sale_ratio": null,
            "price_fair": 0,
            "eps_avg_yearly": 0,
            "eps_latest_yearly": 0,
            "eps_growth_yearly": 0
        },
        "20041": {
            "year_quarter": 20041,
            "year": 2004,
            "quarter": 1,
            "eps": null,
            "eps_growth_year": null,
            "eps_4q": null,
            "eps_4q_growth_year": null,
            "roe": null,
            "roe_4q": 0,
            "gross_profit": null,
            "gross_margin": null,
            "gross_margin_4q_avg": 0,
            "net_income": null,
            "net_income_4q": null,
            "revenue": null,
            "revenue_4q": null,
            "common_shares": null,
            "book_valuer_per_share": null,
            "book_valuer_per_share_4q_avg": 3.34,
            "equity": null,
            "current_ratio": null,
            "debt_ratio": null,
            "inventory_turnover_ratio": null,
            "account_receivable_turnover_ratio": null,
            "reinvestment_rate": null,
            "research_to_sale_ratio": null,
            "price_fair": 0,
            "eps_avg_yearly": 0,
            "eps_latest_yearly": 0,
            "eps_growth_yearly": 0
        },
        "20042": {
            "year_quarter": 20042,
            "year": 2004,
            "quarter": 2,
            "eps": null,
            "eps_growth_year": null,
            "eps_4q": null,
            "eps_4q_growth_year": null,
            "roe": null,
            "roe_4q": 0,
            "gross_profit": null,
            "gross_margin": null,
            "gross_margin_4q_avg": 0,
            "net_income": null,
            "net_income_4q": null,
            "revenue": null,
            "revenue_4q": null,
            "common_shares": null,
            "book_valuer_per_share": null,
            "book_valuer_per_share_4q_avg": 3.34,
            "equity": null,
            "current_ratio": null,
            "debt_ratio": null,
            "inventory_turnover_ratio": null,
            "account_receivable_turnover_ratio": null,
            "reinvestment_rate": null,
            "research_to_sale_ratio": null,
            "price_fair": 0,
            "eps_avg_yearly": 0,
            "eps_latest_yearly": 0,
            "eps_growth_yearly": 0
        },
        "20043": {
            "year_quarter": 20043,
            "year": 2004,
            "quarter": 3,
            "eps": null,
            "eps_growth_year": null,
            "eps_4q": null,
            "eps_4q_growth_year": null,
            "roe": null,
            "roe_4q": 0,
            "gross_profit": null,
            "gross_margin": null,
            "gross_margin_4q_avg": 0,
            "net_income": null,
            "net_income_4q": null,
            "revenue": null,
            "revenue_4q": null,
            "common_shares": null,
            "book_valuer_per_share": null,
            "book_valuer_per_share_4q_avg": 3.34,
            "equity": null,
            "current_ratio": null,
            "debt_ratio": null,
            "inventory_turnover_ratio": null,
            "account_receivable_turnover_ratio": null,
            "reinvestment_rate": null,
            "research_to_sale_ratio": null,
            "price_fair": 0,
            "eps_avg_yearly": 0,
            "eps_latest_yearly": 0,
            "eps_growth_yearly": 0
        },
        "20044": {
            "year_quarter": 20044,
            "year": 2004,
            "quarter": 4,
            "eps": null,
            "eps_growth_year": null,
            "eps_4q": null,
            "eps_4q_growth_year": null,
            "roe": null,
            "roe_4q": 0,
            "gross_profit": null,
            "gross_margin": null,
            "gross_margin_4q_avg": 0,
            "net_income": null,
            "net_income_4q": null,
            "revenue": null,
            "revenue_4q": null,
            "common_shares": 531700,
            "book_valuer_per_share": 17.89,
            "book_valuer_per_share_4q_avg": 4.47,
            "equity": 951125,
            "current_ratio": 256.97,
            "debt_ratio": 29.53,
            "inventory_turnover_ratio": null,
            "account_receivable_turnover_ratio": null,
            "reinvestment_rate": null,
            "research_to_sale_ratio": null,
            "price_fair": 0,
            "eps_avg_yearly": 0,
            "eps_latest_yearly": 0,
            "eps_growth_yearly": 0
        },
        "20051": {
            "year_quarter": 20051,
            "year": 2005,
            "quarter": 1,
            "eps": null,
            "eps_growth_year": null,
            "eps_4q": null,
            "eps_4q_growth_year": null,
            "roe": null,
            "roe_4q": 0,
            "gross_profit": null,
            "gross_margin": null,
            "gross_margin_4q_avg": 0,
            "net_income": null,
            "net_income_4q": null,
            "revenue": null,
            "revenue_4q": null,
            "common_shares": null,
            "book_valuer_per_share": null,
            "book_valuer_per_share_4q_avg": 4.47,
            "equity": null,
            "current_ratio": null,
            "debt_ratio": null,
            "inventory_turnover_ratio": null,
            "account_receivable_turnover_ratio": null,
            "reinvestment_rate": null,
            "research_to_sale_ratio": null,
            "price_fair": 0,
            "eps_avg_yearly": 0,
            "eps_latest_yearly": 0,
            "eps_growth_yearly": 0
        },
        "20052": {
            "year_quarter": 20052,
            "year": 2005,
            "quarter": 2,
            "eps": null,
            "eps_growth_year": null,
            "eps_4q": null,
            "eps_4q_growth_year": null,
            "roe": null,
            "roe_4q": 0,
            "gross_profit": null,
            "gross_margin": null,
            "gross_margin_4q_avg": 0,
            "net_income": null,
            "net_income_4q": null,
            "revenue": null,
            "revenue_4q": null,
            "common_shares": null,
            "book_valuer_per_share": null,
            "book_valuer_per_share_4q_avg": 4.47,
            "equity": null,
            "current_ratio": null,
            "debt_ratio": null,
            "inventory_turnover_ratio": null,
            "account_receivable_turnover_ratio": null,
            "reinvestment_rate": null,
            "research_to_sale_ratio": null,
            "price_fair": 0,
            "eps_avg_yearly": 0,
            "eps_latest_yearly": 0,
            "eps_growth_yearly": 0
        },
        "20053": {
            "year_quarter": 20053,
            "year": 2005,
            "quarter": 3,
            "eps": 0.41,
            "eps_growth_year": null,
            "eps_4q": null,
            "eps_4q_growth_year": null,
            "roe": 2.72,
            "roe_4q": 2.72,
            "gross_profit": 67191,
            "gross_margin": 36.44,
            "gross_margin_4q_avg": 9.11,
            "net_income": 25000,
            "net_income_4q": null,
            "revenue": 184367,
            "revenue_4q": null,
            "common_shares": 608385,
            "book_valuer_per_share": 15.08,
            "book_valuer_per_share_4q_avg": 8.24,
            "equity": 917698,
            "current_ratio": 325.74,
            "debt_ratio": 31.7,
            "inventory_turnover_ratio": 1.52,
            "account_receivable_turnover_ratio": null,
            "reinvestment_rate": null,
            "research_to_sale_ratio": null,
            "price_fair": 0,
            "eps_avg_yearly": 0,
            "eps_latest_yearly": 0,
            "eps_growth_yearly": 0
        },
        "20054": {
            "year_quarter": 20054,
            "year": 2005,
            "quarter": 4,
            "eps": 0.77,
            "eps_growth_year": null,
            "eps_4q": null,
            "eps_4q_growth_year": null,
            "roe": 4.95,
            "roe_4q": 7.67,
            "gross_profit": 97724,
            "gross_margin": 48.77,
            "gross_margin_4q_avg": 21.3,
            "net_income": 46578,
            "net_income_4q": null,
            "revenue": 200365,
            "revenue_4q": null,
            "common_shares": 608385,
            "book_valuer_per_share": 15.84,
            "book_valuer_per_share_4q_avg": 7.73,
            "equity": 963970,
            "current_ratio": 290.9,
            "debt_ratio": 30.71,
            "inventory_turnover_ratio": 1.13,
            "account_receivable_turnover_ratio": null,
            "reinvestment_rate": null,
            "research_to_sale_ratio": null,
            "price_fair": 107.8,
            "eps_avg_yearly": 3.08,
            "eps_latest_yearly": 3.08,
            "eps_growth_yearly": 351.22
        },
        "20061": {
            "year_quarter": 20061,
            "year": 2006,
            "quarter": 1,
            "eps": 0.66,
            "eps_growth_year": null,
            "eps_4q": null,
            "eps_4q_growth_year": null,
            "roe": 4.08,
            "roe_4q": 11.750000000000002,
            "gross_profit": 77098,
            "gross_margin": 45.1,
            "gross_margin_4q_avg": 32.58,
            "net_income": 40156,
            "net_income_4q": null,
            "revenue": 170946,
            "revenue_4q": null,
            "common_shares": 608385,
            "book_valuer_per_share": 16.5,
            "book_valuer_per_share_4q_avg": 11.86,
            "equity": 1004126,
            "current_ratio": 327.59,
            "debt_ratio": 28.15,
            "inventory_turnover_ratio": 0.79,
            "account_receivable_turnover_ratio": null,
            "reinvestment_rate": null,
            "research_to_sale_ratio": null,
            "price_fair": 100.1,
            "eps_avg_yearly": 2.86,
            "eps_latest_yearly": 2.64,
            "eps_growth_yearly": 147.04
        },
        "20062": {
            "year_quarter": 20062,
            "year": 2006,
            "quarter": 2,
            "eps": 0.88,
            "eps_growth_year": null,
            "eps_4q": 2.6,
            "eps_4q_growth_year": null,
            "roe": 5.2,
            "roe_4q": 16.95,
            "gross_profit": 83526,
            "gross_margin": 37.27,
            "gross_margin_4q_avg": 41.9,
            "net_income": 57130,
            "net_income_4q": null,
            "revenue": 224138,
            "revenue_4q": null,
            "common_shares": 682845,
            "book_valuer_per_share": 17.45,
            "book_valuer_per_share_4q_avg": 16.22,
            "equity": 1191570,
            "current_ratio": 299.94,
            "debt_ratio": 27.86,
            "inventory_turnover_ratio": 1.04,
            "account_receivable_turnover_ratio": null,
            "reinvestment_rate": null,
            "research_to_sale_ratio": null,
            "price_fair": 107.8,
            "eps_avg_yearly": 3.08,
            "eps_latest_yearly": 3.52,
            "eps_growth_yearly": 142.47
        },
        "20063": {
            "year_quarter": 20063,
            "year": 2006,
            "quarter": 3,
            "eps": 0.37,
            "eps_growth_year": -9.76,
            "eps_4q": 2.52,
            "eps_4q_growth_year": null,
            "roe": 2.05,
            "roe_4q": 16.28,
            "gross_profit": 73835,
            "gross_margin": 37.5,
            "gross_margin_4q_avg": 42.16,
            "net_income": 24702,
            "net_income_4q": null,
            "revenue": 196904,
            "revenue_4q": null,
            "common_shares": 720345,
            "book_valuer_per_share": 16.88,
            "book_valuer_per_share_4q_avg": 16.67,
            "equity": 1216273,
            "current_ratio": 364.12,
            "debt_ratio": 26.29,
            "inventory_turnover_ratio": 0.77,
            "account_receivable_turnover_ratio": null,
            "reinvestment_rate": null,
            "research_to_sale_ratio": null,
            "price_fair": 93.8,
            "eps_avg_yearly": 2.68,
            "eps_latest_yearly": 1.48,
            "eps_growth_yearly": 48.9
        },
        "20064": {
            "year_quarter": 20064,
            "year": 2006,
            "quarter": 4,
            "eps": 0.06,
            "eps_growth_year": -92.21,
            "eps_4q": 1.91,
            "eps_4q_growth_year": null,
            "roe": 0.33,
            "roe_4q": 11.66,
            "gross_profit": 40681,
            "gross_margin": 21.37,
            "gross_margin_4q_avg": 35.31,
            "net_income": 3958,
            "net_income_4q": null,
            "revenue": 190360,
            "revenue_4q": null,
            "common_shares": 720345,
            "book_valuer_per_share": 16.92,
            "book_valuer_per_share_4q_avg": 16.94,
            "equity": 1218971,
            "current_ratio": 324.91,
            "debt_ratio": 27.15,
            "inventory_turnover_ratio": 0.84,
            "account_receivable_turnover_ratio": null,
            "reinvestment_rate": null,
            "research_to_sale_ratio": null,
            "price_fair": 6.58,
            "eps_avg_yearly": 2.19,
            "eps_latest_yearly": 0.24,
            "eps_growth_yearly": -27.91
        },
        "20071": {
            "year_quarter": 20071,
            "year": 2007,
            "quarter": 1,
            "eps": -0.19,
            "eps_growth_year": -128.79,
            "eps_4q": 1,
            "eps_4q_growth_year": null,
            "roe": -1.13,
            "roe_4q": 6.45,
            "gross_profit": 37843,
            "gross_margin": 27.22,
            "gross_margin_4q_avg": 30.84,
            "net_income": -13677,
            "net_income_4q": null,
            "revenue": 139018,
            "revenue_4q": null,
            "common_shares": 720345,
            "book_valuer_per_share": 16.73,
            "book_valuer_per_share_4q_avg": 17,
            "equity": 1205294,
            "current_ratio": 316.43,
            "debt_ratio": 28.84,
            "inventory_turnover_ratio": 0.5,
            "account_receivable_turnover_ratio": null,
            "reinvestment_rate": null,
            "research_to_sale_ratio": null,
            "price_fair": 6.58,
            "eps_avg_yearly": 2.19,
            "eps_latest_yearly": 0.24,
            "eps_growth_yearly": -27.91
        },
        "20072": {
            "year_quarter": 20072,
            "year": 2007,
            "quarter": 2,
            "eps": 0.03,
            "eps_growth_year": -96.59,
            "eps_4q": 0.26,
            "eps_4q_growth_year": -90.12,
            "roe": 0.17,
            "roe_4q": 1.42,
            "gross_profit": 32787,
            "gross_margin": 14.3,
            "gross_margin_4q_avg": 25.1,
            "net_income": 1980,
            "net_income_4q": null,
            "revenue": 229326,
            "revenue_4q": null,
            "common_shares": 720345,
            "book_valuer_per_share": 16.02,
            "book_valuer_per_share_4q_avg": 16.64,
            "equity": 1153973,
            "current_ratio": 196.65,
            "debt_ratio": 36.88,
            "inventory_turnover_ratio": 0.86,
            "account_receivable_turnover_ratio": null,
            "reinvestment_rate": null,
            "research_to_sale_ratio": null,
            "price_fair": 6.58,
            "eps_avg_yearly": 2.19,
            "eps_latest_yearly": 0.24,
            "eps_growth_yearly": -27.91
        },
        "20073": {
            "year_quarter": 20073,
            "year": 2007,
            "quarter": 3,
            "eps": -0.03,
            "eps_growth_year": -108.11,
            "eps_4q": -0.12,
            "eps_4q_growth_year": -104.82,
            "roe": -0.19,
            "roe_4q": -0.8199999999999998,
            "gross_profit": 67471,
            "gross_margin": 25.75,
            "gross_margin_4q_avg": 22.16,
            "net_income": -2442,
            "net_income_4q": null,
            "revenue": 262038,
            "revenue_4q": null,
            "common_shares": 836896,
            "book_valuer_per_share": 17.59,
            "book_valuer_per_share_4q_avg": 16.82,
            "equity": 1472015,
            "current_ratio": 237.29,
            "debt_ratio": 40.02,
            "inventory_turnover_ratio": 0.86,
            "account_receivable_turnover_ratio": null,
            "reinvestment_rate": null,
            "research_to_sale_ratio": null,
            "price_fair": 6.58,
            "eps_avg_yearly": 2.19,
            "eps_latest_yearly": 0.24,
            "eps_growth_yearly": -27.91
        },
        "20074": {
            "year_quarter": 20074,
            "year": 2007,
            "quarter": 4,
            "eps": -0.61,
            "eps_growth_year": -1116.67,
            "eps_4q": -0.78,
            "eps_4q_growth_year": -140.85,
            "roe": -3.42,
            "roe_4q": -4.57,
            "gross_profit": 66874,
            "gross_margin": 23.54,
            "gross_margin_4q_avg": 22.7,
            "net_income": -48937,
            "net_income_4q": null,
            "revenue": 284056,
            "revenue_4q": null,
            "common_shares": 836897,
            "book_valuer_per_share": 16.65,
            "book_valuer_per_share_4q_avg": 16.75,
            "equity": 1393763,
            "current_ratio": 171.28,
            "debt_ratio": 46.63,
            "inventory_turnover_ratio": 0.93,
            "account_receivable_turnover_ratio": null,
            "reinvestment_rate": null,
            "research_to_sale_ratio": null,
            "price_fair": 6.58,
            "eps_avg_yearly": 2.19,
            "eps_latest_yearly": 0.24,
            "eps_growth_yearly": -27.91
        },
        "20081": {
            "year_quarter": 20081,
            "year": 2008,
            "quarter": 1,
            "eps": -0.19,
            "eps_growth_year": null,
            "eps_4q": -0.8,
            "eps_4q_growth_year": -179.85,
            "roe": -1.13,
            "roe_4q": -4.57,
            "gross_profit": 52404,
            "gross_margin": 23.41,
            "gross_margin_4q_avg": 21.75,
            "net_income": -15389,
            "net_income_4q": null,
            "revenue": 223848,
            "revenue_4q": null,
            "common_shares": 836897,
            "book_valuer_per_share": 15.81,
            "book_valuer_per_share_4q_avg": 16.52,
            "equity": 1323502,
            "current_ratio": 133.43,
            "debt_ratio": 51,
            "inventory_turnover_ratio": 0.63,
            "account_receivable_turnover_ratio": null,
            "reinvestment_rate": null,
            "research_to_sale_ratio": null,
            "price_fair": 6.58,
            "eps_avg_yearly": 2.19,
            "eps_latest_yearly": 0.24,
            "eps_growth_yearly": -27.91
        },
        "20082": {
            "year_quarter": 20082,
            "year": 2008,
            "quarter": 2,
            "eps": 0.25,
            "eps_growth_year": 733.33,
            "eps_4q": -0.59,
            "eps_4q_growth_year": -328.84,
            "roe": 1.52,
            "roe_4q": -3.2199999999999998,
            "gross_profit": 89900,
            "gross_margin": 33.79,
            "gross_margin_4q_avg": 26.62,
            "net_income": 19915,
            "net_income_4q": null,
            "revenue": 266071,
            "revenue_4q": null,
            "common_shares": 836897,
            "book_valuer_per_share": 15.48,
            "book_valuer_per_share_4q_avg": 16.38,
            "equity": 1295880,
            "current_ratio": 117.05,
            "debt_ratio": 54.04,
            "inventory_turnover_ratio": 0.53,
            "account_receivable_turnover_ratio": null,
            "reinvestment_rate": null,
            "research_to_sale_ratio": null,
            "price_fair": 6.58,
            "eps_avg_yearly": 2.19,
            "eps_latest_yearly": 0.24,
            "eps_growth_yearly": -27.91
        },
        "20083": {
            "year_quarter": 20083,
            "year": 2008,
            "quarter": 3,
            "eps": 0.12,
            "eps_growth_year": null,
            "eps_4q": -0.4,
            "eps_4q_growth_year": null,
            "roe": 0.8,
            "roe_4q": -2.2299999999999995,
            "gross_profit": 82507,
            "gross_margin": 28.49,
            "gross_margin_4q_avg": 27.31,
            "net_income": 10329,
            "net_income_4q": null,
            "revenue": 289561,
            "revenue_4q": null,
            "common_shares": 877463,
            "book_valuer_per_share": 14.8,
            "book_valuer_per_share_4q_avg": 15.69,
            "equity": 1298549,
            "current_ratio": 146.91,
            "debt_ratio": 55.85,
            "inventory_turnover_ratio": 0.52,
            "account_receivable_turnover_ratio": null,
            "reinvestment_rate": null,
            "research_to_sale_ratio": null,
            "price_fair": 5.72,
            "eps_avg_yearly": 1.91,
            "eps_latest_yearly": 0.48,
            "eps_growth_yearly": -57.92
        },
        "20084": {
            "year_quarter": 20084,
            "year": 2008,
            "quarter": 4,
            "eps": -0.08,
            "eps_growth_year": null,
            "eps_4q": 0.09,
            "eps_4q_growth_year": null,
            "roe": -0.53,
            "roe_4q": 0.6600000000000001,
            "gross_profit": 41419,
            "gross_margin": 19.58,
            "gross_margin_4q_avg": 26.32,
            "net_income": -7159,
            "net_income_4q": null,
            "revenue": 211534,
            "revenue_4q": null,
            "common_shares": 1007463,
            "book_valuer_per_share": 13.72,
            "book_valuer_per_share_4q_avg": 14.95,
            "equity": 1382186,
            "current_ratio": 153.97,
            "debt_ratio": 53.38,
            "inventory_turnover_ratio": 0.37,
            "account_receivable_turnover_ratio": 1.22,
            "reinvestment_rate": null,
            "research_to_sale_ratio": null,
            "price_fair": 5.72,
            "eps_avg_yearly": 1.91,
            "eps_latest_yearly": 0.48,
            "eps_growth_yearly": -57.92
        },
        "20091": {
            "year_quarter": 20091,
            "year": 2009,
            "quarter": 1,
            "eps": -1.47,
            "eps_growth_year": null,
            "eps_4q": -1.17,
            "eps_4q_growth_year": null,
            "roe": -10.74,
            "roe_4q": -8.95,
            "gross_profit": -79782,
            "gross_margin": -39.12,
            "gross_margin_4q_avg": 10.69,
            "net_income": -140861,
            "net_income_4q": null,
            "revenue": 203937,
            "revenue_4q": null,
            "common_shares": 1007463,
            "book_valuer_per_share": 12.32,
            "book_valuer_per_share_4q_avg": 14.08,
            "equity": 1241322,
            "current_ratio": 139.65,
            "debt_ratio": 54.7,
            "inventory_turnover_ratio": 0.67,
            "account_receivable_turnover_ratio": 0.58,
            "reinvestment_rate": null,
            "research_to_sale_ratio": null,
            "price_fair": 5.72,
            "eps_avg_yearly": 1.91,
            "eps_latest_yearly": 0.48,
            "eps_growth_yearly": -57.92
        },
        "20092": {
            "year_quarter": 20092,
            "year": 2009,
            "quarter": 2,
            "eps": -1.09,
            "eps_growth_year": -536,
            "eps_4q": -1.95,
            "eps_4q_growth_year": null,
            "roe": -7.88,
            "roe_4q": -18.35,
            "gross_profit": -30444,
            "gross_margin": -11.35,
            "gross_margin_4q_avg": -0.6,
            "net_income": -107333,
            "net_income_4q": null,
            "revenue": 268294,
            "revenue_4q": null,
            "common_shares": 1257463,
            "book_valuer_per_share": 11.8,
            "book_valuer_per_share_4q_avg": 13.16,
            "equity": 1483989,
            "current_ratio": 174.84,
            "debt_ratio": 49.9,
            "inventory_turnover_ratio": 0.87,
            "account_receivable_turnover_ratio": 0.7,
            "reinvestment_rate": null,
            "research_to_sale_ratio": null,
            "price_fair": 5.72,
            "eps_avg_yearly": 1.91,
            "eps_latest_yearly": 0.48,
            "eps_growth_yearly": -57.92
        },
        "20093": {
            "year_quarter": 20093,
            "year": 2009,
            "quarter": 3,
            "eps": 0.18,
            "eps_growth_year": 50,
            "eps_4q": -2.04,
            "eps_4q_growth_year": null,
            "roe": 1.13,
            "roe_4q": -18.020000000000003,
            "gross_profit": 48327,
            "gross_margin": 14.84,
            "gross_margin_4q_avg": -4.01,
            "net_income": 20718,
            "net_income_4q": null,
            "revenue": 325586,
            "revenue_4q": null,
            "common_shares": 1557463,
            "book_valuer_per_share": 13.95,
            "book_valuer_per_share_4q_avg": 12.95,
            "equity": 2173151,
            "current_ratio": 171.5,
            "debt_ratio": 32.08,
            "inventory_turnover_ratio": 0.81,
            "account_receivable_turnover_ratio": 0.78,
            "reinvestment_rate": null,
            "research_to_sale_ratio": null,
            "price_fair": 5.72,
            "eps_avg_yearly": 1.91,
            "eps_latest_yearly": 0.48,
            "eps_growth_yearly": -57.92
        },
        "20094": {
            "year_quarter": 20094,
            "year": 2009,
            "quarter": 4,
            "eps": 0.5,
            "eps_growth_year": null,
            "eps_4q": -0.73,
            "eps_4q_growth_year": -915.94,
            "roe": 2.42,
            "roe_4q": -15.07,
            "gross_profit": 116049,
            "gross_margin": 26.16,
            "gross_margin_4q_avg": -2.37,
            "net_income": 67359,
            "net_income_4q": null,
            "revenue": 443630,
            "revenue_4q": null,
            "common_shares": 2227069,
            "book_valuer_per_share": 15.54,
            "book_valuer_per_share_4q_avg": 13.4,
            "equity": 3387348,
            "current_ratio": 404.89,
            "debt_ratio": 18.03,
            "inventory_turnover_ratio": 0.97,
            "account_receivable_turnover_ratio": 1.87,
            "reinvestment_rate": null,
            "research_to_sale_ratio": null,
            "price_fair": 20.82,
            "eps_avg_yearly": 1.73,
            "eps_latest_yearly": 2,
            "eps_growth_yearly": 2.06
        },
        "20101": {
            "year_quarter": 20101,
            "year": 2010,
            "quarter": 1,
            "eps": 0.39,
            "eps_growth_year": null,
            "eps_4q": 0.3,
            "eps_4q_growth_year": null,
            "roe": 2.47,
            "roe_4q": -1.8599999999999994,
            "gross_profit": 120704,
            "gross_margin": 24.85,
            "gross_margin_4q_avg": 13.63,
            "net_income": 84966,
            "net_income_4q": null,
            "revenue": 485651,
            "revenue_4q": null,
            "common_shares": 2229164,
            "book_valuer_per_share": 15.99,
            "book_valuer_per_share_4q_avg": 14.32,
            "equity": 3502712,
            "current_ratio": 269.19,
            "debt_ratio": 19.37,
            "inventory_turnover_ratio": 1.25,
            "account_receivable_turnover_ratio": 0.93,
            "reinvestment_rate": null,
            "research_to_sale_ratio": 2.91,
            "price_fair": 4.64,
            "eps_avg_yearly": 1.55,
            "eps_latest_yearly": 1.56,
            "eps_growth_yearly": -3.08
        },
        "20102": {
            "year_quarter": 20102,
            "year": 2010,
            "quarter": 2,
            "eps": 0.5,
            "eps_growth_year": null,
            "eps_4q": 1.29,
            "eps_4q_growth_year": null,
            "roe": 3.08,
            "roe_4q": 9.100000000000001,
            "gross_profit": 199917,
            "gross_margin": 32.31,
            "gross_margin_4q_avg": 24.54,
            "net_income": 110532,
            "net_income_4q": null,
            "revenue": 618732,
            "revenue_4q": null,
            "common_shares": 2238457,
            "book_valuer_per_share": 16.69,
            "book_valuer_per_share_4q_avg": 15.54,
            "equity": 3665988,
            "current_ratio": 155.97,
            "debt_ratio": 36.09,
            "inventory_turnover_ratio": 1.29,
            "account_receivable_turnover_ratio": 1.03,
            "reinvestment_rate": 31385,
            "research_to_sale_ratio": 3.47,
            "price_fair": 3.88,
            "eps_avg_yearly": 1.29,
            "eps_latest_yearly": 2,
            "eps_growth_yearly": -6.5
        },
        "20103": {
            "year_quarter": 20103,
            "year": 2010,
            "quarter": 3,
            "eps": 0.47,
            "eps_growth_year": 158.78,
            "eps_4q": 1.44,
            "eps_4q_growth_year": null,
            "roe": 2.84,
            "roe_4q": 10.81,
            "gross_profit": 212234,
            "gross_margin": 28.28,
            "gross_margin_4q_avg": 27.9,
            "net_income": 126275,
            "net_income_4q": null,
            "revenue": 750496,
            "revenue_4q": null,
            "common_shares": 2742884,
            "book_valuer_per_share": 19.3,
            "book_valuer_per_share_4q_avg": 16.88,
            "equity": 5220632,
            "current_ratio": 275.93,
            "debt_ratio": 25.3,
            "inventory_turnover_ratio": 1.06,
            "account_receivable_turnover_ratio": 1.06,
            "reinvestment_rate": 2832.73,
            "research_to_sale_ratio": 3.35,
            "price_fair": 47.6,
            "eps_avg_yearly": 1.36,
            "eps_latest_yearly": 1.88,
            "eps_growth_yearly": 28.13
        },
        "20104": {
            "year_quarter": 20104,
            "year": 2010,
            "quarter": 4,
            "eps": 0.16,
            "eps_growth_year": -68.66,
            "eps_4q": 1.34,
            "eps_4q_growth_year": null,
            "roe": 0.81,
            "roe_4q": 9.200000000000001,
            "gross_profit": 105733,
            "gross_margin": 18.19,
            "gross_margin_4q_avg": 25.91,
            "net_income": 42448,
            "net_income_4q": null,
            "revenue": 581421,
            "revenue_4q": null,
            "common_shares": 2749819,
            "book_valuer_per_share": 19.49,
            "book_valuer_per_share_4q_avg": 17.87,
            "equity": 5277183,
            "current_ratio": 261.52,
            "debt_ratio": 24.26,
            "inventory_turnover_ratio": 0.62,
            "account_receivable_turnover_ratio": 0.86,
            "reinvestment_rate": 2240.33,
            "research_to_sale_ratio": 7.05,
            "price_fair": 49.93,
            "eps_avg_yearly": 1.43,
            "eps_latest_yearly": 0.64,
            "eps_growth_yearly": 40.02
        },
        "20111": {
            "year_quarter": 20111,
            "year": 2011,
            "quarter": 1,
            "eps": -0.32,
            "eps_growth_year": -182.05,
            "eps_4q": 0.7,
            "eps_4q_growth_year": 132.85,
            "roe": -1.66,
            "roe_4q": 5.07,
            "gross_profit": -7196,
            "gross_margin": -0.97,
            "gross_margin_4q_avg": 19.45,
            "net_income": -87967,
            "net_income_4q": null,
            "revenue": 744126,
            "revenue_4q": null,
            "common_shares": 2745405,
            "book_valuer_per_share": 19.56,
            "book_valuer_per_share_4q_avg": 18.76,
            "equity": 5347012,
            "current_ratio": 225.29,
            "debt_ratio": 33.54,
            "inventory_turnover_ratio": 0.82,
            "account_receivable_turnover_ratio": 1.09,
            "reinvestment_rate": 5233.31,
            "research_to_sale_ratio": 4.71,
            "price_fair": 49.93,
            "eps_avg_yearly": 1.43,
            "eps_latest_yearly": 0.64,
            "eps_growth_yearly": 40.02
        },
        "20112": {
            "year_quarter": 20112,
            "year": 2011,
            "quarter": 2,
            "eps": -0.36,
            "eps_growth_year": -170.74,
            "eps_4q": -0.06,
            "eps_4q_growth_year": -104.86,
            "roe": -1.88,
            "roe_4q": 0.10999999999999988,
            "gross_profit": 18732,
            "gross_margin": 2.36,
            "gross_margin_4q_avg": 11.97,
            "net_income": -98020,
            "net_income_4q": null,
            "revenue": 794704,
            "revenue_4q": null,
            "common_shares": 2759528,
            "book_valuer_per_share": 18.38,
            "book_valuer_per_share_4q_avg": 19.18,
            "equity": 5059304,
            "current_ratio": 224.63,
            "debt_ratio": 42.05,
            "inventory_turnover_ratio": 0.8,
            "account_receivable_turnover_ratio": 0.92,
            "reinvestment_rate": null,
            "research_to_sale_ratio": 5.82,
            "price_fair": 49.93,
            "eps_avg_yearly": 1.43,
            "eps_latest_yearly": 0.64,
            "eps_growth_yearly": 40.02
        },
        "20113": {
            "year_quarter": 20113,
            "year": 2011,
            "quarter": 3,
            "eps": -1.22,
            "eps_growth_year": -361.23,
            "eps_4q": -1.74,
            "eps_4q_growth_year": -221.09,
            "roe": -6.84,
            "roe_4q": -9.569999999999999,
            "gross_profit": -163529,
            "gross_margin": -22.65,
            "gross_margin_4q_avg": -0.77,
            "net_income": -334990,
            "net_income_4q": null,
            "revenue": 721981,
            "revenue_4q": null,
            "common_shares": 2753048,
            "book_valuer_per_share": 17.19,
            "book_valuer_per_share_4q_avg": 18.66,
            "equity": 4731980,
            "current_ratio": 331.01,
            "debt_ratio": 38.16,
            "inventory_turnover_ratio": 0.96,
            "account_receivable_turnover_ratio": 0.86,
            "reinvestment_rate": null,
            "research_to_sale_ratio": 3.5,
            "price_fair": 49.93,
            "eps_avg_yearly": 1.43,
            "eps_latest_yearly": 0.64,
            "eps_growth_yearly": 40.02
        },
        "20114": {
            "year_quarter": 20114,
            "year": 2011,
            "quarter": 4,
            "eps": -2.1,
            "eps_growth_year": -1438.67,
            "eps_4q": -3.99,
            "eps_4q_growth_year": -396.75,
            "roe": -12.98,
            "roe_4q": -23.36,
            "gross_profit": -449188,
            "gross_margin": -104.96,
            "gross_margin_4q_avg": -31.56,
            "net_income": -577553,
            "net_income_4q": null,
            "revenue": 427974,
            "revenue_4q": null,
            "common_shares": 2753048,
            "book_valuer_per_share": 15.13,
            "book_valuer_per_share_4q_avg": 17.57,
            "equity": 4165494,
            "current_ratio": 347.93,
            "debt_ratio": 39.43,
            "inventory_turnover_ratio": 1.39,
            "account_receivable_turnover_ratio": 0.64,
            "reinvestment_rate": null,
            "research_to_sale_ratio": 3.94,
            "price_fair": 49.93,
            "eps_avg_yearly": 1.43,
            "eps_latest_yearly": 0.64,
            "eps_growth_yearly": 40.02
        },
        "20121": {
            "year_quarter": 20121,
            "year": 2012,
            "quarter": 1,
            "eps": -0.5,
            "eps_growth_year": null,
            "eps_4q": -4.17,
            "eps_4q_growth_year": -698.6,
            "roe": -3.37,
            "roe_4q": -25.07,
            "gross_profit": -54458,
            "gross_margin": -12.33,
            "gross_margin_4q_avg": -34.4,
            "net_income": -138029,
            "net_income_4q": null,
            "revenue": 441761,
            "revenue_4q": null,
            "common_shares": 2753048,
            "book_valuer_per_share": 0,
            "book_valuer_per_share_4q_avg": 12.68,
            "equity": 4034701,
            "current_ratio": 169.22,
            "debt_ratio": 37.21,
            "inventory_turnover_ratio": 1.35,
            "account_receivable_turnover_ratio": 0.77,
            "reinvestment_rate": null,
            "research_to_sale_ratio": 7.51,
            "price_fair": 49.93,
            "eps_avg_yearly": 1.43,
            "eps_latest_yearly": 0.64,
            "eps_growth_yearly": 40.02
        },
        "20122": {
            "year_quarter": 20122,
            "year": 2012,
            "quarter": 2,
            "eps": -0.59,
            "eps_growth_year": null,
            "eps_4q": -4.41,
            "eps_4q_growth_year": null,
            "roe": -4.14,
            "roe_4q": -27.330000000000002,
            "gross_profit": -68832,
            "gross_margin": -15.14,
            "gross_margin_4q_avg": -38.77,
            "net_income": -163657,
            "net_income_4q": null,
            "revenue": 454515,
            "revenue_4q": null,
            "common_shares": 2753048,
            "book_valuer_per_share": 0,
            "book_valuer_per_share_4q_avg": 8.08,
            "equity": 3876346,
            "current_ratio": 205.05,
            "debt_ratio": 35.31,
            "inventory_turnover_ratio": 1.79,
            "account_receivable_turnover_ratio": 0.76,
            "reinvestment_rate": null,
            "research_to_sale_ratio": 8.51,
            "price_fair": 49.93,
            "eps_avg_yearly": 1.43,
            "eps_latest_yearly": 0.64,
            "eps_growth_yearly": 40.02
        },
        "20123": {
            "year_quarter": 20123,
            "year": 2012,
            "quarter": 3,
            "eps": -0.64,
            "eps_growth_year": null,
            "eps_4q": -3.83,
            "eps_4q_growth_year": null,
            "roe": -4.65,
            "roe_4q": -25.14,
            "gross_profit": -105559,
            "gross_margin": -28.24,
            "gross_margin_4q_avg": -40.17,
            "net_income": -176400,
            "net_income_4q": null,
            "revenue": 373763,
            "revenue_4q": null,
            "common_shares": 2753048,
            "book_valuer_per_share": 0,
            "book_valuer_per_share_4q_avg": 3.78,
            "equity": 3705248,
            "current_ratio": 206.01,
            "debt_ratio": 36.94,
            "inventory_turnover_ratio": 1.41,
            "account_receivable_turnover_ratio": 0.63,
            "reinvestment_rate": null,
            "research_to_sale_ratio": 10.25,
            "price_fair": 56.56,
            "eps_avg_yearly": 1.62,
            "eps_latest_yearly": 0.64,
            "eps_growth_yearly": 89.62
        },
        "20124": {
            "year_quarter": 20124,
            "year": 2012,
            "quarter": 4,
            "eps": -0.92,
            "eps_growth_year": null,
            "eps_4q": -2.65,
            "eps_4q_growth_year": null,
            "roe": -7.08,
            "roe_4q": -19.240000000000002,
            "gross_profit": -153650,
            "gross_margin": -43.95,
            "gross_margin_4q_avg": -24.92,
            "net_income": -252354,
            "net_income_4q": null,
            "revenue": 349592,
            "revenue_4q": null,
            "common_shares": 2753048,
            "book_valuer_per_share": 12.43,
            "book_valuer_per_share_4q_avg": 3.11,
            "equity": 3423003,
            "current_ratio": 194.52,
            "debt_ratio": 39.6,
            "inventory_turnover_ratio": 1.09,
            "account_receivable_turnover_ratio": 0.64,
            "reinvestment_rate": null,
            "research_to_sale_ratio": 6.51,
            "price_fair": 56.56,
            "eps_avg_yearly": 1.62,
            "eps_latest_yearly": 0.64,
            "eps_growth_yearly": 89.62
        },
        "20131": {
            "year_quarter": 20131,
            "year": 2013,
            "quarter": 1,
            "eps": -0.76,
            "eps_growth_year": null,
            "eps_4q": -2.91,
            "eps_4q_growth_year": null,
            "roe": -6.34,
            "roe_4q": -22.21,
            "gross_profit": -141946,
            "gross_margin": -33.34,
            "gross_margin_4q_avg": -30.17,
            "net_income": -208563,
            "net_income_4q": null,
            "revenue": 425810,
            "revenue_4q": null,
            "common_shares": 2753048,
            "book_valuer_per_share": 11.47,
            "book_valuer_per_share_4q_avg": 5.98,
            "equity": 3157055,
            "current_ratio": 100.73,
            "debt_ratio": 42.66,
            "inventory_turnover_ratio": 1.09,
            "account_receivable_turnover_ratio": 0.75,
            "reinvestment_rate": null,
            "research_to_sale_ratio": 5.25,
            "price_fair": 56.56,
            "eps_avg_yearly": 1.62,
            "eps_latest_yearly": 0.64,
            "eps_growth_yearly": 89.62
        },
        "20132": {
            "year_quarter": 20132,
            "year": 2013,
            "quarter": 2,
            "eps": -0.32,
            "eps_growth_year": null,
            "eps_4q": -2.64,
            "eps_4q_growth_year": null,
            "roe": -2.84,
            "roe_4q": -20.909999999999997,
            "gross_profit": -54936,
            "gross_margin": -10.37,
            "gross_margin_4q_avg": -28.98,
            "net_income": -88347,
            "net_income_4q": null,
            "revenue": 529781,
            "revenue_4q": null,
            "common_shares": 2753048,
            "book_valuer_per_share": 11.16,
            "book_valuer_per_share_4q_avg": 8.77,
            "equity": 3071692,
            "current_ratio": 105.39,
            "debt_ratio": 42.36,
            "inventory_turnover_ratio": 1.13,
            "account_receivable_turnover_ratio": 0.79,
            "reinvestment_rate": null,
            "research_to_sale_ratio": 1.83,
            "price_fair": 56.56,
            "eps_avg_yearly": 1.62,
            "eps_latest_yearly": 0.64,
            "eps_growth_yearly": 89.62
        },
        "20133": {
            "year_quarter": 20133,
            "year": 2013,
            "quarter": 3,
            "eps": -0.61,
            "eps_growth_year": null,
            "eps_4q": -2.61,
            "eps_4q_growth_year": null,
            "roe": -5.67,
            "roe_4q": -21.93,
            "gross_profit": -138098,
            "gross_margin": -28.06,
            "gross_margin_4q_avg": -28.93,
            "net_income": -169369,
            "net_income_4q": null,
            "revenue": 492090,
            "revenue_4q": null,
            "common_shares": 2753048,
            "book_valuer_per_share": 10.55,
            "book_valuer_per_share_4q_avg": 11.4,
            "equity": 2904350,
            "current_ratio": 102.84,
            "debt_ratio": 43.48,
            "inventory_turnover_ratio": 1.33,
            "account_receivable_turnover_ratio": 0.72,
            "reinvestment_rate": null,
            "research_to_sale_ratio": 2.5,
            "price_fair": 56.56,
            "eps_avg_yearly": 1.62,
            "eps_latest_yearly": 0.64,
            "eps_growth_yearly": 89.62
        },
        "20134": {
            "year_quarter": 20134,
            "year": 2013,
            "quarter": 4,
            "eps": -1.33,
            "eps_growth_year": null,
            "eps_4q": -3.02,
            "eps_4q_growth_year": null,
            "roe": -13.4,
            "roe_4q": -28.25,
            "gross_profit": -170919,
            "gross_margin": -42.72,
            "gross_margin_4q_avg": -28.62,
            "net_income": -365037,
            "net_income_4q": null,
            "revenue": 400124,
            "revenue_4q": null,
            "common_shares": 2753048,
            "book_valuer_per_share": 9.24,
            "book_valuer_per_share_4q_avg": 10.61,
            "equity": 2542634,
            "current_ratio": 100.39,
            "debt_ratio": 45.97,
            "inventory_turnover_ratio": 1.41,
            "account_receivable_turnover_ratio": 0.67,
            "reinvestment_rate": null,
            "research_to_sale_ratio": 3.28,
            "price_fair": 4.56,
            "eps_avg_yearly": 1.52,
            "eps_latest_yearly": 0.64,
            "eps_growth_yearly": -65.75
        },
        "20141": {
            "year_quarter": 20141,
            "year": 2014,
            "quarter": 1,
            "eps": -0.38,
            "eps_growth_year": null,
            "eps_4q": -2.65,
            "eps_4q_growth_year": null,
            "roe": -4.25,
            "roe_4q": -26.16,
            "gross_profit": -63199,
            "gross_margin": -14.03,
            "gross_margin_4q_avg": -23.8,
            "net_income": -105789,
            "net_income_4q": null,
            "revenue": 450597,
            "revenue_4q": null,
            "common_shares": 2753048,
            "book_valuer_per_share": 8.86,
            "book_valuer_per_share_4q_avg": 9.95,
            "equity": 2439646,
            "current_ratio": 99.59,
            "debt_ratio": 44.39,
            "inventory_turnover_ratio": 1.36,
            "account_receivable_turnover_ratio": 0.72,
            "reinvestment_rate": null,
            "research_to_sale_ratio": 4.24,
            "price_fair": 4.52,
            "eps_avg_yearly": 1.51,
            "eps_latest_yearly": 0.64,
            "eps_growth_yearly": -58.34
        },
        "20142": {
            "year_quarter": 20142,
            "year": 2014,
            "quarter": 2,
            "eps": -0.28,
            "eps_growth_year": null,
            "eps_4q": -2.6,
            "eps_4q_growth_year": null,
            "roe": -3.12,
            "roe_4q": -26.439999999999998,
            "gross_profit": -31233,
            "gross_margin": -5.38,
            "gross_margin_4q_avg": -22.55,
            "net_income": -75843,
            "net_income_4q": null,
            "revenue": 580569,
            "revenue_4q": null,
            "common_shares": 2753048,
            "book_valuer_per_share": 8.78,
            "book_valuer_per_share_4q_avg": 9.36,
            "equity": 2416683,
            "current_ratio": 145.54,
            "debt_ratio": 45.69,
            "inventory_turnover_ratio": 1.59,
            "account_receivable_turnover_ratio": 0.77,
            "reinvestment_rate": null,
            "research_to_sale_ratio": 2.98,
            "price_fair": 3.78,
            "eps_avg_yearly": 1.26,
            "eps_latest_yearly": 0.64,
            "eps_growth_yearly": -143.91
        },
        "20143": {
            "year_quarter": 20143,
            "year": 2014,
            "quarter": 3,
            "eps": -0.36,
            "eps_growth_year": null,
            "eps_4q": -2.35,
            "eps_4q_growth_year": null,
            "roe": -4.24,
            "roe_4q": -25.009999999999998,
            "gross_profit": -58672,
            "gross_margin": -11.02,
            "gross_margin_4q_avg": -18.29,
            "net_income": -100372,
            "net_income_4q": null,
            "revenue": 532200,
            "revenue_4q": null,
            "common_shares": 2753048,
            "book_valuer_per_share": 8.42,
            "book_valuer_per_share_4q_avg": 8.83,
            "equity": 2317761,
            "current_ratio": 145.73,
            "debt_ratio": 47.64,
            "inventory_turnover_ratio": 1.37,
            "account_receivable_turnover_ratio": 0.64,
            "reinvestment_rate": null,
            "research_to_sale_ratio": 3.65,
            "price_fair": 1.92,
            "eps_avg_yearly": 0.64,
            "eps_latest_yearly": 0.64,
            "eps_growth_yearly": -263.83
        },
        "20144": {
            "year_quarter": 20144,
            "year": 2014,
            "quarter": 4,
            "eps": -1.08,
            "eps_growth_year": null,
            "eps_4q": -2.11,
            "eps_4q_growth_year": null,
            "roe": -13.75,
            "roe_4q": -25.360000000000003,
            "gross_profit": -136797,
            "gross_margin": -32.99,
            "gross_margin_4q_avg": -15.86,
            "net_income": -298274,
            "net_income_4q": null,
            "revenue": 414667,
            "revenue_4q": null,
            "common_shares": 2753048,
            "book_valuer_per_share": 7.34,
            "book_valuer_per_share_4q_avg": 8.35,
            "equity": 2020378,
            "current_ratio": 144.89,
            "debt_ratio": 49.48,
            "inventory_turnover_ratio": 1.31,
            "account_receivable_turnover_ratio": 0.51,
            "reinvestment_rate": null,
            "research_to_sale_ratio": 4.72,
            "price_fair": 0,
            "eps_avg_yearly": 0,
            "eps_latest_yearly": 0,
            "eps_growth_yearly": 0
        },
        "20151": {
            "year_quarter": 20151,
            "year": 2015,
            "quarter": 1,
            "eps": -0.5,
            "eps_growth_year": null,
            "eps_4q": -2.22,
            "eps_4q_growth_year": null,
            "roe": -7.04,
            "roe_4q": -28.150000000000002,
            "gross_profit": -90219,
            "gross_margin": -26.63,
            "gross_margin_4q_avg": -19.01,
            "net_income": -137440,
            "net_income_4q": null,
            "revenue": 338839,
            "revenue_4q": null,
            "common_shares": 2753048,
            "book_valuer_per_share": 6.84,
            "book_valuer_per_share_4q_avg": 7.85,
            "equity": 1882313,
            "current_ratio": 197.1,
            "debt_ratio": 44.91,
            "inventory_turnover_ratio": 1.22,
            "account_receivable_turnover_ratio": 0.45,
            "reinvestment_rate": null,
            "research_to_sale_ratio": 6.27,
            "price_fair": 0,
            "eps_avg_yearly": 0,
            "eps_latest_yearly": 0,
            "eps_growth_yearly": 0
        },
        "20152": {
            "year_quarter": 20152,
            "year": 2015,
            "quarter": 2,
            "eps": -0.66,
            "eps_growth_year": null,
            "eps_4q": -2.61,
            "eps_4q_growth_year": null,
            "roe": -10.21,
            "roe_4q": -35.24,
            "gross_profit": -137805,
            "gross_margin": -53.2,
            "gross_margin_4q_avg": -30.96,
            "net_income": -182803,
            "net_income_4q": null,
            "revenue": 259033,
            "revenue_4q": null,
            "common_shares": 2753048,
            "book_valuer_per_share": 6.17,
            "book_valuer_per_share_4q_avg": 7.19,
            "equity": 1699916,
            "current_ratio": 182.97,
            "debt_ratio": 47.21,
            "inventory_turnover_ratio": 1.17,
            "account_receivable_turnover_ratio": 0.39,
            "reinvestment_rate": null,
            "research_to_sale_ratio": 7.11,
            "price_fair": 0,
            "eps_avg_yearly": 0,
            "eps_latest_yearly": 0,
            "eps_growth_yearly": 0
        },
        "20153": {
            "year_quarter": 20153,
            "year": 2015,
            "quarter": 3,
            "eps": -0.82,
            "eps_growth_year": null,
            "eps_4q": -3.07,
            "eps_4q_growth_year": null,
            "roe": -14.24,
            "roe_4q": -45.24,
            "gross_profit": -202877,
            "gross_margin": -78.12,
            "gross_margin_4q_avg": -47.74,
            "net_income": -225926,
            "net_income_4q": null,
            "revenue": 259686,
            "revenue_4q": null,
            "common_shares": 2753048,
            "book_valuer_per_share": 5.35,
            "book_valuer_per_share_4q_avg": 6.43,
            "equity": 1474083,
            "current_ratio": 176.18,
            "debt_ratio": 49.12,
            "inventory_turnover_ratio": 1.61,
            "account_receivable_turnover_ratio": 0.49,
            "reinvestment_rate": null,
            "research_to_sale_ratio": 3.78,
            "price_fair": 0,
            "eps_avg_yearly": 0,
            "eps_latest_yearly": 0,
            "eps_growth_yearly": 0
        },
        "20154": {
            "year_quarter": 20154,
            "year": 2015,
            "quarter": 4,
            "eps": -1.63,
            "eps_growth_year": null,
            "eps_4q": -3.62,
            "eps_4q_growth_year": null,
            "roe": -35.98,
            "roe_4q": -67.47,
            "gross_profit": -146369,
            "gross_margin": -63.52,
            "gross_margin_4q_avg": -55.37,
            "net_income": -449853,
            "net_income_4q": null,
            "revenue": 230433,
            "revenue_4q": null,
            "common_shares": 2753048,
            "book_valuer_per_share": 3.73,
            "book_valuer_per_share_4q_avg": 5.52,
            "equity": 1026281,
            "current_ratio": 173.21,
            "debt_ratio": 56.47,
            "inventory_turnover_ratio": 1.71,
            "account_receivable_turnover_ratio": 0.54,
            "reinvestment_rate": null,
            "research_to_sale_ratio": 4.39,
            "price_fair": 0,
            "eps_avg_yearly": 0,
            "eps_latest_yearly": 0,
            "eps_growth_yearly": 0
        },
        "20161": {
            "year_quarter": 20161,
            "year": 2016,
            "quarter": 1,
            "eps": -0.41,
            "eps_growth_year": null,
            "eps_4q": -3.53,
            "eps_4q_growth_year": null,
            "roe": -11.66,
            "roe_4q": -72.09,
            "gross_profit": -83800,
            "gross_margin": -38.55,
            "gross_margin_4q_avg": -58.35,
            "net_income": -113117,
            "net_income_4q": null,
            "revenue": 217361,
            "revenue_4q": null,
            "common_shares": 2753048,
            "book_valuer_per_share": 3.32,
            "book_valuer_per_share_4q_avg": 4.64,
            "equity": 913276,
            "current_ratio": 177.57,
            "debt_ratio": 58.54,
            "inventory_turnover_ratio": 1.44,
            "account_receivable_turnover_ratio": 0.61,
            "reinvestment_rate": null,
            "research_to_sale_ratio": 5.54,
            "price_fair": 0,
            "eps_avg_yearly": 0,
            "eps_latest_yearly": 0,
            "eps_growth_yearly": 0
        },
        "20162": {
            "year_quarter": 20162,
            "year": 2016,
            "quarter": 2,
            "eps": -0.32,
            "eps_growth_year": null,
            "eps_4q": -3.18,
            "eps_4q_growth_year": null,
            "roe": -10.03,
            "roe_4q": -71.91,
            "gross_profit": -54549,
            "gross_margin": -22.81,
            "gross_margin_4q_avg": -50.75,
            "net_income": -87178,
            "net_income_4q": null,
            "revenue": 239105,
            "revenue_4q": null,
            "common_shares": 2753048,
            "book_valuer_per_share": 3,
            "book_valuer_per_share_4q_avg": 3.85,
            "equity": 825761,
            "current_ratio": 50.85,
            "debt_ratio": 58.34,
            "inventory_turnover_ratio": 1.49,
            "account_receivable_turnover_ratio": 0.79,
            "reinvestment_rate": null,
            "research_to_sale_ratio": 3.86,
            "price_fair": 0,
            "eps_avg_yearly": 0,
            "eps_latest_yearly": 0,
            "eps_growth_yearly": 0
        },
        "20163": {
            "year_quarter": 20163,
            "year": 2016,
            "quarter": 3,
            "eps": -1.85,
            "eps_growth_year": null,
            "eps_4q": -8.61,
            "eps_4q_growth_year": null,
            "roe": -24.15,
            "roe_4q": -81.82,
            "gross_profit": -15985,
            "gross_margin": -6.02,
            "gross_margin_4q_avg": -32.73,
            "net_income": -177917,
            "net_income_4q": null,
            "revenue": 265590,
            "revenue_4q": null,
            "common_shares": 961814,
            "book_valuer_per_share": 6.73,
            "book_valuer_per_share_4q_avg": 4.2,
            "equity": 647728,
            "current_ratio": 58.25,
            "debt_ratio": 64.27,
            "inventory_turnover_ratio": 1.76,
            "account_receivable_turnover_ratio": 0.93,
            "reinvestment_rate": null,
            "research_to_sale_ratio": 3.04,
            "price_fair": 0,
            "eps_avg_yearly": 0,
            "eps_latest_yearly": 0,
            "eps_growth_yearly": 0
        },
        "20164": {
            "year_quarter": 20164,
            "year": 2016,
            "quarter": 4,
            "eps": -0.1,
            "eps_growth_year": null,
            "eps_4q": -4.03,
            "eps_4q_growth_year": null,
            "roe": -1.43,
            "roe_4q": -47.269999999999996,
            "gross_profit": 5955,
            "gross_margin": 2.97,
            "gross_margin_4q_avg": -16.1,
            "net_income": -9207,
            "net_income_4q": null,
            "revenue": 200640,
            "revenue_4q": null,
            "common_shares": 961814,
            "book_valuer_per_share": 6.64,
            "book_valuer_per_share_4q_avg": 4.92,
            "equity": 639088,
            "current_ratio": 60.3,
            "debt_ratio": 63.81,
            "inventory_turnover_ratio": 1.45,
            "account_receivable_turnover_ratio": 0.66,
            "reinvestment_rate": null,
            "research_to_sale_ratio": 3.93,
            "price_fair": 0,
            "eps_avg_yearly": 0,
            "eps_latest_yearly": 0,
            "eps_growth_yearly": 0
        },
        "20171": {
            "year_quarter": 20171,
            "year": 2017,
            "quarter": 1,
            "eps": -0.45,
            "eps_growth_year": null,
            "eps_4q": -3.3,
            "eps_4q_growth_year": null,
            "roe": -6.96,
            "roe_4q": -42.57,
            "gross_profit": 4273,
            "gross_margin": 2.27,
            "gross_margin_4q_avg": -5.9,
            "net_income": -42989,
            "net_income_4q": null,
            "revenue": 188123,
            "revenue_4q": null,
            "common_shares": 961814,
            "book_valuer_per_share": 6.2,
            "book_valuer_per_share_4q_avg": 5.64,
            "equity": 595936,
            "current_ratio": 58.42,
            "debt_ratio": 64.5,
            "inventory_turnover_ratio": 1.57,
            "account_receivable_turnover_ratio": 0.63,
            "reinvestment_rate": null,
            "research_to_sale_ratio": 4.38,
            "price_fair": 0,
            "eps_avg_yearly": 0,
            "eps_latest_yearly": 0,
            "eps_growth_yearly": 0
        },
        "20172": {
            "year_quarter": 20172,
            "year": 2017,
            "quarter": 2,
            "eps": -0.25,
            "eps_growth_year": null,
            "eps_4q": -2.64,
            "eps_4q_growth_year": null,
            "roe": -4.08,
            "roe_4q": -36.62,
            "gross_profit": 3403,
            "gross_margin": 1.86,
            "gross_margin_4q_avg": 0.27,
            "net_income": -23831,
            "net_income_4q": null,
            "revenue": 182695,
            "revenue_4q": null,
            "common_shares": 961814,
            "book_valuer_per_share": 5.95,
            "book_valuer_per_share_4q_avg": 6.38,
            "equity": 572166,
            "current_ratio": 174.44,
            "debt_ratio": 59.98,
            "inventory_turnover_ratio": 1.64,
            "account_receivable_turnover_ratio": 0.66,
            "reinvestment_rate": null,
            "research_to_sale_ratio": 4.09,
            "price_fair": 0,
            "eps_avg_yearly": 0,
            "eps_latest_yearly": 0,
            "eps_growth_yearly": 0
        },
        "20173": {
            "year_quarter": 20173,
            "year": 2017,
            "quarter": 3,
            "eps": 0.02,
            "eps_growth_year": null,
            "eps_4q": -0.77,
            "eps_4q_growth_year": null,
            "roe": 0.34,
            "roe_4q": -12.129999999999999,
            "gross_profit": 26993,
            "gross_margin": 12.78,
            "gross_margin_4q_avg": 4.97,
            "net_income": 1926,
            "net_income_4q": null,
            "revenue": 211167,
            "revenue_4q": null,
            "common_shares": 961814,
            "book_valuer_per_share": 5.97,
            "book_valuer_per_share_4q_avg": 6.19,
            "equity": 574138,
            "current_ratio": 179.21,
            "debt_ratio": 60.02,
            "inventory_turnover_ratio": 1.7,
            "account_receivable_turnover_ratio": 0.74,
            "reinvestment_rate": null,
            "research_to_sale_ratio": 3.95,
            "price_fair": 0,
            "eps_avg_yearly": 0,
            "eps_latest_yearly": 0,
            "eps_growth_yearly": 0
        },
        "20174": {
            "year_quarter": 20174,
            "year": 2017,
            "quarter": 4,
            "eps": -0.02,
            "eps_growth_year": null,
            "eps_4q": -0.69,
            "eps_4q_growth_year": null,
            "roe": -0.31,
            "roe_4q": -11.01,
            "gross_profit": 10296,
            "gross_margin": 5.29,
            "gross_margin_4q_avg": 5.55,
            "net_income": -1765,
            "net_income_4q": null,
            "revenue": 194794,
            "revenue_4q": null,
            "common_shares": 961814,
            "book_valuer_per_share": 5.95,
            "book_valuer_per_share_4q_avg": 6.02,
            "equity": 572568,
            "current_ratio": 187.85,
            "debt_ratio": 59.69,
            "inventory_turnover_ratio": 1.77,
            "account_receivable_turnover_ratio": 0.62,
            "reinvestment_rate": null,
            "research_to_sale_ratio": 4.18,
            "price_fair": 0,
            "eps_avg_yearly": 0,
            "eps_latest_yearly": 0,
            "eps_growth_yearly": 0
        },
        "20181": {
            "year_quarter": 20181,
            "year": 2018,
            "quarter": 1,
            "eps": 0.05,
            "eps_growth_year": null,
            "eps_4q": -0.19,
            "eps_4q_growth_year": null,
            "roe": 0.86,
            "roe_4q": -3.19,
            "gross_profit": 23653,
            "gross_margin": 11.85,
            "gross_margin_4q_avg": 7.95,
            "net_income": 4970,
            "net_income_4q": null,
            "revenue": 199521,
            "revenue_4q": null,
            "common_shares": 961814,
            "book_valuer_per_share": 6.01,
            "book_valuer_per_share_4q_avg": 5.97,
            "equity": 577580,
            "current_ratio": 197.59,
            "debt_ratio": 58.48,
            "inventory_turnover_ratio": 1.74,
            "account_receivable_turnover_ratio": 0.65,
            "reinvestment_rate": null,
            "research_to_sale_ratio": 3.87,
            "price_fair": 0,
            "eps_avg_yearly": 0,
            "eps_latest_yearly": 0,
            "eps_growth_yearly": 0
        },
        "20182": {
            "year_quarter": 20182,
            "year": 2018,
            "quarter": 2,
            "eps": -0.02,
            "eps_growth_year": null,
            "eps_4q": 0.03,
            "eps_4q_growth_year": null,
            "roe": -0.35,
            "roe_4q": 0.54,
            "gross_profit": 9505,
            "gross_margin": 5.74,
            "gross_margin_4q_avg": 8.92,
            "net_income": -1994,
            "net_income_4q": null,
            "revenue": 165488,
            "revenue_4q": null,
            "common_shares": 961814,
            "book_valuer_per_share": 5.98,
            "book_valuer_per_share_4q_avg": 5.98,
            "equity": 575396,
            "current_ratio": 201.86,
            "debt_ratio": 57.54,
            "inventory_turnover_ratio": 1.51,
            "account_receivable_turnover_ratio": 0.57,
            "reinvestment_rate": null,
            "research_to_sale_ratio": 4.56,
            "price_fair": 0,
            "eps_avg_yearly": 0,
            "eps_latest_yearly": 0,
            "eps_growth_yearly": 0
        },
        "20183": {
            "year_quarter": 20183,
            "year": 2018,
            "quarter": 3,
            "eps": -0.04,
            "eps_growth_year": -300,
            "eps_4q": -0.03,
            "eps_4q_growth_year": null,
            "roe": -0.75,
            "roe_4q": -0.55,
            "gross_profit": 4437,
            "gross_margin": 2.5,
            "gross_margin_4q_avg": 6.35,
            "net_income": -4281,
            "net_income_4q": null,
            "revenue": 177296,
            "revenue_4q": null,
            "common_shares": 961814,
            "book_valuer_per_share": 5.94,
            "book_valuer_per_share_4q_avg": 5.97,
            "equity": 571014,
            "current_ratio": 207.64,
            "debt_ratio": 56.37,
            "inventory_turnover_ratio": 1.75,
            "account_receivable_turnover_ratio": 0.63,
            "reinvestment_rate": null,
            "research_to_sale_ratio": 4.02,
            "price_fair": 0,
            "eps_avg_yearly": 0,
            "eps_latest_yearly": 0,
            "eps_growth_yearly": 0
        },
        "20184": {
            "year_quarter": 20184,
            "year": 2018,
            "quarter": 4,
            "eps": -0.21,
            "eps_growth_year": null,
            "eps_4q": -0.23,
            "eps_4q_growth_year": null,
            "roe": -3.67,
            "roe_4q": -3.9099999999999997,
            "gross_profit": -2247,
            "gross_margin": -1.5,
            "gross_margin_4q_avg": 4.65,
            "net_income": -20565,
            "net_income_4q": null,
            "revenue": 150012,
            "revenue_4q": null,
            "common_shares": 961814,
            "book_valuer_per_share": 5.72,
            "book_valuer_per_share_4q_avg": 5.91,
            "equity": 550182,
            "current_ratio": 211.93,
            "debt_ratio": 56.27,
            "inventory_turnover_ratio": 1.73,
            "account_receivable_turnover_ratio": 0.56,
            "reinvestment_rate": null,
            "research_to_sale_ratio": 4.12,
            "price_fair": 0,
            "eps_avg_yearly": 0,
            "eps_latest_yearly": 0,
            "eps_growth_yearly": 0
        },
        "20191": {
            "year_quarter": 20191,
            "year": 2019,
            "quarter": 1,
            "eps": -0.27,
            "eps_growth_year": -640,
            "eps_4q": -0.55,
            "eps_4q_growth_year": null,
            "roe": -4.79,
            "roe_4q": -9.56,
            "gross_profit": -7316,
            "gross_margin": -5.32,
            "gross_margin_4q_avg": 0.36,
            "net_income": -25763,
            "net_income_4q": null,
            "revenue": 137443,
            "revenue_4q": null,
            "common_shares": 961814,
            "book_valuer_per_share": 5.45,
            "book_valuer_per_share_4q_avg": 5.77,
            "equity": 524479,
            "current_ratio": 259.17,
            "debt_ratio": 56.55,
            "inventory_turnover_ratio": 1.73,
            "account_receivable_turnover_ratio": 0.56,
            "reinvestment_rate": null,
            "research_to_sale_ratio": 4.37,
            "price_fair": 0,
            "eps_avg_yearly": 0,
            "eps_latest_yearly": 0,
            "eps_growth_yearly": 0
        },
        "20192": {
            "year_quarter": 20192,
            "year": 2019,
            "quarter": 2,
            "eps": -0.17,
            "eps_growth_year": null,
            "eps_4q": -0.7,
            "eps_4q_growth_year": -2236.4,
            "roe": -3.18,
            "roe_4q": -12.39,
            "gross_profit": -7826,
            "gross_margin": -5.32,
            "gross_margin_4q_avg": -2.41,
            "net_income": -16409,
            "net_income_4q": null,
            "revenue": 147090,
            "revenue_4q": null,
            "common_shares": 961814,
            "book_valuer_per_share": 5.28,
            "book_valuer_per_share_4q_avg": 5.6,
            "equity": 508037,
            "current_ratio": 66.96,
            "debt_ratio": 57.8,
            "inventory_turnover_ratio": 1.89,
            "account_receivable_turnover_ratio": 0.63,
            "reinvestment_rate": null,
            "research_to_sale_ratio": 4.19,
            "price_fair": 0,
            "eps_avg_yearly": 0,
            "eps_latest_yearly": 0,
            "eps_growth_yearly": 0
        },
        "20193": {
            "year_quarter": 20193,
            "year": 2019,
            "quarter": 3,
            "eps": -0.31,
            "eps_growth_year": null,
            "eps_4q": -0.96,
            "eps_4q_growth_year": null,
            "roe": -6.09,
            "roe_4q": -17.729999999999997,
            "gross_profit": -7489,
            "gross_margin": -5.24,
            "gross_margin_4q_avg": -4.35,
            "net_income": -30012,
            "net_income_4q": null,
            "revenue": 142943,
            "revenue_4q": null,
            "common_shares": 961814,
            "book_valuer_per_share": 4.97,
            "book_valuer_per_share_4q_avg": 5.36,
            "equity": 477948,
            "current_ratio": 65.15,
            "debt_ratio": 59.69,
            "inventory_turnover_ratio": 1.75,
            "account_receivable_turnover_ratio": 0.6,
            "reinvestment_rate": null,
            "research_to_sale_ratio": 5.16,
            "price_fair": 0,
            "eps_avg_yearly": 0,
            "eps_latest_yearly": 0,
            "eps_growth_yearly": 0
        },
        "20194": {
            "year_quarter": 20194,
            "year": 2019,
            "quarter": 4,
            "eps": -0.49,
            "eps_growth_year": null,
            "eps_4q": -1.24,
            "eps_4q_growth_year": null,
            "roe": -10.44,
            "roe_4q": -24.5,
            "gross_profit": -17112,
            "gross_margin": -13.41,
            "gross_margin_4q_avg": -7.32,
            "net_income": -47433,
            "net_income_4q": null,
            "revenue": 127626,
            "revenue_4q": null,
            "common_shares": 961814,
            "book_valuer_per_share": 4.48,
            "book_valuer_per_share_4q_avg": 5.05,
            "equity": 430527,
            "current_ratio": 61.45,
            "debt_ratio": 61.67,
            "inventory_turnover_ratio": 1.51,
            "account_receivable_turnover_ratio": 0.56,
            "reinvestment_rate": null,
            "research_to_sale_ratio": 7,
            "price_fair": 0,
            "eps_avg_yearly": 0,
            "eps_latest_yearly": 0,
            "eps_growth_yearly": 0
        },
        "20201": {
            "year_quarter": 20201,
            "year": 2020,
            "quarter": 1,
            "eps": -0.34,
            "eps_growth_year": null,
            "eps_4q": -1.32,
            "eps_4q_growth_year": null,
            "roe": -8.01,
            "roe_4q": -27.72,
            "gross_profit": -10876,
            "gross_margin": -8.53,
            "gross_margin_4q_avg": -8.13,
            "net_income": -33151,
            "net_income_4q": null,
            "revenue": 127564,
            "revenue_4q": null,
            "common_shares": 961814,
            "book_valuer_per_share": 4.13,
            "book_valuer_per_share_4q_avg": 4.72,
            "equity": 397359,
            "current_ratio": 206.9,
            "debt_ratio": 63.16,
            "inventory_turnover_ratio": 1.41,
            "account_receivable_turnover_ratio": 0.59,
            "reinvestment_rate": null,
            "research_to_sale_ratio": 6.78,
            "price_fair": 0,
            "eps_avg_yearly": 0,
            "eps_latest_yearly": 0,
            "eps_growth_yearly": 0
        },
        "20202": {
            "year_quarter": 20202,
            "year": 2020,
            "quarter": 2,
            "eps": -0.24,
            "eps_growth_year": null,
            "eps_4q": -1.39,
            "eps_4q_growth_year": null,
            "roe": -6.09,
            "roe_4q": -30.63,
            "gross_profit": -1539,
            "gross_margin": -1.09,
            "gross_margin_4q_avg": -7.07,
            "net_income": -23502,
            "net_income_4q": null,
            "revenue": 140810,
            "revenue_4q": null,
            "common_shares": 961814,
            "book_valuer_per_share": 3.89,
            "book_valuer_per_share_4q_avg": 4.37,
            "equity": 373908,
            "current_ratio": 195.06,
            "debt_ratio": 64.77,
            "inventory_turnover_ratio": 1.3,
            "account_receivable_turnover_ratio": 0.63,
            "reinvestment_rate": null,
            "research_to_sale_ratio": 6.5,
            "price_fair": 0,
            "eps_avg_yearly": 0,
            "eps_latest_yearly": 0,
            "eps_growth_yearly": 0
        },
        "20203": {
            "year_quarter": 20203,
            "year": 2020,
            "quarter": 3,
            "eps": 0.14,
            "eps_growth_year": null,
            "eps_4q": -2.27,
            "eps_4q_growth_year": null,
            "roe": 1.59,
            "roe_4q": -22.95,
            "gross_profit": 22369,
            "gross_margin": 11.16,
            "gross_margin_4q_avg": -2.97,
            "net_income": 5982,
            "net_income_4q": null,
            "revenue": 200364,
            "revenue_4q": null,
            "common_shares": 432816,
            "book_valuer_per_share": 8.78,
            "book_valuer_per_share_4q_avg": 5.32,
            "equity": 379890,
            "current_ratio": 189.17,
            "debt_ratio": 65.39,
            "inventory_turnover_ratio": 1.48,
            "account_receivable_turnover_ratio": 0.76,
            "reinvestment_rate": null,
            "research_to_sale_ratio": 4.48,
            "price_fair": 0,
            "eps_avg_yearly": 0,
            "eps_latest_yearly": 0,
            "eps_growth_yearly": 0
        },
        "20204": {
            "year_quarter": 20204,
            "year": 2020,
            "quarter": 4,
            "eps": -0.06,
            "eps_growth_year": null,
            "eps_4q": -1.23,
            "eps_4q_growth_year": null,
            "roe": -0.64,
            "roe_4q": -13.149999999999999,
            "gross_profit": 18958,
            "gross_margin": 11.27,
            "gross_margin_4q_avg": 3.2,
            "net_income": -2446,
            "net_income_4q": null,
            "revenue": 168242,
            "revenue_4q": null,
            "common_shares": 432816,
            "book_valuer_per_share": 8.76,
            "book_valuer_per_share_4q_avg": 6.39,
            "equity": 378932,
            "current_ratio": 202.28,
            "debt_ratio": 64.68,
            "inventory_turnover_ratio": 1.29,
            "account_receivable_turnover_ratio": 0.56,
            "reinvestment_rate": null,
            "research_to_sale_ratio": 4.02,
            "price_fair": 0,
            "eps_avg_yearly": 0,
            "eps_latest_yearly": 0,
            "eps_growth_yearly": 0
        },
        "20211": {
            "year_quarter": 20211,
            "year": 2021,
            "quarter": 1,
            "eps": 0.54,
            "eps_growth_year": null,
            "eps_4q": 0.07,
            "eps_4q_growth_year": null,
            "roe": 5.94,
            "roe_4q": 0.8000000000000007,
            "gross_profit": 32297,
            "gross_margin": 15.09,
            "gross_margin_4q_avg": 9.11,
            "net_income": 23185,
            "net_income_4q": null,
            "revenue": 214022,
            "revenue_4q": null,
            "common_shares": 432816,
            "book_valuer_per_share": 9.29,
            "book_valuer_per_share_4q_avg": 7.68,
            "equity": 402117,
            "current_ratio": 188.56,
            "debt_ratio": 64.89,
            "inventory_turnover_ratio": 1.33,
            "account_receivable_turnover_ratio": 0.67,
            "reinvestment_rate": null,
            "research_to_sale_ratio": 3.04,
            "price_fair": 0,
            "eps_avg_yearly": 0,
            "eps_latest_yearly": 0,
            "eps_growth_yearly": 0
        },
        "20212": {
            "year_quarter": 20212,
            "year": 2021,
            "quarter": 2,
            "eps": 0.22,
            "eps_growth_year": null,
            "eps_4q": 0.85,
            "eps_4q_growth_year": null,
            "roe": 2.43,
            "roe_4q": 9.320000000000002,
            "gross_profit": 30953,
            "gross_margin": 12.32,
            "gross_margin_4q_avg": 12.46,
            "net_income": 9882,
            "net_income_4q": null,
            "revenue": 251175,
            "revenue_4q": null,
            "common_shares": 432816,
            "book_valuer_per_share": 9.52,
            "book_valuer_per_share_4q_avg": 9.09,
            "equity": 411999,
            "current_ratio": 180.57,
            "debt_ratio": 65.45,
            "inventory_turnover_ratio": 1.41,
            "account_receivable_turnover_ratio": 0.69,
            "reinvestment_rate": null,
            "research_to_sale_ratio": 2.65,
            "price_fair": 2.64,
            "eps_avg_yearly": 0.88,
            "eps_latest_yearly": 0.88,
            "eps_growth_yearly": -237.04
        },
        "20213": {
            "year_quarter": 20213,
            "year": 2021,
            "quarter": 3,
            "eps": 0.3,
            "eps_growth_year": 114.29,
            "eps_4q": 0.86,
            "eps_4q_growth_year": null,
            "roe": 2.65,
            "roe_4q": 10.379999999999999,
            "gross_profit": 10589,
            "gross_margin": 5.51,
            "gross_margin_4q_avg": 11.05,
            "net_income": 13205,
            "net_income_4q": null,
            "revenue": 192121,
            "revenue_4q": null,
            "common_shares": 508616,
            "book_valuer_per_share": 11.46,
            "book_valuer_per_share_4q_avg": 9.76,
            "equity": 582847,
            "current_ratio": 310.17,
            "debt_ratio": 54.17,
            "inventory_turnover_ratio": 1.1,
            "account_receivable_turnover_ratio": 0.51,
            "reinvestment_rate": null,
            "research_to_sale_ratio": 5.46,
            "price_fair": 3.12,
            "eps_avg_yearly": 1.04,
            "eps_latest_yearly": 1.2,
            "eps_growth_yearly": -45.79
        },
        "20214": {
            "year_quarter": 20214,
            "year": 2021,
            "quarter": 4,
            "eps": 0.66,
            "eps_growth_year": null,
            "eps_4q": 1.56,
            "eps_4q_growth_year": null,
            "roe": 5.64,
            "roe_4q": 16.66,
            "gross_profit": 2637,
            "gross_margin": 1.31,
            "gross_margin_4q_avg": 8.56,
            "net_income": 34244,
            "net_income_4q": null,
            "revenue": 200741,
            "revenue_4q": null,
            "common_shares": 516312,
            "book_valuer_per_share": 12.23,
            "book_valuer_per_share_4q_avg": 10.63,
            "equity": 631408,
            "current_ratio": 301.65,
            "debt_ratio": 47.74,
            "inventory_turnover_ratio": 1.09,
            "account_receivable_turnover_ratio": 0.58,
            "reinvestment_rate": null,
            "research_to_sale_ratio": 6.29,
            "price_fair": 55.07,
            "eps_avg_yearly": 1.57,
            "eps_latest_yearly": 2.64,
            "eps_growth_yearly": 129.47
        },
        "20221": {
            "year_quarter": 20221,
            "year": 2022,
            "quarter": 1,
            "eps": -0.06,
            "eps_growth_year": -111.11,
            "eps_4q": 1.05,
            "eps_4q_growth_year": 1313.11,
            "roe": -0.49,
            "roe_4q": 10.229999999999999,
            "gross_profit": 12551,
            "gross_margin": 6.07,
            "gross_margin_4q_avg": 6.3,
            "net_income": -3068,
            "net_income_4q": null,
            "revenue": 206741,
            "revenue_4q": null,
            "common_shares": 516312,
            "book_valuer_per_share": 12.17,
            "book_valuer_per_share_4q_avg": 11.35,
            "equity": 628340,
            "current_ratio": 333.24,
            "debt_ratio": 46.03,
            "inventory_turnover_ratio": 1.16,
            "account_receivable_turnover_ratio": 0.59,
            "reinvestment_rate": null,
            "research_to_sale_ratio": 4.57,
            "price_fair": 55.07,
            "eps_avg_yearly": 1.57,
            "eps_latest_yearly": 2.64,
            "eps_growth_yearly": 129.47
        },
        "20222": {
            "year_quarter": 20222,
            "year": 2022,
            "quarter": 2,
            "eps": 0.17,
            "eps_growth_year": -22.73,
            "eps_4q": 1.03,
            "eps_4q_growth_year": 21.34,
            "roe": 1.36,
            "roe_4q": 9.16,
            "gross_profit": 9073,
            "gross_margin": 5.82,
            "gross_margin_4q_avg": 4.68,
            "net_income": 8603,
            "net_income_4q": null,
            "revenue": 155960,
            "revenue_4q": null,
            "common_shares": 516312,
            "book_valuer_per_share": 12.34,
            "book_valuer_per_share_4q_avg": 12.05,
            "equity": 636943,
            "current_ratio": 372.78,
            "debt_ratio": 44.18,
            "inventory_turnover_ratio": 1,
            "account_receivable_turnover_ratio": 0.47,
            "reinvestment_rate": null,
            "research_to_sale_ratio": 8.57,
            "price_fair": 55.07,
            "eps_avg_yearly": 1.57,
            "eps_latest_yearly": 2.64,
            "eps_growth_yearly": 129.47
        },
        "20223": {
            "year_quarter": 20223,
            "year": 2022,
            "quarter": 3,
            "eps": -0.5,
            "eps_growth_year": -266.67,
            "eps_4q": 0.27,
            "eps_4q_growth_year": -68.57,
            "roe": -4.13,
            "roe_4q": 2.38,
            "gross_profit": -19320,
            "gross_margin": -15.76,
            "gross_margin_4q_avg": -0.64,
            "net_income": -25796,
            "net_income_4q": null,
            "revenue": 122623,
            "revenue_4q": null,
            "common_shares": 516312,
            "book_valuer_per_share": 11.84,
            "book_valuer_per_share_4q_avg": 12.15,
            "equity": 611147,
            "current_ratio": 499.58,
            "debt_ratio": 41.18,
            "inventory_turnover_ratio": 1.1,
            "account_receivable_turnover_ratio": 0.46,
            "reinvestment_rate": null,
            "research_to_sale_ratio": 6.6,
            "price_fair": 55.07,
            "eps_avg_yearly": 1.57,
            "eps_latest_yearly": 2.64,
            "eps_growth_yearly": 129.47
        },
        "20224": {
            "year_quarter": 20224,
            "year": 2022,
            "quarter": 4,
            "eps": -0.08,
            "eps_growth_year": -111.99,
            "eps_4q": -0.47,
            "eps_4q_growth_year": -130.26,
            "roe": -0.67,
            "roe_4q": -3.9299999999999997,
            "gross_profit": 5510,
            "gross_margin": 4.56,
            "gross_margin_4q_avg": 0.17,
            "net_income": -4105,
            "net_income_4q": null,
            "revenue": 120825,
            "revenue_4q": null,
            "common_shares": 516312,
            "book_valuer_per_share": 11.84,
            "book_valuer_per_share_4q_avg": 12.05,
            "equity": 611237,
            "current_ratio": 514.05,
            "debt_ratio": 41.02,
            "inventory_turnover_ratio": 1.12,
            "account_receivable_turnover_ratio": 0.54,
            "reinvestment_rate": null,
            "research_to_sale_ratio": 6.9,
            "price_fair": 55.07,
            "eps_avg_yearly": 1.57,
            "eps_latest_yearly": 2.64,
            "eps_growth_yearly": 129.47
        },
        "20231": {
            "year_quarter": 20231,
            "year": 2023,
            "quarter": 1,
            "eps": 0.04,
            "eps_growth_year": null,
            "eps_4q": -0.38,
            "eps_4q_growth_year": -135.91,
            "roe": 0.3,
            "roe_4q": -3.1399999999999997,
            "gross_profit": 13087,
            "gross_margin": 10.1,
            "gross_margin_4q_avg": 1.18,
            "net_income": 1813,
            "net_income_4q": null,
            "revenue": 129573,
            "revenue_4q": null,
            "common_shares": 516312,
            "book_valuer_per_share": 11.87,
            "book_valuer_per_share_4q_avg": 11.97,
            "equity": 613050,
            "current_ratio": 515.29,
            "debt_ratio": 41.21,
            "inventory_turnover_ratio": 1.2,
            "account_receivable_turnover_ratio": 0.59,
            "reinvestment_rate": null,
            "research_to_sale_ratio": 7.73,
            "price_fair": 55.07,
            "eps_avg_yearly": 1.57,
            "eps_latest_yearly": 2.64,
            "eps_growth_yearly": 129.47
        },
        "20232": {
            "year_quarter": 20232,
            "year": 2023,
            "quarter": 2,
            "eps": 0.18,
            "eps_growth_year": 5.88,
            "eps_4q": -0.37,
            "eps_4q_growth_year": -135.9,
            "roe": 1.47,
            "roe_4q": -3.03,
            "gross_profit": 8819,
            "gross_margin": 7.44,
            "gross_margin_4q_avg": 1.59,
            "net_income": 9067,
            "net_income_4q": null,
            "revenue": 118606,
            "revenue_4q": null,
            "common_shares": 516312,
            "book_valuer_per_share": 12.05,
            "book_valuer_per_share_4q_avg": 11.9,
            "equity": 622117,
            "current_ratio": 496.71,
            "debt_ratio": 41.51,
            "inventory_turnover_ratio": 1.12,
            "account_receivable_turnover_ratio": 0.58,
            "reinvestment_rate": null,
            "research_to_sale_ratio": 11.39,
            "price_fair": 47.6,
            "eps_avg_yearly": 1.36,
            "eps_latest_yearly": 0.72,
            "eps_growth_yearly": 447.1
        },
        "20233": {
            "year_quarter": 20233,
            "year": 2023,
            "quarter": 3,
            "eps": 0.24,
            "eps_growth_year": null,
            "eps_4q": 0.37,
            "eps_4q_growth_year": 37.01,
            "roe": 1.97,
            "roe_4q": 3.07,
            "gross_profit": 14175,
            "gross_margin": 10.98,
            "gross_margin_4q_avg": 8.27,
            "net_income": 12383,
            "net_income_4q": null,
            "revenue": 129157,
            "revenue_4q": null,
            "common_shares": 516312,
            "book_valuer_per_share": 12.29,
            "book_valuer_per_share_4q_avg": 12.01,
            "equity": 634500,
            "current_ratio": 177.98,
            "debt_ratio": 42.63,
            "inventory_turnover_ratio": 1.04,
            "account_receivable_turnover_ratio": 0.72,
            "reinvestment_rate": null,
            "research_to_sale_ratio": 8.41,
            "price_fair": 44.8,
            "eps_avg_yearly": 1.28,
            "eps_latest_yearly": 0.96,
            "eps_growth_yearly": 384.35
        }
    },
    "months": {
        "2004-06": {
            "month": "2004-06",
            "price": "35.12",
            "revenue": 62639
        },
        "2004-07": {
            "month": "2004-07",
            "price": "35.11",
            "revenue": 72045
        },
        "2004-08": {
            "month": "2004-08",
            "price": "35.47",
            "revenue": 80745
        },
        "2004-09": {
            "month": "2004-09",
            "price": "35.68",
            "revenue": 44611
        },
        "2004-10": {
            "month": "2004-10",
            "price": "33.94",
            "revenue": 49634
        },
        "2004-11": {
            "month": "2004-11",
            "price": "28.74",
            "revenue": 50535
        },
        "2004-12": {
            "month": "2004-12",
            "price": "21.54",
            "revenue": 49787
        },
        "2005-01": {
            "month": "2005-01",
            "price": "19.50",
            "revenue": 52495
        },
        "2005-02": {
            "month": "2005-02",
            "price": "20.14",
            "revenue": 50345
        },
        "2005-03": {
            "month": "2005-03",
            "price": "21.32",
            "revenue": 56850
        },
        "2005-04": {
            "month": "2005-04",
            "price": "22.28",
            "revenue": 60323
        },
        "2005-05": {
            "month": "2005-05",
            "price": "23.21",
            "revenue": 50799
        },
        "2005-06": {
            "month": "2005-06",
            "price": "23.51",
            "revenue": 37835
        },
        "2005-07": {
            "month": "2005-07",
            "price": "22.21",
            "revenue": 58981
        },
        "2005-08": {
            "month": "2005-08",
            "price": "18.83",
            "revenue": 61991
        },
        "2005-09": {
            "month": "2005-09",
            "price": "15.66",
            "revenue": 63395
        },
        "2005-10": {
            "month": "2005-10",
            "price": "15.45",
            "revenue": 67248
        },
        "2005-11": {
            "month": "2005-11",
            "price": "16.47",
            "revenue": 70271
        },
        "2005-12": {
            "month": "2005-12",
            "price": "21.33",
            "revenue": 64968
        },
        "2006-01": {
            "month": "2006-01",
            "price": "25.38",
            "revenue": 52291
        },
        "2006-02": {
            "month": "2006-02",
            "price": "22.48",
            "revenue": 49907
        },
        "2006-03": {
            "month": "2006-03",
            "price": "25.23",
            "revenue": 68748
        },
        "2006-04": {
            "month": "2006-04",
            "price": "50.63",
            "revenue": 77995
        },
        "2006-05": {
            "month": "2006-05",
            "price": "62.21",
            "revenue": 80528
        },
        "2006-06": {
            "month": "2006-06",
            "price": "65.35",
            "revenue": 66915
        },
        "2006-07": {
            "month": "2006-07",
            "price": "51.98",
            "revenue": 67355
        },
        "2006-08": {
            "month": "2006-08",
            "price": "48.41",
            "revenue": 67617
        },
        "2006-09": {
            "month": "2006-09",
            "price": "51.95",
            "revenue": 60632
        },
        "2006-10": {
            "month": "2006-10",
            "price": "46.88",
            "revenue": 61825
        },
        "2006-11": {
            "month": "2006-11",
            "price": "43.30",
            "revenue": 67714
        },
        "2006-12": {
            "month": "2006-12",
            "price": "45.02",
            "revenue": 60821
        },
        "2007-01": {
            "month": "2007-01",
            "price": "45.93",
            "revenue": 60562
        },
        "2007-02": {
            "month": "2007-02",
            "price": "44.35",
            "revenue": 38289
        },
        "2007-03": {
            "month": "2007-03",
            "price": "45.86",
            "revenue": 40167
        },
        "2007-04": {
            "month": "2007-04",
            "price": "46.10",
            "revenue": 70232
        },
        "2007-05": {
            "month": "2007-05",
            "price": "41.96",
            "revenue": 66410
        },
        "2007-06": {
            "month": "2007-06",
            "price": "45.90",
            "revenue": 93294
        },
        "2007-07": {
            "month": "2007-07",
            "price": "60.67",
            "revenue": 90028
        },
        "2007-08": {
            "month": "2007-08",
            "price": "63.64",
            "revenue": 90247
        },
        "2007-09": {
            "month": "2007-09",
            "price": "54.37",
            "revenue": 85087
        },
        "2007-10": {
            "month": "2007-10",
            "price": "48.76",
            "revenue": 95729
        },
        "2007-11": {
            "month": "2007-11",
            "price": "39.12",
            "revenue": 93732
        },
        "2007-12": {
            "month": "2007-12",
            "price": "33.71",
            "revenue": 92529
        },
        "2008-01": {
            "month": "2008-01",
            "price": "33.69",
            "revenue": 76932
        },
        "2008-02": {
            "month": "2008-02",
            "price": "32.02",
            "revenue": 76005
        },
        "2008-03": {
            "month": "2008-03",
            "price": "32.89",
            "revenue": 70911
        },
        "2008-04": {
            "month": "2008-04",
            "price": "31.63",
            "revenue": 89221
        },
        "2008-05": {
            "month": "2008-05",
            "price": "29.85",
            "revenue": 92266
        },
        "2008-06": {
            "month": "2008-06",
            "price": "27.83",
            "revenue": 84584
        },
        "2008-07": {
            "month": "2008-07",
            "price": "17.15",
            "revenue": 87720
        },
        "2008-08": {
            "month": "2008-08",
            "price": "16.30",
            "revenue": 93225
        },
        "2008-09": {
            "month": "2008-09",
            "price": "12.81",
            "revenue": 109261
        },
        "2008-10": {
            "month": "2008-10",
            "price": "9.86",
            "revenue": 90426
        },
        "2008-11": {
            "month": "2008-11",
            "price": "7.97",
            "revenue": 45534
        },
        "2008-12": {
            "month": "2008-12",
            "price": "6.95",
            "revenue": 74929
        },
        "2009-01": {
            "month": "2009-01",
            "price": "7.29",
            "revenue": 40714
        },
        "2009-02": {
            "month": "2009-02",
            "price": "7.81",
            "revenue": 68763
        },
        "2009-03": {
            "month": "2009-03",
            "price": "10.33",
            "revenue": 94460
        },
        "2009-04": {
            "month": "2009-04",
            "price": "13.78",
            "revenue": 97680
        },
        "2009-05": {
            "month": "2009-05",
            "price": "17.47",
            "revenue": 91430
        },
        "2009-06": {
            "month": "2009-06",
            "price": "25.40",
            "revenue": 90205
        },
        "2009-07": {
            "month": "2009-07",
            "price": "26.92",
            "revenue": 102056
        },
        "2009-08": {
            "month": "2009-08",
            "price": "23.32",
            "revenue": 98686
        },
        "2009-09": {
            "month": "2009-09",
            "price": "27.23",
            "revenue": 113823
        },
        "2009-10": {
            "month": "2009-10",
            "price": "37.12",
            "revenue": 146496
        },
        "2009-11": {
            "month": "2009-11",
            "price": "36.19",
            "revenue": 153896
        },
        "2009-12": {
            "month": "2009-12",
            "price": "40.39",
            "revenue": 159579
        },
        "2010-01": {
            "month": "2010-01",
            "price": "37.40",
            "revenue": 147607
        },
        "2010-02": {
            "month": "2010-02",
            "price": "29.70",
            "revenue": 132751
        },
        "2010-03": {
            "month": "2010-03",
            "price": "36.23",
            "revenue": 205293
        },
        "2010-04": {
            "month": "2010-04",
            "price": "37.74",
            "revenue": 200201
        },
        "2010-05": {
            "month": "2010-05",
            "price": "34.23",
            "revenue": 217403
        },
        "2010-06": {
            "month": "2010-06",
            "price": "32.98",
            "revenue": 215943
        },
        "2010-07": {
            "month": "2010-07",
            "price": "32.58",
            "revenue": 256029
        },
        "2010-08": {
            "month": "2010-08",
            "price": "31.63",
            "revenue": 250989
        },
        "2010-09": {
            "month": "2010-09",
            "price": "35.40",
            "revenue": 228663
        },
        "2010-10": {
            "month": "2010-10",
            "price": "36.23",
            "revenue": 197205
        },
        "2010-11": {
            "month": "2010-11",
            "price": "33.44",
            "revenue": 190719
        },
        "2010-12": {
            "month": "2010-12",
            "price": "34.81",
            "revenue": 195110
        },
        "2011-01": {
            "month": "2011-01",
            "price": "35.34",
            "revenue": 205023
        },
        "2011-02": {
            "month": "2011-02",
            "price": "37.62",
            "revenue": 230036
        },
        "2011-03": {
            "month": "2011-03",
            "price": "40.56",
            "revenue": 309067
        },
        "2011-04": {
            "month": "2011-04",
            "price": "38.79",
            "revenue": 292478
        },
        "2011-05": {
            "month": "2011-05",
            "price": "30.35",
            "revenue": 255382
        },
        "2011-06": {
            "month": "2011-06",
            "price": "32.14",
            "revenue": 266484
        },
        "2011-07": {
            "month": "2011-07",
            "price": "28.42",
            "revenue": 292240
        },
        "2011-08": {
            "month": "2011-08",
            "price": "23.55",
            "revenue": 246794
        },
        "2011-09": {
            "month": "2011-09",
            "price": "17.58",
            "revenue": 163307
        },
        "2011-10": {
            "month": "2011-10",
            "price": "16.56",
            "revenue": 183715
        },
        "2011-11": {
            "month": "2011-11",
            "price": "14.03",
            "revenue": 170646
        },
        "2011-12": {
            "month": "2011-12",
            "price": "12.31",
            "revenue": 74253
        },
        "2012-01": {
            "month": "2012-01",
            "price": "13.48",
            "revenue": 135661
        },
        "2012-02": {
            "month": "2012-02",
            "price": "20.64",
            "revenue": 132543
        },
        "2012-03": {
            "month": "2012-03",
            "price": "19.15",
            "revenue": 173556
        },
        "2012-04": {
            "month": "2012-04",
            "price": "16.86",
            "revenue": 183497
        },
        "2012-05": {
            "month": "2012-05",
            "price": "16.79",
            "revenue": 132997
        },
        "2012-06": {
            "month": "2012-06",
            "price": "16.03",
            "revenue": 138022
        },
        "2012-07": {
            "month": "2012-07",
            "price": "14.81",
            "revenue": 129163
        },
        "2012-08": {
            "month": "2012-08",
            "price": "13.62",
            "revenue": 127932
        },
        "2012-09": {
            "month": "2012-09",
            "price": "13.66",
            "revenue": 116668
        },
        "2012-10": {
            "month": "2012-10",
            "price": "12.75",
            "revenue": 130799
        },
        "2012-11": {
            "month": "2012-11",
            "price": "11.81",
            "revenue": 124687
        },
        "2012-12": {
            "month": "2012-12",
            "price": "12.23",
            "revenue": 93862
        },
        "2013-01": {
            "month": "2013-01",
            "price": "13.11",
            "revenue": 152156
        },
        "2013-02": {
            "month": "2013-02",
            "price": "12.70",
            "revenue": 113301
        },
        "2013-03": {
            "month": "2013-03",
            "price": "13.15",
            "revenue": 160353
        },
        "2013-04": {
            "month": "2013-04",
            "price": "11.95",
            "revenue": 171057
        },
        "2013-05": {
            "month": "2013-05",
            "price": "11.96",
            "revenue": 191670
        },
        "2013-06": {
            "month": "2013-06",
            "price": "11.55",
            "revenue": 167055
        },
        "2013-07": {
            "month": "2013-07",
            "price": "10.95",
            "revenue": 167651
        },
        "2013-08": {
            "month": "2013-08",
            "price": "10.18",
            "revenue": 146279
        },
        "2013-09": {
            "month": "2013-09",
            "price": "10.25",
            "revenue": 178159
        },
        "2013-10": {
            "month": "2013-10",
            "price": "11.79",
            "revenue": 151345
        },
        "2013-11": {
            "month": "2013-11",
            "price": "11.63",
            "revenue": 133908
        },
        "2013-12": {
            "month": "2013-12",
            "price": "12.61",
            "revenue": 129871
        },
        "2014-01": {
            "month": "2014-01",
            "price": "16.02",
            "revenue": 125646
        },
        "2014-02": {
            "month": "2014-02",
            "price": "15.16",
            "revenue": 143748
        },
        "2014-03": {
            "month": "2014-03",
            "price": "15.92",
            "revenue": 181203
        },
        "2014-04": {
            "month": "2014-04",
            "price": "14.96",
            "revenue": 182392
        },
        "2014-05": {
            "month": "2014-05",
            "price": "13.19",
            "revenue": 218865
        },
        "2014-06": {
            "month": "2014-06",
            "price": "13.80",
            "revenue": 179312
        },
        "2014-07": {
            "month": "2014-07",
            "price": "14.06",
            "revenue": 169508
        },
        "2014-08": {
            "month": "2014-08",
            "price": "12.78",
            "revenue": 182851
        },
        "2014-09": {
            "month": "2014-09",
            "price": "11.62",
            "revenue": 179841
        },
        "2014-10": {
            "month": "2014-10",
            "price": "9.63",
            "revenue": 155126
        },
        "2014-11": {
            "month": "2014-11",
            "price": "9.28",
            "revenue": 135516
        },
        "2014-12": {
            "month": "2014-12",
            "price": "10.35",
            "revenue": 124025
        },
        "2015-01": {
            "month": "2015-01",
            "price": "10.46",
            "revenue": 106673
        },
        "2015-02": {
            "month": "2015-02",
            "price": "10.15",
            "revenue": 115051
        },
        "2015-03": {
            "month": "2015-03",
            "price": "9.89",
            "revenue": 117115
        },
        "2015-04": {
            "month": "2015-04",
            "price": "8.72",
            "revenue": 106793
        },
        "2015-05": {
            "month": "2015-05",
            "price": "7.33",
            "revenue": 78356
        },
        "2015-06": {
            "month": "2015-06",
            "price": "5.85",
            "revenue": 73884
        },
        "2015-07": {
            "month": "2015-07",
            "price": "4.78",
            "revenue": 86242
        },
        "2015-08": {
            "month": "2015-08",
            "price": "3.88",
            "revenue": 82464
        },
        "2015-09": {
            "month": "2015-09",
            "price": "4.43",
            "revenue": 90980
        },
        "2015-10": {
            "month": "2015-10",
            "price": "4.53",
            "revenue": 74640
        },
        "2015-11": {
            "month": "2015-11",
            "price": "4.17",
            "revenue": 76634
        },
        "2015-12": {
            "month": "2015-12",
            "price": "3.91",
            "revenue": 79159
        },
        "2016-01": {
            "month": "2016-01",
            "price": "3.50",
            "revenue": 67931
        },
        "2016-02": {
            "month": "2016-02",
            "price": "3.51",
            "revenue": 63037
        },
        "2016-03": {
            "month": "2016-03",
            "price": "3.72",
            "revenue": 86393
        },
        "2016-04": {
            "month": "2016-04",
            "price": "2.36",
            "revenue": 84614
        },
        "2016-05": {
            "month": "2016-05",
            "price": "2.11",
            "revenue": 76401
        },
        "2016-06": {
            "month": "2016-06",
            "price": "2.08",
            "revenue": 78107
        },
        "2016-07": {
            "month": "2016-07",
            "price": "2.22",
            "revenue": 74847
        },
        "2016-08": {
            "month": "2016-08",
            "price": "2.16",
            "revenue": 87058
        },
        "2016-09": {
            "month": "2016-09",
            "price": "2.57",
            "revenue": 103668
        },
        "2016-10": {
            "month": "2016-10",
            "price": "6.53",
            "revenue": 73660
        },
        "2016-11": {
            "month": "2016-11",
            "price": "6.08",
            "revenue": 62145
        },
        "2016-12": {
            "month": "2016-12",
            "price": "5.86",
            "revenue": 64835
        },
        "2017-01": {
            "month": "2017-01",
            "price": "5.74",
            "revenue": 61518
        },
        "2017-02": {
            "month": "2017-02",
            "price": "5.52",
            "revenue": 50436
        },
        "2017-03": {
            "month": "2017-03",
            "price": "5.85",
            "revenue": 76169
        },
        "2017-04": {
            "month": "2017-04",
            "price": "5.98",
            "revenue": 61942
        },
        "2017-05": {
            "month": "2017-05",
            "price": "5.58",
            "revenue": 58371
        },
        "2017-06": {
            "month": "2017-06",
            "price": "5.21",
            "revenue": 62382
        },
        "2017-07": {
            "month": "2017-07",
            "price": "5.17",
            "revenue": 60562
        },
        "2017-08": {
            "month": "2017-08",
            "price": "5.50",
            "revenue": 72724
        },
        "2017-09": {
            "month": "2017-09",
            "price": "5.78",
            "revenue": 77881
        },
        "2017-10": {
            "month": "2017-10",
            "price": "5.83",
            "revenue": 67325
        },
        "2017-11": {
            "month": "2017-11",
            "price": "7.80",
            "revenue": 64902
        },
        "2017-12": {
            "month": "2017-12",
            "price": "7.33",
            "revenue": 62567
        },
        "2018-01": {
            "month": "2018-01",
            "price": "8.03",
            "revenue": 71942
        },
        "2018-02": {
            "month": "2018-02",
            "price": "11.41",
            "revenue": 54450
        },
        "2018-03": {
            "month": "2018-03",
            "price": "10.32",
            "revenue": 73129
        },
        "2018-04": {
            "month": "2018-04",
            "price": "9.63",
            "revenue": 56324
        },
        "2018-05": {
            "month": "2018-05",
            "price": "8.33",
            "revenue": 53989
        },
        "2018-06": {
            "month": "2018-06",
            "price": "10.55",
            "revenue": 55175
        },
        "2018-07": {
            "month": "2018-07",
            "price": "9.22",
            "revenue": 58123
        },
        "2018-08": {
            "month": "2018-08",
            "price": "8.67",
            "revenue": 58591
        },
        "2018-09": {
            "month": "2018-09",
            "price": "8.19",
            "revenue": 60582
        },
        "2018-10": {
            "month": "2018-10",
            "price": "6.91",
            "revenue": 58851
        },
        "2018-11": {
            "month": "2018-11",
            "price": "6.28",
            "revenue": 50777
        },
        "2018-12": {
            "month": "2018-12",
            "price": "5.93",
            "revenue": 40384
        },
        "2019-01": {
            "month": "2019-01",
            "price": "5.66",
            "revenue": 53538
        },
        "2019-02": {
            "month": "2019-02",
            "price": "5.66",
            "revenue": 37948
        },
        "2019-03": {
            "month": "2019-03",
            "price": "5.62",
            "revenue": 45957
        },
        "2019-04": {
            "month": "2019-04",
            "price": "5.10",
            "revenue": 53872
        },
        "2019-05": {
            "month": "2019-05",
            "price": "5.05",
            "revenue": 51536
        },
        "2019-06": {
            "month": "2019-06",
            "price": "4.82",
            "revenue": 41682
        },
        "2019-07": {
            "month": "2019-07",
            "price": "5.16",
            "revenue": 50785
        },
        "2019-08": {
            "month": "2019-08",
            "price": "5.13",
            "revenue": 49085
        },
        "2019-09": {
            "month": "2019-09",
            "price": "5.13",
            "revenue": 43073
        },
        "2019-10": {
            "month": "2019-10",
            "price": "5.02",
            "revenue": 46324
        },
        "2019-11": {
            "month": "2019-11",
            "price": "4.65",
            "revenue": 39689
        },
        "2019-12": {
            "month": "2019-12",
            "price": "4.26",
            "revenue": 41613
        },
        "2020-01": {
            "month": "2020-01",
            "price": "4.48",
            "revenue": 38170
        },
        "2020-02": {
            "month": "2020-02",
            "price": "4.38",
            "revenue": 27320
        },
        "2020-03": {
            "month": "2020-03",
            "price": "3.67",
            "revenue": 62074
        },
        "2020-04": {
            "month": "2020-04",
            "price": "2.92",
            "revenue": 53064
        },
        "2020-05": {
            "month": "2020-05",
            "price": "2.81",
            "revenue": 46311
        },
        "2020-06": {
            "month": "2020-06",
            "price": "2.81",
            "revenue": 41435
        },
        "2020-07": {
            "month": "2020-07",
            "price": "3.93",
            "revenue": 70917
        },
        "2020-08": {
            "month": "2020-08",
            "price": "4.03",
            "revenue": 66227
        },
        "2020-09": {
            "month": "2020-09",
            "price": "4.72",
            "revenue": 63220
        },
        "2020-10": {
            "month": "2020-10",
            "price": "9.28",
            "revenue": 53213
        },
        "2020-11": {
            "month": "2020-11",
            "price": "10.88",
            "revenue": 53971
        },
        "2020-12": {
            "month": "2020-12",
            "price": "14.13",
            "revenue": 61058
        },
        "2021-01": {
            "month": "2021-01",
            "price": "15.60",
            "revenue": 66203
        },
        "2021-02": {
            "month": "2021-02",
            "price": "14.65",
            "revenue": 67346
        },
        "2021-03": {
            "month": "2021-03",
            "price": "16.00",
            "revenue": 80473
        },
        "2021-04": {
            "month": "2021-04",
            "price": "16.69",
            "revenue": 90274
        },
        "2021-05": {
            "month": "2021-05",
            "price": "16.90",
            "revenue": 81230
        },
        "2021-06": {
            "month": "2021-06",
            "price": "25.32",
            "revenue": 79671
        },
        "2021-07": {
            "month": "2021-07",
            "price": "25.50",
            "revenue": 61866
        },
        "2021-08": {
            "month": "2021-08",
            "price": "20.86",
            "revenue": 64561
        },
        "2021-09": {
            "month": "2021-09",
            "price": "18.06",
            "revenue": 65694
        },
        "2021-10": {
            "month": "2021-10",
            "price": "17.96",
            "revenue": 66343
        },
        "2021-11": {
            "month": "2021-11",
            "price": "20.60",
            "revenue": 69358
        },
        "2021-12": {
            "month": "2021-12",
            "price": "23.37",
            "revenue": 65040
        },
        "2022-01": {
            "month": "2022-01",
            "price": "20.29",
            "revenue": 75645
        },
        "2022-02": {
            "month": "2022-02",
            "price": "21.59",
            "revenue": 60763
        },
        "2022-03": {
            "month": "2022-03",
            "price": "19.44",
            "revenue": 70333
        },
        "2022-04": {
            "month": "2022-04",
            "price": "17.21",
            "revenue": 61581
        },
        "2022-05": {
            "month": "2022-05",
            "price": "15.62",
            "revenue": 50506
        },
        "2022-06": {
            "month": "2022-06",
            "price": "14.85",
            "revenue": 43873
        },
        "2022-07": {
            "month": "2022-07",
            "price": "12.76",
            "revenue": 41387
        },
        "2022-08": {
            "month": "2022-08",
            "price": "14.27",
            "revenue": 40605
        },
        "2022-09": {
            "month": "2022-09",
            "price": "14.27",
            "revenue": 40631
        },
        "2022-10": {
            "month": "2022-10",
            "price": "13.01",
            "revenue": 41250
        },
        "2022-11": {
            "month": "2022-11",
            "price": "13.01",
            "revenue": 42639
        },
        "2022-12": {
            "month": "2022-12",
            "price": "12.96",
            "revenue": 36936
        },
        "2023-01": {
            "month": "2023-01",
            "price": "12.74",
            "revenue": 38148
        },
        "2023-02": {
            "month": "2023-02",
            "price": "12.71",
            "revenue": 42605
        },
        "2023-03": {
            "month": "2023-03",
            "price": "13.52",
            "revenue": 48820
        },
        "2023-04": {
            "month": "2023-04",
            "price": "13.80",
            "revenue": 37066
        },
        "2023-05": {
            "month": "2023-05",
            "price": "13.41",
            "revenue": 41072
        },
        "2023-06": {
            "month": "2023-06",
            "price": "14.28",
            "revenue": 40468
        },
        "2023-07": {
            "month": "2023-07",
            "price": "15.21",
            "revenue": 40579
        },
        "2023-08": {
            "month": "2023-08",
            "price": "16.11",
            "revenue": 43276
        },
        "2023-09": {
            "month": "2023-09",
            "price": "17.72",
            "revenue": 45302
        },
        "2023-10": {
            "month": "2023-10",
            "price": "18.90",
            "revenue": 42451
        },
        "2023-11": {
            "month": "2023-11",
            "price": "18.84",
            "revenue": 46344
        },
        "2023-12": {
            "month": "2023-12",
            "price": "18.70",
            "revenue": 39196
        }
    }
}
