{
    "summary": {
        "stock_name": "麗清",
        "stock_id": "3346",
        "category": "汽車",
        "main_business": "電子材料批發業<br>國際貿易業(限工廠產品)<br>電子零組件製造業",
        "website_url": "http://www.lastertech.com",
        "ceo": "劉美秀",
        "pe_ratio": 20,
        "report_year_from": 2003,
        "report_year_to": 2023,
        "age": 21,
        "eps_negative_percentage": 0,
        "eps_growth_avg": {
            "last_all": 8.87,
            "last_2y": 43.17,
            "last_4y": -4.77,
            "last_8y": null,
            "last_12y": null,
            "last_16y": null,
            "last_20y": null,
            "at_2006_last_3y": null,
            "at_2007_last_3y": null,
            "at_2008_last_3y": null,
            "at_2009_last_3y": null,
            "at_2010_last_3y": null,
            "at_2011_last_3y": null,
            "at_2012_last_3y": null,
            "at_2013_last_3y": null,
            "at_2014_last_3y": null,
            "at_2015_last_3y": null,
            "at_2016_last_3y": null,
            "at_2017_last_3y": null,
            "at_2018_last_3y": null,
            "at_2019_last_3y": 0.36,
            "at_2020_last_3y": -39.64,
            "at_2021_last_3y": -18.59,
            "at_2022_last_3y": -30.96,
            "at_2023_last_3y": 17.38,
            "at_2024_last_3y": 17.38,
            "at_2006_last_all": null,
            "at_2007_last_all": null,
            "at_2008_last_all": null,
            "at_2009_last_all": null,
            "at_2010_last_all": null,
            "at_2011_last_all": null,
            "at_2012_last_all": null,
            "at_2013_last_all": null,
            "at_2014_last_all": null,
            "at_2015_last_all": null,
            "at_2016_last_all": null,
            "at_2017_last_all": 57.9,
            "at_2018_last_all": 31.6,
            "at_2019_last_all": 0.36,
            "at_2020_last_all": -11.71,
            "at_2021_last_all": 6.91,
            "at_2022_last_all": -4.15,
            "at_2023_last_all": 8.87,
            "at_2024_last_all": 8.87
        },
        "latest_eps": 2.57,
        "latest_price": 51.8,
        "latest_roe": 10.06,
        "latest_gross_margin": 12.07,
        "latest_equity": 3159835,
        "latest_revenue": 2548448,
        "latest_gross_profit": 307697,
        "latest_net_income": 96020,
        "latest_debt_ratio": 67.09,
        "latest_current_ratio": 141.21,
        "latest_account_receivable_turnover_ratio": 0.94,
        "latest_inventory_turnover_ratio": 0.78,
        "latest_reinvestment_rate": 342.5,
        "latest_research_to_sale_ratio": 3.41
    },
    "eps_dividends": {
        "2001": {
            "cash": 0,
            "stock": 0,
            "eps": 0
        },
        "2002": {
            "cash": 0,
            "stock": 0,
            "eps": 0
        },
        "2003": {
            "cash": 0,
            "stock": 0,
            "eps": 0
        },
        "2004": {
            "cash": 0.3,
            "stock": 2.7,
            "eps": 0
        },
        "2005": {
            "cash": 0.12,
            "stock": 0.88,
            "eps": 0
        },
        "2006": {
            "cash": 0,
            "stock": 0,
            "eps": 0
        },
        "2007": {
            "cash": 0,
            "stock": 0,
            "eps": 0
        },
        "2008": {
            "cash": 0,
            "stock": 0,
            "eps": 0
        },
        "2009": {
            "cash": 0,
            "stock": 0,
            "eps": 0
        },
        "2010": {
            "cash": 0,
            "stock": 0,
            "eps": 0
        },
        "2011": {
            "cash": 0,
            "stock": 0,
            "eps": 0
        },
        "2012": {
            "cash": 0,
            "stock": 0,
            "eps": 0
        },
        "2013": {
            "cash": 0.2,
            "stock": 0,
            "eps": 0
        },
        "2014": {
            "cash": 0.3,
            "stock": 0,
            "eps": 0
        },
        "2015": {
            "cash": 0.3,
            "stock": 0,
            "eps": 0.19
        },
        "2016": {
            "cash": 0.5,
            "stock": 0,
            "eps": 3.29
        },
        "2017": {
            "cash": 3,
            "stock": 0,
            "eps": 3.81
        },
        "2018": {
            "cash": 2.5,
            "stock": 0,
            "eps": 3.01
        },
        "2019": {
            "cash": 1.66,
            "stock": 0,
            "eps": 0.2
        },
        "2020": {
            "cash": 0,
            "stock": 0,
            "eps": 0.08
        },
        "2021": {
            "cash": 0.16,
            "stock": 0,
            "eps": 1.05
        },
        "2022": {
            "cash": 0.62,
            "stock": 0,
            "eps": 0.31
        },
        "2023": {
            "cash": 0.3,
            "stock": 0,
            "eps": 1.73
        }
    },
    "dividends": {
        "2004-05-10": {
            "cash": 0.3,
            "stock": 2.7
        },
        "2005-04-28": {
            "cash": 0.12,
            "stock": 0.88
        },
        "2013-03-14": {
            "cash": 0.2,
            "stock": 0
        },
        "2014-06-25": {
            "cash": 0.3,
            "stock": 0
        },
        "2015-11-18": {
            "cash": 0.3,
            "stock": 0
        },
        "2016-11-11": {
            "cash": 0.5,
            "stock": 0
        },
        "2017-09-30": {
            "cash": 3,
            "stock": 0
        },
        "2018-09-14": {
            "cash": 2.5,
            "stock": 0
        },
        "2019-09-30": {
            "cash": 1.66,
            "stock": 0
        },
        "2021-11-16": {
            "cash": 0.16,
            "stock": 0
        },
        "2022-10-04": {
            "cash": 0.62,
            "stock": 0
        },
        "2023-09-27": {
            "cash": 0.3,
            "stock": 0
        }
    },
    "prices": {
        "200101": "無",
        "200102": "無",
        "200103": "無",
        "200104": "無",
        "200105": "無",
        "200106": "無",
        "200107": "無",
        "200108": "無",
        "200109": "無",
        "200110": "無",
        "200111": "無",
        "200112": "無",
        "200201": "無",
        "200202": "無",
        "200203": "無",
        "200204": "無",
        "200205": "無",
        "200206": "無",
        "200207": "無",
        "200208": "無",
        "200209": "無",
        "200210": "無",
        "200211": "無",
        "200212": "無",
        "200301": "無",
        "200302": "無",
        "200303": "無",
        "200304": "無",
        "200305": "無",
        "200306": "無",
        "200307": "無",
        "200308": "無",
        "200309": "無",
        "200310": "無",
        "200311": "無",
        "200312": "無",
        "200401": "無",
        "200402": "無",
        "200403": "無",
        "200404": "無",
        "200405": "無",
        "200406": "無",
        "200407": "無",
        "200408": "無",
        "200409": "21.11",
        "200410": "17.27",
        "200411": "10.63",
        "200412": "9.04",
        "200501": "8.83",
        "200502": "8.33",
        "200503": "7.81",
        "200504": "8.20",
        "200505": "6.59",
        "200506": "5.87",
        "200507": "5.25",
        "200508": "5.71",
        "200509": "5.46",
        "200510": "4.49",
        "200511": "4.45",
        "200512": "5.06",
        "200601": "5.76",
        "200602": "4.65",
        "200603": "4.24",
        "200604": "4.73",
        "200605": "5.68",
        "200606": "6.10",
        "200607": "5.61",
        "200608": "6.18",
        "200609": "6.10",
        "200610": "無",
        "200611": "無",
        "200612": "無",
        "200701": "無",
        "200702": "無",
        "200703": "無",
        "200704": "無",
        "200705": "無",
        "200706": "無",
        "200707": "無",
        "200708": "無",
        "200709": "無",
        "200710": "無",
        "200711": "無",
        "200712": "無",
        "200801": "無",
        "200802": "無",
        "200803": "無",
        "200804": "無",
        "200805": "無",
        "200806": "無",
        "200807": "無",
        "200808": "無",
        "200809": "無",
        "200810": "無",
        "200811": "無",
        "200812": "無",
        "200901": "無",
        "200902": "無",
        "200903": "無",
        "200904": "無",
        "200905": "無",
        "200906": "無",
        "200907": "無",
        "200908": "無",
        "200909": "無",
        "200910": "無",
        "200911": "無",
        "200912": "無",
        "201001": "無",
        "201002": "無",
        "201003": "無",
        "201004": "無",
        "201005": "無",
        "201006": "無",
        "201007": "無",
        "201008": "無",
        "201009": "無",
        "201010": "無",
        "201011": "無",
        "201012": "無",
        "201101": "無",
        "201102": "無",
        "201103": "無",
        "201104": "無",
        "201105": "無",
        "201106": "無",
        "201107": "無",
        "201108": "無",
        "201109": "無",
        "201110": "無",
        "201111": "無",
        "201112": "無",
        "201201": "無",
        "201202": "無",
        "201203": "無",
        "201204": "無",
        "201205": "無",
        "201206": "無",
        "201207": "無",
        "201208": "無",
        "201209": "無",
        "201210": "無",
        "201211": "無",
        "201212": "15.29",
        "201301": "15.02",
        "201302": "15.56",
        "201303": "18.35",
        "201304": "19.04",
        "201305": "18.59",
        "201306": "18.71",
        "201307": "18.47",
        "201308": "18.02",
        "201309": "17.47",
        "201310": "17.56",
        "201311": "18.50",
        "201312": "19.66",
        "201401": "25.06",
        "201402": "31.45",
        "201403": "36.65",
        "201404": "37.50",
        "201405": "35.44",
        "201406": "32.34",
        "201407": "26.18",
        "201408": "25.73",
        "201409": "26.58",
        "201410": "22.98",
        "201411": "21.63",
        "201412": "21.60",
        "201501": "22.87",
        "201502": "23.01",
        "201503": "24.63",
        "201504": "27.19",
        "201505": "28.62",
        "201506": "26.34",
        "201507": "24.54",
        "201508": "20.06",
        "201509": "20.08",
        "201510": "21.88",
        "201511": "21.39",
        "201512": "21.89",
        "201601": "23.44",
        "201602": "23.38",
        "201603": "24.75",
        "201604": "24.00",
        "201605": "24.50",
        "201606": "29.60",
        "201607": "33.78",
        "201608": "34.45",
        "201609": "36.19",
        "201610": "39.43",
        "201611": "38.62",
        "201612": "49.22",
        "201701": "77.52",
        "201702": "86.67",
        "201703": "105.51",
        "201704": "107.76",
        "201705": "104.12",
        "201706": "93.41",
        "201707": "78.12",
        "201708": "77.82",
        "201709": "83.89",
        "201710": "82.16",
        "201711": "74.74",
        "201712": "70.12",
        "201801": "74.96",
        "201802": "67.40",
        "201803": "69.74",
        "201804": "67.61",
        "201805": "58.32",
        "201806": "58.72",
        "201807": "58.23",
        "201808": "59.00",
        "201809": "47.99",
        "201810": "36.64",
        "201811": "34.66",
        "201812": "37.03",
        "201901": "35.36",
        "201902": "37.16",
        "201903": "35.56",
        "201904": "41.53",
        "201905": "35.77",
        "201906": "34.25",
        "201907": "35.63",
        "201908": "33.16",
        "201909": "32.60",
        "201910": "32.58",
        "201911": "31.22",
        "201912": "30.33",
        "202001": "29.86",
        "202002": "26.84",
        "202003": "20.78",
        "202004": "22.63",
        "202005": "25.54",
        "202006": "25.64",
        "202007": "26.18",
        "202008": "27.14",
        "202009": "31.30",
        "202010": "36.32",
        "202011": "41.00",
        "202012": "43.24",
        "202101": "47.62",
        "202102": "46.29",
        "202103": "53.64",
        "202104": "59.82",
        "202105": "44.36",
        "202106": "44.89",
        "202107": "49.18",
        "202108": "43.60",
        "202109": "39.36",
        "202110": "38.58",
        "202111": "43.92",
        "202112": "44.80",
        "202201": "42.02",
        "202202": "42.49",
        "202203": "37.85",
        "202204": "34.48",
        "202205": "30.70",
        "202206": "31.51",
        "202207": "30.13",
        "202208": "36.85",
        "202209": "40.45",
        "202210": "32.40",
        "202211": "31.46",
        "202212": "36.88",
        "202301": "36.16",
        "202302": "38.22",
        "202303": "41.87",
        "202304": "40.77",
        "202305": "39.79",
        "202306": "46.28",
        "202307": "52.23",
        "202308": "46.78",
        "202309": "48.25",
        "202310": "50.94",
        "202311": "46.98",
        "202312": "49.27"
    },
    "quarters": {
        "20011": {
            "year_quarter": 20011,
            "year": 2001,
            "quarter": 1,
            "eps": null,
            "eps_growth_year": null,
            "eps_4q": null,
            "eps_4q_growth_year": null,
            "roe": null,
            "roe_4q": 0,
            "gross_profit": null,
            "gross_margin": null,
            "gross_margin_4q_avg": 0,
            "net_income": null,
            "net_income_4q": null,
            "revenue": null,
            "revenue_4q": null,
            "common_shares": null,
            "book_valuer_per_share": null,
            "book_valuer_per_share_4q_avg": 0,
            "equity": null,
            "current_ratio": null,
            "debt_ratio": null,
            "inventory_turnover_ratio": null,
            "account_receivable_turnover_ratio": null,
            "reinvestment_rate": null,
            "research_to_sale_ratio": null,
            "price_fair": 0,
            "eps_avg_yearly": 0,
            "eps_latest_yearly": 0,
            "eps_growth_yearly": 0
        },
        "20012": {
            "year_quarter": 20012,
            "year": 2001,
            "quarter": 2,
            "eps": null,
            "eps_growth_year": null,
            "eps_4q": null,
            "eps_4q_growth_year": null,
            "roe": null,
            "roe_4q": 0,
            "gross_profit": null,
            "gross_margin": null,
            "gross_margin_4q_avg": 0,
            "net_income": null,
            "net_income_4q": null,
            "revenue": null,
            "revenue_4q": null,
            "common_shares": null,
            "book_valuer_per_share": null,
            "book_valuer_per_share_4q_avg": 0,
            "equity": null,
            "current_ratio": null,
            "debt_ratio": null,
            "inventory_turnover_ratio": null,
            "account_receivable_turnover_ratio": null,
            "reinvestment_rate": null,
            "research_to_sale_ratio": null,
            "price_fair": 0,
            "eps_avg_yearly": 0,
            "eps_latest_yearly": 0,
            "eps_growth_yearly": 0
        },
        "20013": {
            "year_quarter": 20013,
            "year": 2001,
            "quarter": 3,
            "eps": null,
            "eps_growth_year": null,
            "eps_4q": null,
            "eps_4q_growth_year": null,
            "roe": null,
            "roe_4q": 0,
            "gross_profit": null,
            "gross_margin": null,
            "gross_margin_4q_avg": 0,
            "net_income": null,
            "net_income_4q": null,
            "revenue": null,
            "revenue_4q": null,
            "common_shares": null,
            "book_valuer_per_share": null,
            "book_valuer_per_share_4q_avg": 0,
            "equity": null,
            "current_ratio": null,
            "debt_ratio": null,
            "inventory_turnover_ratio": null,
            "account_receivable_turnover_ratio": null,
            "reinvestment_rate": null,
            "research_to_sale_ratio": null,
            "price_fair": 0,
            "eps_avg_yearly": 0,
            "eps_latest_yearly": 0,
            "eps_growth_yearly": 0
        },
        "20014": {
            "year_quarter": 20014,
            "year": 2001,
            "quarter": 4,
            "eps": null,
            "eps_growth_year": null,
            "eps_4q": null,
            "eps_4q_growth_year": null,
            "roe": null,
            "roe_4q": 0,
            "gross_profit": null,
            "gross_margin": null,
            "gross_margin_4q_avg": 0,
            "net_income": null,
            "net_income_4q": null,
            "revenue": null,
            "revenue_4q": null,
            "common_shares": null,
            "book_valuer_per_share": null,
            "book_valuer_per_share_4q_avg": 0,
            "equity": null,
            "current_ratio": null,
            "debt_ratio": null,
            "inventory_turnover_ratio": null,
            "account_receivable_turnover_ratio": null,
            "reinvestment_rate": null,
            "research_to_sale_ratio": null,
            "price_fair": 0,
            "eps_avg_yearly": 0,
            "eps_latest_yearly": 0,
            "eps_growth_yearly": 0
        },
        "20021": {
            "year_quarter": 20021,
            "year": 2002,
            "quarter": 1,
            "eps": null,
            "eps_growth_year": null,
            "eps_4q": null,
            "eps_4q_growth_year": null,
            "roe": null,
            "roe_4q": 0,
            "gross_profit": null,
            "gross_margin": null,
            "gross_margin_4q_avg": 0,
            "net_income": null,
            "net_income_4q": null,
            "revenue": null,
            "revenue_4q": null,
            "common_shares": null,
            "book_valuer_per_share": null,
            "book_valuer_per_share_4q_avg": 0,
            "equity": null,
            "current_ratio": null,
            "debt_ratio": null,
            "inventory_turnover_ratio": null,
            "account_receivable_turnover_ratio": null,
            "reinvestment_rate": null,
            "research_to_sale_ratio": null,
            "price_fair": 0,
            "eps_avg_yearly": 0,
            "eps_latest_yearly": 0,
            "eps_growth_yearly": 0
        },
        "20022": {
            "year_quarter": 20022,
            "year": 2002,
            "quarter": 2,
            "eps": null,
            "eps_growth_year": null,
            "eps_4q": null,
            "eps_4q_growth_year": null,
            "roe": null,
            "roe_4q": 0,
            "gross_profit": null,
            "gross_margin": null,
            "gross_margin_4q_avg": 0,
            "net_income": null,
            "net_income_4q": null,
            "revenue": null,
            "revenue_4q": null,
            "common_shares": null,
            "book_valuer_per_share": null,
            "book_valuer_per_share_4q_avg": 0,
            "equity": null,
            "current_ratio": null,
            "debt_ratio": null,
            "inventory_turnover_ratio": null,
            "account_receivable_turnover_ratio": null,
            "reinvestment_rate": null,
            "research_to_sale_ratio": null,
            "price_fair": 0,
            "eps_avg_yearly": 0,
            "eps_latest_yearly": 0,
            "eps_growth_yearly": 0
        },
        "20023": {
            "year_quarter": 20023,
            "year": 2002,
            "quarter": 3,
            "eps": null,
            "eps_growth_year": null,
            "eps_4q": null,
            "eps_4q_growth_year": null,
            "roe": null,
            "roe_4q": 0,
            "gross_profit": null,
            "gross_margin": null,
            "gross_margin_4q_avg": 0,
            "net_income": null,
            "net_income_4q": null,
            "revenue": null,
            "revenue_4q": null,
            "common_shares": null,
            "book_valuer_per_share": null,
            "book_valuer_per_share_4q_avg": 0,
            "equity": null,
            "current_ratio": null,
            "debt_ratio": null,
            "inventory_turnover_ratio": null,
            "account_receivable_turnover_ratio": null,
            "reinvestment_rate": null,
            "research_to_sale_ratio": null,
            "price_fair": 0,
            "eps_avg_yearly": 0,
            "eps_latest_yearly": 0,
            "eps_growth_yearly": 0
        },
        "20024": {
            "year_quarter": 20024,
            "year": 2002,
            "quarter": 4,
            "eps": null,
            "eps_growth_year": null,
            "eps_4q": null,
            "eps_4q_growth_year": null,
            "roe": null,
            "roe_4q": 0,
            "gross_profit": null,
            "gross_margin": null,
            "gross_margin_4q_avg": 0,
            "net_income": null,
            "net_income_4q": null,
            "revenue": null,
            "revenue_4q": null,
            "common_shares": null,
            "book_valuer_per_share": null,
            "book_valuer_per_share_4q_avg": 0,
            "equity": null,
            "current_ratio": null,
            "debt_ratio": null,
            "inventory_turnover_ratio": null,
            "account_receivable_turnover_ratio": null,
            "reinvestment_rate": null,
            "research_to_sale_ratio": null,
            "price_fair": 0,
            "eps_avg_yearly": 0,
            "eps_latest_yearly": 0,
            "eps_growth_yearly": 0
        },
        "20031": {
            "year_quarter": 20031,
            "year": 2003,
            "quarter": 1,
            "eps": null,
            "eps_growth_year": null,
            "eps_4q": null,
            "eps_4q_growth_year": null,
            "roe": null,
            "roe_4q": 0,
            "gross_profit": null,
            "gross_margin": null,
            "gross_margin_4q_avg": 0,
            "net_income": null,
            "net_income_4q": null,
            "revenue": null,
            "revenue_4q": null,
            "common_shares": null,
            "book_valuer_per_share": null,
            "book_valuer_per_share_4q_avg": 0,
            "equity": null,
            "current_ratio": null,
            "debt_ratio": null,
            "inventory_turnover_ratio": null,
            "account_receivable_turnover_ratio": null,
            "reinvestment_rate": null,
            "research_to_sale_ratio": null,
            "price_fair": 0,
            "eps_avg_yearly": 0,
            "eps_latest_yearly": 0,
            "eps_growth_yearly": 0
        },
        "20032": {
            "year_quarter": 20032,
            "year": 2003,
            "quarter": 2,
            "eps": null,
            "eps_growth_year": null,
            "eps_4q": null,
            "eps_4q_growth_year": null,
            "roe": null,
            "roe_4q": 0,
            "gross_profit": null,
            "gross_margin": null,
            "gross_margin_4q_avg": 0,
            "net_income": null,
            "net_income_4q": null,
            "revenue": null,
            "revenue_4q": null,
            "common_shares": null,
            "book_valuer_per_share": null,
            "book_valuer_per_share_4q_avg": 0,
            "equity": null,
            "current_ratio": null,
            "debt_ratio": null,
            "inventory_turnover_ratio": null,
            "account_receivable_turnover_ratio": null,
            "reinvestment_rate": null,
            "research_to_sale_ratio": null,
            "price_fair": 0,
            "eps_avg_yearly": 0,
            "eps_latest_yearly": 0,
            "eps_growth_yearly": 0
        },
        "20033": {
            "year_quarter": 20033,
            "year": 2003,
            "quarter": 3,
            "eps": null,
            "eps_growth_year": null,
            "eps_4q": null,
            "eps_4q_growth_year": null,
            "roe": null,
            "roe_4q": 0,
            "gross_profit": null,
            "gross_margin": null,
            "gross_margin_4q_avg": 0,
            "net_income": null,
            "net_income_4q": null,
            "revenue": null,
            "revenue_4q": null,
            "common_shares": null,
            "book_valuer_per_share": null,
            "book_valuer_per_share_4q_avg": 0,
            "equity": null,
            "current_ratio": null,
            "debt_ratio": null,
            "inventory_turnover_ratio": null,
            "account_receivable_turnover_ratio": null,
            "reinvestment_rate": null,
            "research_to_sale_ratio": null,
            "price_fair": 0,
            "eps_avg_yearly": 0,
            "eps_latest_yearly": 0,
            "eps_growth_yearly": 0
        },
        "20034": {
            "year_quarter": 20034,
            "year": 2003,
            "quarter": 4,
            "eps": null,
            "eps_growth_year": null,
            "eps_4q": null,
            "eps_4q_growth_year": null,
            "roe": null,
            "roe_4q": 0,
            "gross_profit": null,
            "gross_margin": null,
            "gross_margin_4q_avg": 0,
            "net_income": null,
            "net_income_4q": null,
            "revenue": null,
            "revenue_4q": null,
            "common_shares": null,
            "book_valuer_per_share": null,
            "book_valuer_per_share_4q_avg": 0,
            "equity": null,
            "current_ratio": null,
            "debt_ratio": null,
            "inventory_turnover_ratio": null,
            "account_receivable_turnover_ratio": null,
            "reinvestment_rate": null,
            "research_to_sale_ratio": null,
            "price_fair": 0,
            "eps_avg_yearly": 0,
            "eps_latest_yearly": 0,
            "eps_growth_yearly": 0
        },
        "20041": {
            "year_quarter": 20041,
            "year": 2004,
            "quarter": 1,
            "eps": null,
            "eps_growth_year": null,
            "eps_4q": null,
            "eps_4q_growth_year": null,
            "roe": null,
            "roe_4q": 0,
            "gross_profit": null,
            "gross_margin": null,
            "gross_margin_4q_avg": 0,
            "net_income": null,
            "net_income_4q": null,
            "revenue": null,
            "revenue_4q": null,
            "common_shares": null,
            "book_valuer_per_share": null,
            "book_valuer_per_share_4q_avg": 0,
            "equity": null,
            "current_ratio": null,
            "debt_ratio": null,
            "inventory_turnover_ratio": null,
            "account_receivable_turnover_ratio": null,
            "reinvestment_rate": null,
            "research_to_sale_ratio": null,
            "price_fair": 0,
            "eps_avg_yearly": 0,
            "eps_latest_yearly": 0,
            "eps_growth_yearly": 0
        },
        "20042": {
            "year_quarter": 20042,
            "year": 2004,
            "quarter": 2,
            "eps": null,
            "eps_growth_year": null,
            "eps_4q": null,
            "eps_4q_growth_year": null,
            "roe": null,
            "roe_4q": 0,
            "gross_profit": null,
            "gross_margin": null,
            "gross_margin_4q_avg": 0,
            "net_income": null,
            "net_income_4q": null,
            "revenue": null,
            "revenue_4q": null,
            "common_shares": null,
            "book_valuer_per_share": null,
            "book_valuer_per_share_4q_avg": 0,
            "equity": null,
            "current_ratio": null,
            "debt_ratio": null,
            "inventory_turnover_ratio": null,
            "account_receivable_turnover_ratio": null,
            "reinvestment_rate": null,
            "research_to_sale_ratio": null,
            "price_fair": 0,
            "eps_avg_yearly": 0,
            "eps_latest_yearly": 0,
            "eps_growth_yearly": 0
        },
        "20043": {
            "year_quarter": 20043,
            "year": 2004,
            "quarter": 3,
            "eps": null,
            "eps_growth_year": null,
            "eps_4q": null,
            "eps_4q_growth_year": null,
            "roe": null,
            "roe_4q": 0,
            "gross_profit": null,
            "gross_margin": null,
            "gross_margin_4q_avg": 0,
            "net_income": null,
            "net_income_4q": null,
            "revenue": null,
            "revenue_4q": null,
            "common_shares": null,
            "book_valuer_per_share": null,
            "book_valuer_per_share_4q_avg": 0,
            "equity": null,
            "current_ratio": null,
            "debt_ratio": null,
            "inventory_turnover_ratio": null,
            "account_receivable_turnover_ratio": null,
            "reinvestment_rate": null,
            "research_to_sale_ratio": null,
            "price_fair": 0,
            "eps_avg_yearly": 0,
            "eps_latest_yearly": 0,
            "eps_growth_yearly": 0
        },
        "20044": {
            "year_quarter": 20044,
            "year": 2004,
            "quarter": 4,
            "eps": null,
            "eps_growth_year": null,
            "eps_4q": null,
            "eps_4q_growth_year": null,
            "roe": null,
            "roe_4q": 0,
            "gross_profit": null,
            "gross_margin": null,
            "gross_margin_4q_avg": 0,
            "net_income": null,
            "net_income_4q": null,
            "revenue": null,
            "revenue_4q": null,
            "common_shares": null,
            "book_valuer_per_share": null,
            "book_valuer_per_share_4q_avg": 0,
            "equity": null,
            "current_ratio": null,
            "debt_ratio": null,
            "inventory_turnover_ratio": null,
            "account_receivable_turnover_ratio": null,
            "reinvestment_rate": null,
            "research_to_sale_ratio": null,
            "price_fair": 0,
            "eps_avg_yearly": 0,
            "eps_latest_yearly": 0,
            "eps_growth_yearly": 0
        },
        "20051": {
            "year_quarter": 20051,
            "year": 2005,
            "quarter": 1,
            "eps": null,
            "eps_growth_year": null,
            "eps_4q": null,
            "eps_4q_growth_year": null,
            "roe": null,
            "roe_4q": 0,
            "gross_profit": null,
            "gross_margin": null,
            "gross_margin_4q_avg": 0,
            "net_income": null,
            "net_income_4q": null,
            "revenue": null,
            "revenue_4q": null,
            "common_shares": null,
            "book_valuer_per_share": null,
            "book_valuer_per_share_4q_avg": 0,
            "equity": null,
            "current_ratio": null,
            "debt_ratio": null,
            "inventory_turnover_ratio": null,
            "account_receivable_turnover_ratio": null,
            "reinvestment_rate": null,
            "research_to_sale_ratio": null,
            "price_fair": 0,
            "eps_avg_yearly": 0,
            "eps_latest_yearly": 0,
            "eps_growth_yearly": 0
        },
        "20052": {
            "year_quarter": 20052,
            "year": 2005,
            "quarter": 2,
            "eps": null,
            "eps_growth_year": null,
            "eps_4q": null,
            "eps_4q_growth_year": null,
            "roe": null,
            "roe_4q": 0,
            "gross_profit": null,
            "gross_margin": null,
            "gross_margin_4q_avg": 0,
            "net_income": null,
            "net_income_4q": null,
            "revenue": null,
            "revenue_4q": null,
            "common_shares": null,
            "book_valuer_per_share": null,
            "book_valuer_per_share_4q_avg": 0,
            "equity": null,
            "current_ratio": null,
            "debt_ratio": null,
            "inventory_turnover_ratio": null,
            "account_receivable_turnover_ratio": null,
            "reinvestment_rate": null,
            "research_to_sale_ratio": null,
            "price_fair": 0,
            "eps_avg_yearly": 0,
            "eps_latest_yearly": 0,
            "eps_growth_yearly": 0
        },
        "20053": {
            "year_quarter": 20053,
            "year": 2005,
            "quarter": 3,
            "eps": null,
            "eps_growth_year": null,
            "eps_4q": null,
            "eps_4q_growth_year": null,
            "roe": null,
            "roe_4q": 0,
            "gross_profit": null,
            "gross_margin": null,
            "gross_margin_4q_avg": 0,
            "net_income": null,
            "net_income_4q": null,
            "revenue": null,
            "revenue_4q": null,
            "common_shares": null,
            "book_valuer_per_share": null,
            "book_valuer_per_share_4q_avg": 0,
            "equity": null,
            "current_ratio": null,
            "debt_ratio": null,
            "inventory_turnover_ratio": null,
            "account_receivable_turnover_ratio": null,
            "reinvestment_rate": null,
            "research_to_sale_ratio": null,
            "price_fair": 0,
            "eps_avg_yearly": 0,
            "eps_latest_yearly": 0,
            "eps_growth_yearly": 0
        },
        "20054": {
            "year_quarter": 20054,
            "year": 2005,
            "quarter": 4,
            "eps": null,
            "eps_growth_year": null,
            "eps_4q": null,
            "eps_4q_growth_year": null,
            "roe": null,
            "roe_4q": 0,
            "gross_profit": null,
            "gross_margin": null,
            "gross_margin_4q_avg": 0,
            "net_income": null,
            "net_income_4q": null,
            "revenue": null,
            "revenue_4q": null,
            "common_shares": null,
            "book_valuer_per_share": null,
            "book_valuer_per_share_4q_avg": 0,
            "equity": null,
            "current_ratio": null,
            "debt_ratio": null,
            "inventory_turnover_ratio": null,
            "account_receivable_turnover_ratio": null,
            "reinvestment_rate": null,
            "research_to_sale_ratio": null,
            "price_fair": 0,
            "eps_avg_yearly": 0,
            "eps_latest_yearly": 0,
            "eps_growth_yearly": 0
        },
        "20061": {
            "year_quarter": 20061,
            "year": 2006,
            "quarter": 1,
            "eps": null,
            "eps_growth_year": null,
            "eps_4q": null,
            "eps_4q_growth_year": null,
            "roe": null,
            "roe_4q": 0,
            "gross_profit": null,
            "gross_margin": null,
            "gross_margin_4q_avg": 0,
            "net_income": null,
            "net_income_4q": null,
            "revenue": null,
            "revenue_4q": null,
            "common_shares": null,
            "book_valuer_per_share": null,
            "book_valuer_per_share_4q_avg": 0,
            "equity": null,
            "current_ratio": null,
            "debt_ratio": null,
            "inventory_turnover_ratio": null,
            "account_receivable_turnover_ratio": null,
            "reinvestment_rate": null,
            "research_to_sale_ratio": null,
            "price_fair": 0,
            "eps_avg_yearly": 0,
            "eps_latest_yearly": 0,
            "eps_growth_yearly": 0
        },
        "20062": {
            "year_quarter": 20062,
            "year": 2006,
            "quarter": 2,
            "eps": null,
            "eps_growth_year": null,
            "eps_4q": null,
            "eps_4q_growth_year": null,
            "roe": null,
            "roe_4q": 0,
            "gross_profit": null,
            "gross_margin": null,
            "gross_margin_4q_avg": 0,
            "net_income": null,
            "net_income_4q": null,
            "revenue": null,
            "revenue_4q": null,
            "common_shares": null,
            "book_valuer_per_share": null,
            "book_valuer_per_share_4q_avg": 0,
            "equity": null,
            "current_ratio": null,
            "debt_ratio": null,
            "inventory_turnover_ratio": null,
            "account_receivable_turnover_ratio": null,
            "reinvestment_rate": null,
            "research_to_sale_ratio": null,
            "price_fair": 0,
            "eps_avg_yearly": 0,
            "eps_latest_yearly": 0,
            "eps_growth_yearly": 0
        },
        "20063": {
            "year_quarter": 20063,
            "year": 2006,
            "quarter": 3,
            "eps": null,
            "eps_growth_year": null,
            "eps_4q": null,
            "eps_4q_growth_year": null,
            "roe": null,
            "roe_4q": 0,
            "gross_profit": null,
            "gross_margin": null,
            "gross_margin_4q_avg": 0,
            "net_income": null,
            "net_income_4q": null,
            "revenue": null,
            "revenue_4q": null,
            "common_shares": null,
            "book_valuer_per_share": null,
            "book_valuer_per_share_4q_avg": 0,
            "equity": null,
            "current_ratio": null,
            "debt_ratio": null,
            "inventory_turnover_ratio": null,
            "account_receivable_turnover_ratio": null,
            "reinvestment_rate": null,
            "research_to_sale_ratio": null,
            "price_fair": 0,
            "eps_avg_yearly": 0,
            "eps_latest_yearly": 0,
            "eps_growth_yearly": 0
        },
        "20064": {
            "year_quarter": 20064,
            "year": 2006,
            "quarter": 4,
            "eps": null,
            "eps_growth_year": null,
            "eps_4q": null,
            "eps_4q_growth_year": null,
            "roe": null,
            "roe_4q": 0,
            "gross_profit": null,
            "gross_margin": null,
            "gross_margin_4q_avg": 0,
            "net_income": null,
            "net_income_4q": null,
            "revenue": null,
            "revenue_4q": null,
            "common_shares": null,
            "book_valuer_per_share": null,
            "book_valuer_per_share_4q_avg": 0,
            "equity": null,
            "current_ratio": null,
            "debt_ratio": null,
            "inventory_turnover_ratio": null,
            "account_receivable_turnover_ratio": null,
            "reinvestment_rate": null,
            "research_to_sale_ratio": null,
            "price_fair": 0,
            "eps_avg_yearly": 0,
            "eps_latest_yearly": 0,
            "eps_growth_yearly": 0
        },
        "20071": {
            "year_quarter": 20071,
            "year": 2007,
            "quarter": 1,
            "eps": null,
            "eps_growth_year": null,
            "eps_4q": null,
            "eps_4q_growth_year": null,
            "roe": null,
            "roe_4q": 0,
            "gross_profit": null,
            "gross_margin": null,
            "gross_margin_4q_avg": 0,
            "net_income": null,
            "net_income_4q": null,
            "revenue": null,
            "revenue_4q": null,
            "common_shares": null,
            "book_valuer_per_share": null,
            "book_valuer_per_share_4q_avg": 0,
            "equity": null,
            "current_ratio": null,
            "debt_ratio": null,
            "inventory_turnover_ratio": null,
            "account_receivable_turnover_ratio": null,
            "reinvestment_rate": null,
            "research_to_sale_ratio": null,
            "price_fair": 0,
            "eps_avg_yearly": 0,
            "eps_latest_yearly": 0,
            "eps_growth_yearly": 0
        },
        "20072": {
            "year_quarter": 20072,
            "year": 2007,
            "quarter": 2,
            "eps": null,
            "eps_growth_year": null,
            "eps_4q": null,
            "eps_4q_growth_year": null,
            "roe": null,
            "roe_4q": 0,
            "gross_profit": null,
            "gross_margin": null,
            "gross_margin_4q_avg": 0,
            "net_income": null,
            "net_income_4q": null,
            "revenue": null,
            "revenue_4q": null,
            "common_shares": null,
            "book_valuer_per_share": null,
            "book_valuer_per_share_4q_avg": 0,
            "equity": null,
            "current_ratio": null,
            "debt_ratio": null,
            "inventory_turnover_ratio": null,
            "account_receivable_turnover_ratio": null,
            "reinvestment_rate": null,
            "research_to_sale_ratio": null,
            "price_fair": 0,
            "eps_avg_yearly": 0,
            "eps_latest_yearly": 0,
            "eps_growth_yearly": 0
        },
        "20073": {
            "year_quarter": 20073,
            "year": 2007,
            "quarter": 3,
            "eps": null,
            "eps_growth_year": null,
            "eps_4q": null,
            "eps_4q_growth_year": null,
            "roe": null,
            "roe_4q": 0,
            "gross_profit": null,
            "gross_margin": null,
            "gross_margin_4q_avg": 0,
            "net_income": null,
            "net_income_4q": null,
            "revenue": null,
            "revenue_4q": null,
            "common_shares": null,
            "book_valuer_per_share": null,
            "book_valuer_per_share_4q_avg": 0,
            "equity": null,
            "current_ratio": null,
            "debt_ratio": null,
            "inventory_turnover_ratio": null,
            "account_receivable_turnover_ratio": null,
            "reinvestment_rate": null,
            "research_to_sale_ratio": null,
            "price_fair": 0,
            "eps_avg_yearly": 0,
            "eps_latest_yearly": 0,
            "eps_growth_yearly": 0
        },
        "20074": {
            "year_quarter": 20074,
            "year": 2007,
            "quarter": 4,
            "eps": null,
            "eps_growth_year": null,
            "eps_4q": null,
            "eps_4q_growth_year": null,
            "roe": null,
            "roe_4q": 0,
            "gross_profit": null,
            "gross_margin": null,
            "gross_margin_4q_avg": 0,
            "net_income": null,
            "net_income_4q": null,
            "revenue": null,
            "revenue_4q": null,
            "common_shares": null,
            "book_valuer_per_share": null,
            "book_valuer_per_share_4q_avg": 0,
            "equity": null,
            "current_ratio": null,
            "debt_ratio": null,
            "inventory_turnover_ratio": null,
            "account_receivable_turnover_ratio": null,
            "reinvestment_rate": null,
            "research_to_sale_ratio": null,
            "price_fair": 0,
            "eps_avg_yearly": 0,
            "eps_latest_yearly": 0,
            "eps_growth_yearly": 0
        },
        "20081": {
            "year_quarter": 20081,
            "year": 2008,
            "quarter": 1,
            "eps": null,
            "eps_growth_year": null,
            "eps_4q": null,
            "eps_4q_growth_year": null,
            "roe": null,
            "roe_4q": 0,
            "gross_profit": null,
            "gross_margin": null,
            "gross_margin_4q_avg": 0,
            "net_income": null,
            "net_income_4q": null,
            "revenue": null,
            "revenue_4q": null,
            "common_shares": null,
            "book_valuer_per_share": null,
            "book_valuer_per_share_4q_avg": 0,
            "equity": null,
            "current_ratio": null,
            "debt_ratio": null,
            "inventory_turnover_ratio": null,
            "account_receivable_turnover_ratio": null,
            "reinvestment_rate": null,
            "research_to_sale_ratio": null,
            "price_fair": 0,
            "eps_avg_yearly": 0,
            "eps_latest_yearly": 0,
            "eps_growth_yearly": 0
        },
        "20082": {
            "year_quarter": 20082,
            "year": 2008,
            "quarter": 2,
            "eps": null,
            "eps_growth_year": null,
            "eps_4q": null,
            "eps_4q_growth_year": null,
            "roe": null,
            "roe_4q": 0,
            "gross_profit": null,
            "gross_margin": null,
            "gross_margin_4q_avg": 0,
            "net_income": null,
            "net_income_4q": null,
            "revenue": null,
            "revenue_4q": null,
            "common_shares": null,
            "book_valuer_per_share": null,
            "book_valuer_per_share_4q_avg": 0,
            "equity": null,
            "current_ratio": null,
            "debt_ratio": null,
            "inventory_turnover_ratio": null,
            "account_receivable_turnover_ratio": null,
            "reinvestment_rate": null,
            "research_to_sale_ratio": null,
            "price_fair": 0,
            "eps_avg_yearly": 0,
            "eps_latest_yearly": 0,
            "eps_growth_yearly": 0
        },
        "20083": {
            "year_quarter": 20083,
            "year": 2008,
            "quarter": 3,
            "eps": null,
            "eps_growth_year": null,
            "eps_4q": null,
            "eps_4q_growth_year": null,
            "roe": null,
            "roe_4q": 0,
            "gross_profit": null,
            "gross_margin": null,
            "gross_margin_4q_avg": 0,
            "net_income": null,
            "net_income_4q": null,
            "revenue": null,
            "revenue_4q": null,
            "common_shares": null,
            "book_valuer_per_share": null,
            "book_valuer_per_share_4q_avg": 0,
            "equity": null,
            "current_ratio": null,
            "debt_ratio": null,
            "inventory_turnover_ratio": null,
            "account_receivable_turnover_ratio": null,
            "reinvestment_rate": null,
            "research_to_sale_ratio": null,
            "price_fair": 0,
            "eps_avg_yearly": 0,
            "eps_latest_yearly": 0,
            "eps_growth_yearly": 0
        },
        "20084": {
            "year_quarter": 20084,
            "year": 2008,
            "quarter": 4,
            "eps": null,
            "eps_growth_year": null,
            "eps_4q": null,
            "eps_4q_growth_year": null,
            "roe": null,
            "roe_4q": 0,
            "gross_profit": null,
            "gross_margin": null,
            "gross_margin_4q_avg": 0,
            "net_income": null,
            "net_income_4q": null,
            "revenue": null,
            "revenue_4q": null,
            "common_shares": null,
            "book_valuer_per_share": null,
            "book_valuer_per_share_4q_avg": 0,
            "equity": null,
            "current_ratio": null,
            "debt_ratio": null,
            "inventory_turnover_ratio": null,
            "account_receivable_turnover_ratio": null,
            "reinvestment_rate": null,
            "research_to_sale_ratio": null,
            "price_fair": 0,
            "eps_avg_yearly": 0,
            "eps_latest_yearly": 0,
            "eps_growth_yearly": 0
        },
        "20091": {
            "year_quarter": 20091,
            "year": 2009,
            "quarter": 1,
            "eps": null,
            "eps_growth_year": null,
            "eps_4q": null,
            "eps_4q_growth_year": null,
            "roe": null,
            "roe_4q": 0,
            "gross_profit": null,
            "gross_margin": null,
            "gross_margin_4q_avg": 0,
            "net_income": null,
            "net_income_4q": null,
            "revenue": null,
            "revenue_4q": null,
            "common_shares": null,
            "book_valuer_per_share": null,
            "book_valuer_per_share_4q_avg": 0,
            "equity": null,
            "current_ratio": null,
            "debt_ratio": null,
            "inventory_turnover_ratio": null,
            "account_receivable_turnover_ratio": null,
            "reinvestment_rate": null,
            "research_to_sale_ratio": null,
            "price_fair": 0,
            "eps_avg_yearly": 0,
            "eps_latest_yearly": 0,
            "eps_growth_yearly": 0
        },
        "20092": {
            "year_quarter": 20092,
            "year": 2009,
            "quarter": 2,
            "eps": null,
            "eps_growth_year": null,
            "eps_4q": null,
            "eps_4q_growth_year": null,
            "roe": null,
            "roe_4q": 0,
            "gross_profit": null,
            "gross_margin": null,
            "gross_margin_4q_avg": 0,
            "net_income": null,
            "net_income_4q": null,
            "revenue": null,
            "revenue_4q": null,
            "common_shares": null,
            "book_valuer_per_share": null,
            "book_valuer_per_share_4q_avg": 0,
            "equity": null,
            "current_ratio": null,
            "debt_ratio": null,
            "inventory_turnover_ratio": null,
            "account_receivable_turnover_ratio": null,
            "reinvestment_rate": null,
            "research_to_sale_ratio": null,
            "price_fair": 0,
            "eps_avg_yearly": 0,
            "eps_latest_yearly": 0,
            "eps_growth_yearly": 0
        },
        "20093": {
            "year_quarter": 20093,
            "year": 2009,
            "quarter": 3,
            "eps": null,
            "eps_growth_year": null,
            "eps_4q": null,
            "eps_4q_growth_year": null,
            "roe": null,
            "roe_4q": 0,
            "gross_profit": null,
            "gross_margin": null,
            "gross_margin_4q_avg": 0,
            "net_income": null,
            "net_income_4q": null,
            "revenue": null,
            "revenue_4q": null,
            "common_shares": null,
            "book_valuer_per_share": null,
            "book_valuer_per_share_4q_avg": 0,
            "equity": null,
            "current_ratio": null,
            "debt_ratio": null,
            "inventory_turnover_ratio": null,
            "account_receivable_turnover_ratio": null,
            "reinvestment_rate": null,
            "research_to_sale_ratio": null,
            "price_fair": 0,
            "eps_avg_yearly": 0,
            "eps_latest_yearly": 0,
            "eps_growth_yearly": 0
        },
        "20094": {
            "year_quarter": 20094,
            "year": 2009,
            "quarter": 4,
            "eps": null,
            "eps_growth_year": null,
            "eps_4q": null,
            "eps_4q_growth_year": null,
            "roe": null,
            "roe_4q": 0,
            "gross_profit": null,
            "gross_margin": null,
            "gross_margin_4q_avg": 0,
            "net_income": null,
            "net_income_4q": null,
            "revenue": null,
            "revenue_4q": null,
            "common_shares": null,
            "book_valuer_per_share": null,
            "book_valuer_per_share_4q_avg": 0,
            "equity": null,
            "current_ratio": null,
            "debt_ratio": null,
            "inventory_turnover_ratio": null,
            "account_receivable_turnover_ratio": null,
            "reinvestment_rate": null,
            "research_to_sale_ratio": null,
            "price_fair": 0,
            "eps_avg_yearly": 0,
            "eps_latest_yearly": 0,
            "eps_growth_yearly": 0
        },
        "20101": {
            "year_quarter": 20101,
            "year": 2010,
            "quarter": 1,
            "eps": null,
            "eps_growth_year": null,
            "eps_4q": null,
            "eps_4q_growth_year": null,
            "roe": null,
            "roe_4q": 0,
            "gross_profit": null,
            "gross_margin": null,
            "gross_margin_4q_avg": 0,
            "net_income": null,
            "net_income_4q": null,
            "revenue": null,
            "revenue_4q": null,
            "common_shares": null,
            "book_valuer_per_share": null,
            "book_valuer_per_share_4q_avg": 0,
            "equity": null,
            "current_ratio": null,
            "debt_ratio": null,
            "inventory_turnover_ratio": null,
            "account_receivable_turnover_ratio": null,
            "reinvestment_rate": null,
            "research_to_sale_ratio": null,
            "price_fair": 0,
            "eps_avg_yearly": 0,
            "eps_latest_yearly": 0,
            "eps_growth_yearly": 0
        },
        "20102": {
            "year_quarter": 20102,
            "year": 2010,
            "quarter": 2,
            "eps": null,
            "eps_growth_year": null,
            "eps_4q": null,
            "eps_4q_growth_year": null,
            "roe": null,
            "roe_4q": 0,
            "gross_profit": null,
            "gross_margin": null,
            "gross_margin_4q_avg": 0,
            "net_income": null,
            "net_income_4q": null,
            "revenue": null,
            "revenue_4q": null,
            "common_shares": null,
            "book_valuer_per_share": null,
            "book_valuer_per_share_4q_avg": 0,
            "equity": null,
            "current_ratio": null,
            "debt_ratio": null,
            "inventory_turnover_ratio": null,
            "account_receivable_turnover_ratio": null,
            "reinvestment_rate": null,
            "research_to_sale_ratio": null,
            "price_fair": 0,
            "eps_avg_yearly": 0,
            "eps_latest_yearly": 0,
            "eps_growth_yearly": 0
        },
        "20103": {
            "year_quarter": 20103,
            "year": 2010,
            "quarter": 3,
            "eps": null,
            "eps_growth_year": null,
            "eps_4q": null,
            "eps_4q_growth_year": null,
            "roe": null,
            "roe_4q": 0,
            "gross_profit": null,
            "gross_margin": null,
            "gross_margin_4q_avg": 0,
            "net_income": null,
            "net_income_4q": null,
            "revenue": null,
            "revenue_4q": null,
            "common_shares": null,
            "book_valuer_per_share": null,
            "book_valuer_per_share_4q_avg": 0,
            "equity": null,
            "current_ratio": null,
            "debt_ratio": null,
            "inventory_turnover_ratio": null,
            "account_receivable_turnover_ratio": null,
            "reinvestment_rate": null,
            "research_to_sale_ratio": null,
            "price_fair": 0,
            "eps_avg_yearly": 0,
            "eps_latest_yearly": 0,
            "eps_growth_yearly": 0
        },
        "20104": {
            "year_quarter": 20104,
            "year": 2010,
            "quarter": 4,
            "eps": null,
            "eps_growth_year": null,
            "eps_4q": null,
            "eps_4q_growth_year": null,
            "roe": null,
            "roe_4q": 0,
            "gross_profit": null,
            "gross_margin": null,
            "gross_margin_4q_avg": 0,
            "net_income": null,
            "net_income_4q": null,
            "revenue": null,
            "revenue_4q": null,
            "common_shares": 429546,
            "book_valuer_per_share": null,
            "book_valuer_per_share_4q_avg": 0,
            "equity": 413646,
            "current_ratio": null,
            "debt_ratio": null,
            "inventory_turnover_ratio": null,
            "account_receivable_turnover_ratio": null,
            "reinvestment_rate": null,
            "research_to_sale_ratio": null,
            "price_fair": 0,
            "eps_avg_yearly": 0,
            "eps_latest_yearly": 0,
            "eps_growth_yearly": 0
        },
        "20111": {
            "year_quarter": 20111,
            "year": 2011,
            "quarter": 1,
            "eps": null,
            "eps_growth_year": null,
            "eps_4q": null,
            "eps_4q_growth_year": null,
            "roe": null,
            "roe_4q": 0,
            "gross_profit": null,
            "gross_margin": null,
            "gross_margin_4q_avg": 0,
            "net_income": null,
            "net_income_4q": null,
            "revenue": null,
            "revenue_4q": null,
            "common_shares": null,
            "book_valuer_per_share": null,
            "book_valuer_per_share_4q_avg": 0,
            "equity": null,
            "current_ratio": null,
            "debt_ratio": null,
            "inventory_turnover_ratio": null,
            "account_receivable_turnover_ratio": null,
            "reinvestment_rate": null,
            "research_to_sale_ratio": null,
            "price_fair": 0,
            "eps_avg_yearly": 0,
            "eps_latest_yearly": 0,
            "eps_growth_yearly": 0
        },
        "20112": {
            "year_quarter": 20112,
            "year": 2011,
            "quarter": 2,
            "eps": null,
            "eps_growth_year": null,
            "eps_4q": null,
            "eps_4q_growth_year": null,
            "roe": null,
            "roe_4q": 0,
            "gross_profit": null,
            "gross_margin": null,
            "gross_margin_4q_avg": 0,
            "net_income": null,
            "net_income_4q": null,
            "revenue": null,
            "revenue_4q": null,
            "common_shares": 475000,
            "book_valuer_per_share": null,
            "book_valuer_per_share_4q_avg": 0,
            "equity": 494135,
            "current_ratio": null,
            "debt_ratio": null,
            "inventory_turnover_ratio": null,
            "account_receivable_turnover_ratio": null,
            "reinvestment_rate": null,
            "research_to_sale_ratio": null,
            "price_fair": 0,
            "eps_avg_yearly": 0,
            "eps_latest_yearly": 0,
            "eps_growth_yearly": 0
        },
        "20113": {
            "year_quarter": 20113,
            "year": 2011,
            "quarter": 3,
            "eps": null,
            "eps_growth_year": null,
            "eps_4q": null,
            "eps_4q_growth_year": null,
            "roe": null,
            "roe_4q": 0,
            "gross_profit": null,
            "gross_margin": null,
            "gross_margin_4q_avg": 0,
            "net_income": null,
            "net_income_4q": null,
            "revenue": null,
            "revenue_4q": null,
            "common_shares": null,
            "book_valuer_per_share": null,
            "book_valuer_per_share_4q_avg": 0,
            "equity": null,
            "current_ratio": null,
            "debt_ratio": null,
            "inventory_turnover_ratio": null,
            "account_receivable_turnover_ratio": null,
            "reinvestment_rate": null,
            "research_to_sale_ratio": null,
            "price_fair": 0,
            "eps_avg_yearly": 0,
            "eps_latest_yearly": 0,
            "eps_growth_yearly": 0
        },
        "20114": {
            "year_quarter": 20114,
            "year": 2011,
            "quarter": 4,
            "eps": null,
            "eps_growth_year": null,
            "eps_4q": null,
            "eps_4q_growth_year": null,
            "roe": null,
            "roe_4q": 0,
            "gross_profit": null,
            "gross_margin": null,
            "gross_margin_4q_avg": 0,
            "net_income": null,
            "net_income_4q": null,
            "revenue": null,
            "revenue_4q": null,
            "common_shares": 475000,
            "book_valuer_per_share": 11.58,
            "book_valuer_per_share_4q_avg": 2.9,
            "equity": 550118,
            "current_ratio": 167.33,
            "debt_ratio": 51.09,
            "inventory_turnover_ratio": null,
            "account_receivable_turnover_ratio": null,
            "reinvestment_rate": null,
            "research_to_sale_ratio": null,
            "price_fair": 0,
            "eps_avg_yearly": 0,
            "eps_latest_yearly": 0,
            "eps_growth_yearly": 0
        },
        "20121": {
            "year_quarter": 20121,
            "year": 2012,
            "quarter": 1,
            "eps": null,
            "eps_growth_year": null,
            "eps_4q": null,
            "eps_4q_growth_year": null,
            "roe": null,
            "roe_4q": 0,
            "gross_profit": null,
            "gross_margin": null,
            "gross_margin_4q_avg": 0,
            "net_income": null,
            "net_income_4q": null,
            "revenue": null,
            "revenue_4q": null,
            "common_shares": null,
            "book_valuer_per_share": null,
            "book_valuer_per_share_4q_avg": 2.9,
            "equity": null,
            "current_ratio": null,
            "debt_ratio": null,
            "inventory_turnover_ratio": null,
            "account_receivable_turnover_ratio": null,
            "reinvestment_rate": null,
            "research_to_sale_ratio": null,
            "price_fair": 0,
            "eps_avg_yearly": 0,
            "eps_latest_yearly": 0,
            "eps_growth_yearly": 0
        },
        "20122": {
            "year_quarter": 20122,
            "year": 2012,
            "quarter": 2,
            "eps": null,
            "eps_growth_year": null,
            "eps_4q": null,
            "eps_4q_growth_year": null,
            "roe": null,
            "roe_4q": 0,
            "gross_profit": null,
            "gross_margin": null,
            "gross_margin_4q_avg": 0,
            "net_income": null,
            "net_income_4q": null,
            "revenue": null,
            "revenue_4q": null,
            "common_shares": 492000,
            "book_valuer_per_share": 11.7,
            "book_valuer_per_share_4q_avg": 5.82,
            "equity": 575550,
            "current_ratio": 167.61,
            "debt_ratio": 51.36,
            "inventory_turnover_ratio": null,
            "account_receivable_turnover_ratio": null,
            "reinvestment_rate": null,
            "research_to_sale_ratio": null,
            "price_fair": 0,
            "eps_avg_yearly": 0,
            "eps_latest_yearly": 0,
            "eps_growth_yearly": 0
        },
        "20123": {
            "year_quarter": 20123,
            "year": 2012,
            "quarter": 3,
            "eps": null,
            "eps_growth_year": null,
            "eps_4q": null,
            "eps_4q_growth_year": null,
            "roe": null,
            "roe_4q": 0,
            "gross_profit": null,
            "gross_margin": null,
            "gross_margin_4q_avg": 0,
            "net_income": null,
            "net_income_4q": null,
            "revenue": null,
            "revenue_4q": null,
            "common_shares": null,
            "book_valuer_per_share": null,
            "book_valuer_per_share_4q_avg": 5.82,
            "equity": null,
            "current_ratio": null,
            "debt_ratio": null,
            "inventory_turnover_ratio": null,
            "account_receivable_turnover_ratio": null,
            "reinvestment_rate": null,
            "research_to_sale_ratio": null,
            "price_fair": 0,
            "eps_avg_yearly": 0,
            "eps_latest_yearly": 0,
            "eps_growth_yearly": 0
        },
        "20124": {
            "year_quarter": 20124,
            "year": 2012,
            "quarter": 4,
            "eps": null,
            "eps_growth_year": null,
            "eps_4q": null,
            "eps_4q_growth_year": null,
            "roe": null,
            "roe_4q": 0,
            "gross_profit": null,
            "gross_margin": null,
            "gross_margin_4q_avg": 0,
            "net_income": null,
            "net_income_4q": null,
            "revenue": null,
            "revenue_4q": null,
            "common_shares": 501840,
            "book_valuer_per_share": 11.44,
            "book_valuer_per_share_4q_avg": 5.79,
            "equity": 574294,
            "current_ratio": 137.3,
            "debt_ratio": 55.02,
            "inventory_turnover_ratio": null,
            "account_receivable_turnover_ratio": null,
            "reinvestment_rate": null,
            "research_to_sale_ratio": null,
            "price_fair": 0,
            "eps_avg_yearly": 0,
            "eps_latest_yearly": 0,
            "eps_growth_yearly": 0
        },
        "20131": {
            "year_quarter": 20131,
            "year": 2013,
            "quarter": 1,
            "eps": null,
            "eps_growth_year": null,
            "eps_4q": null,
            "eps_4q_growth_year": null,
            "roe": null,
            "roe_4q": 0,
            "gross_profit": null,
            "gross_margin": null,
            "gross_margin_4q_avg": 0,
            "net_income": null,
            "net_income_4q": null,
            "revenue": null,
            "revenue_4q": null,
            "common_shares": null,
            "book_valuer_per_share": null,
            "book_valuer_per_share_4q_avg": 5.79,
            "equity": null,
            "current_ratio": null,
            "debt_ratio": null,
            "inventory_turnover_ratio": null,
            "account_receivable_turnover_ratio": null,
            "reinvestment_rate": null,
            "research_to_sale_ratio": null,
            "price_fair": 0,
            "eps_avg_yearly": 0,
            "eps_latest_yearly": 0,
            "eps_growth_yearly": 0
        },
        "20132": {
            "year_quarter": 20132,
            "year": 2013,
            "quarter": 2,
            "eps": null,
            "eps_growth_year": null,
            "eps_4q": null,
            "eps_4q_growth_year": null,
            "roe": null,
            "roe_4q": 0,
            "gross_profit": null,
            "gross_margin": null,
            "gross_margin_4q_avg": 0,
            "net_income": null,
            "net_income_4q": null,
            "revenue": null,
            "revenue_4q": null,
            "common_shares": 501840,
            "book_valuer_per_share": 12.97,
            "book_valuer_per_share_4q_avg": 6.1,
            "equity": 650774,
            "current_ratio": 133.02,
            "debt_ratio": 57.3,
            "inventory_turnover_ratio": null,
            "account_receivable_turnover_ratio": null,
            "reinvestment_rate": null,
            "research_to_sale_ratio": null,
            "price_fair": 0,
            "eps_avg_yearly": 0,
            "eps_latest_yearly": 0,
            "eps_growth_yearly": 0
        },
        "20133": {
            "year_quarter": 20133,
            "year": 2013,
            "quarter": 3,
            "eps": null,
            "eps_growth_year": null,
            "eps_4q": null,
            "eps_4q_growth_year": null,
            "roe": null,
            "roe_4q": 0,
            "gross_profit": null,
            "gross_margin": null,
            "gross_margin_4q_avg": 0,
            "net_income": null,
            "net_income_4q": null,
            "revenue": null,
            "revenue_4q": null,
            "common_shares": null,
            "book_valuer_per_share": null,
            "book_valuer_per_share_4q_avg": 6.1,
            "equity": null,
            "current_ratio": null,
            "debt_ratio": null,
            "inventory_turnover_ratio": null,
            "account_receivable_turnover_ratio": null,
            "reinvestment_rate": null,
            "research_to_sale_ratio": null,
            "price_fair": 0,
            "eps_avg_yearly": 0,
            "eps_latest_yearly": 0,
            "eps_growth_yearly": 0
        },
        "20134": {
            "year_quarter": 20134,
            "year": 2013,
            "quarter": 4,
            "eps": null,
            "eps_growth_year": null,
            "eps_4q": null,
            "eps_4q_growth_year": null,
            "roe": null,
            "roe_4q": 0,
            "gross_profit": null,
            "gross_margin": null,
            "gross_margin_4q_avg": 0,
            "net_income": null,
            "net_income_4q": null,
            "revenue": null,
            "revenue_4q": null,
            "common_shares": 501840,
            "book_valuer_per_share": 13.51,
            "book_valuer_per_share_4q_avg": 6.62,
            "equity": 678110,
            "current_ratio": 129.56,
            "debt_ratio": 61.64,
            "inventory_turnover_ratio": null,
            "account_receivable_turnover_ratio": null,
            "reinvestment_rate": null,
            "research_to_sale_ratio": null,
            "price_fair": 0,
            "eps_avg_yearly": 0,
            "eps_latest_yearly": 0,
            "eps_growth_yearly": 0
        },
        "20141": {
            "year_quarter": 20141,
            "year": 2014,
            "quarter": 1,
            "eps": null,
            "eps_growth_year": null,
            "eps_4q": null,
            "eps_4q_growth_year": null,
            "roe": null,
            "roe_4q": 0,
            "gross_profit": null,
            "gross_margin": null,
            "gross_margin_4q_avg": 0,
            "net_income": null,
            "net_income_4q": null,
            "revenue": null,
            "revenue_4q": null,
            "common_shares": null,
            "book_valuer_per_share": null,
            "book_valuer_per_share_4q_avg": 6.62,
            "equity": null,
            "current_ratio": null,
            "debt_ratio": null,
            "inventory_turnover_ratio": null,
            "account_receivable_turnover_ratio": null,
            "reinvestment_rate": null,
            "research_to_sale_ratio": null,
            "price_fair": 0,
            "eps_avg_yearly": 0,
            "eps_latest_yearly": 0,
            "eps_growth_yearly": 0
        },
        "20142": {
            "year_quarter": 20142,
            "year": 2014,
            "quarter": 2,
            "eps": null,
            "eps_growth_year": null,
            "eps_4q": null,
            "eps_4q_growth_year": null,
            "roe": null,
            "roe_4q": 0,
            "gross_profit": null,
            "gross_margin": null,
            "gross_margin_4q_avg": 0,
            "net_income": null,
            "net_income_4q": null,
            "revenue": null,
            "revenue_4q": null,
            "common_shares": 551840,
            "book_valuer_per_share": 13.58,
            "book_valuer_per_share_4q_avg": 6.77,
            "equity": 749512,
            "current_ratio": 141.28,
            "debt_ratio": 57.44,
            "inventory_turnover_ratio": null,
            "account_receivable_turnover_ratio": null,
            "reinvestment_rate": null,
            "research_to_sale_ratio": null,
            "price_fair": 0,
            "eps_avg_yearly": 0,
            "eps_latest_yearly": 0,
            "eps_growth_yearly": 0
        },
        "20143": {
            "year_quarter": 20143,
            "year": 2014,
            "quarter": 3,
            "eps": null,
            "eps_growth_year": null,
            "eps_4q": null,
            "eps_4q_growth_year": null,
            "roe": null,
            "roe_4q": 0,
            "gross_profit": null,
            "gross_margin": null,
            "gross_margin_4q_avg": 0,
            "net_income": null,
            "net_income_4q": null,
            "revenue": null,
            "revenue_4q": null,
            "common_shares": null,
            "book_valuer_per_share": null,
            "book_valuer_per_share_4q_avg": 6.77,
            "equity": null,
            "current_ratio": null,
            "debt_ratio": null,
            "inventory_turnover_ratio": null,
            "account_receivable_turnover_ratio": null,
            "reinvestment_rate": null,
            "research_to_sale_ratio": null,
            "price_fair": 0,
            "eps_avg_yearly": 0,
            "eps_latest_yearly": 0,
            "eps_growth_yearly": 0
        },
        "20144": {
            "year_quarter": 20144,
            "year": 2014,
            "quarter": 4,
            "eps": null,
            "eps_growth_year": null,
            "eps_4q": null,
            "eps_4q_growth_year": null,
            "roe": null,
            "roe_4q": 0,
            "gross_profit": null,
            "gross_margin": null,
            "gross_margin_4q_avg": 0,
            "net_income": null,
            "net_income_4q": null,
            "revenue": null,
            "revenue_4q": null,
            "common_shares": 551840,
            "book_valuer_per_share": 15.62,
            "book_valuer_per_share_4q_avg": 7.3,
            "equity": 861900,
            "current_ratio": 136.73,
            "debt_ratio": 63.55,
            "inventory_turnover_ratio": null,
            "account_receivable_turnover_ratio": null,
            "reinvestment_rate": null,
            "research_to_sale_ratio": null,
            "price_fair": 0,
            "eps_avg_yearly": 0,
            "eps_latest_yearly": 0,
            "eps_growth_yearly": 0
        },
        "20151": {
            "year_quarter": 20151,
            "year": 2015,
            "quarter": 1,
            "eps": null,
            "eps_growth_year": null,
            "eps_4q": null,
            "eps_4q_growth_year": null,
            "roe": null,
            "roe_4q": 0,
            "gross_profit": 152778,
            "gross_margin": null,
            "gross_margin_4q_avg": 0,
            "net_income": 46680,
            "net_income_4q": null,
            "revenue": 684622,
            "revenue_4q": null,
            "common_shares": 551840,
            "book_valuer_per_share": 16.3,
            "book_valuer_per_share_4q_avg": 11.38,
            "equity": 899630,
            "current_ratio": 138.28,
            "debt_ratio": 64.28,
            "inventory_turnover_ratio": null,
            "account_receivable_turnover_ratio": null,
            "reinvestment_rate": null,
            "research_to_sale_ratio": null,
            "price_fair": 0,
            "eps_avg_yearly": 0,
            "eps_latest_yearly": 0,
            "eps_growth_yearly": 0
        },
        "20152": {
            "year_quarter": 20152,
            "year": 2015,
            "quarter": 2,
            "eps": 0.19,
            "eps_growth_year": null,
            "eps_4q": null,
            "eps_4q_growth_year": null,
            "roe": 1.17,
            "roe_4q": 1.17,
            "gross_profit": 126329,
            "gross_margin": 19.12,
            "gross_margin_4q_avg": 4.78,
            "net_income": 10379,
            "net_income_4q": null,
            "revenue": 660583,
            "revenue_4q": null,
            "common_shares": 551840,
            "book_valuer_per_share": 15.93,
            "book_valuer_per_share_4q_avg": 11.96,
            "equity": 879330,
            "current_ratio": 136.34,
            "debt_ratio": 65.59,
            "inventory_turnover_ratio": 0.95,
            "account_receivable_turnover_ratio": 1.18,
            "reinvestment_rate": null,
            "research_to_sale_ratio": null,
            "price_fair": 0,
            "eps_avg_yearly": 0,
            "eps_latest_yearly": 0,
            "eps_growth_yearly": 0
        },
        "20153": {
            "year_quarter": 20153,
            "year": 2015,
            "quarter": 3,
            "eps": null,
            "eps_growth_year": null,
            "eps_4q": null,
            "eps_4q_growth_year": null,
            "roe": null,
            "roe_4q": 1.17,
            "gross_profit": 84857,
            "gross_margin": null,
            "gross_margin_4q_avg": 4.78,
            "net_income": 2462,
            "net_income_4q": null,
            "revenue": 613454,
            "revenue_4q": null,
            "common_shares": 551840,
            "book_valuer_per_share": 16.79,
            "book_valuer_per_share_4q_avg": 16.16,
            "equity": 926555,
            "current_ratio": 137.66,
            "debt_ratio": 65.01,
            "inventory_turnover_ratio": null,
            "account_receivable_turnover_ratio": null,
            "reinvestment_rate": null,
            "research_to_sale_ratio": null,
            "price_fair": 0,
            "eps_avg_yearly": 0,
            "eps_latest_yearly": 0,
            "eps_growth_yearly": 0
        },
        "20154": {
            "year_quarter": 20154,
            "year": 2015,
            "quarter": 4,
            "eps": null,
            "eps_growth_year": null,
            "eps_4q": null,
            "eps_4q_growth_year": null,
            "roe": null,
            "roe_4q": 1.17,
            "gross_profit": 88179,
            "gross_margin": null,
            "gross_margin_4q_avg": 4.78,
            "net_income": 10821,
            "net_income_4q": null,
            "revenue": 781382,
            "revenue_4q": null,
            "common_shares": 601840,
            "book_valuer_per_share": 16.4,
            "book_valuer_per_share_4q_avg": 16.36,
            "equity": 987245,
            "current_ratio": 139.92,
            "debt_ratio": 62.46,
            "inventory_turnover_ratio": null,
            "account_receivable_turnover_ratio": null,
            "reinvestment_rate": null,
            "research_to_sale_ratio": null,
            "price_fair": 0,
            "eps_avg_yearly": 0,
            "eps_latest_yearly": 0,
            "eps_growth_yearly": 0
        },
        "20161": {
            "year_quarter": 20161,
            "year": 2016,
            "quarter": 1,
            "eps": 0.53,
            "eps_growth_year": null,
            "eps_4q": 0.7,
            "eps_4q_growth_year": null,
            "roe": 3.19,
            "roe_4q": 4.359999999999999,
            "gross_profit": 117235,
            "gross_margin": 17.3,
            "gross_margin_4q_avg": 9.11,
            "net_income": 31855,
            "net_income_4q": null,
            "revenue": 677477,
            "revenue_4q": null,
            "common_shares": 601840,
            "book_valuer_per_share": 16.82,
            "book_valuer_per_share_4q_avg": 16.49,
            "equity": 1012538,
            "current_ratio": 139.48,
            "debt_ratio": 62.64,
            "inventory_turnover_ratio": 1,
            "account_receivable_turnover_ratio": 0.56,
            "reinvestment_rate": null,
            "research_to_sale_ratio": 4.7,
            "price_fair": 0,
            "eps_avg_yearly": 0,
            "eps_latest_yearly": 0,
            "eps_growth_yearly": 0
        },
        "20162": {
            "year_quarter": 20162,
            "year": 2016,
            "quarter": 2,
            "eps": 0.77,
            "eps_growth_year": 309.4,
            "eps_4q": 1.3,
            "eps_4q_growth_year": null,
            "roe": 4.6,
            "roe_4q": 7.789999999999999,
            "gross_profit": 159373,
            "gross_margin": 19.35,
            "gross_margin_4q_avg": 9.16,
            "net_income": 46182,
            "net_income_4q": null,
            "revenue": 823552,
            "revenue_4q": null,
            "common_shares": 601840,
            "book_valuer_per_share": 16.55,
            "book_valuer_per_share_4q_avg": 16.64,
            "equity": 995798,
            "current_ratio": 136.19,
            "debt_ratio": 63.66,
            "inventory_turnover_ratio": 1.15,
            "account_receivable_turnover_ratio": 0.67,
            "reinvestment_rate": null,
            "research_to_sale_ratio": 3.61,
            "price_fair": 107.8,
            "eps_avg_yearly": 3.08,
            "eps_latest_yearly": 3.08,
            "eps_growth_yearly": 181.13
        },
        "20163": {
            "year_quarter": 20163,
            "year": 2016,
            "quarter": 3,
            "eps": 0.55,
            "eps_growth_year": null,
            "eps_4q": 1.85,
            "eps_4q_growth_year": null,
            "roe": 3.33,
            "roe_4q": 11.12,
            "gross_profit": 160966,
            "gross_margin": 18.77,
            "gross_margin_4q_avg": 13.86,
            "net_income": 33077,
            "net_income_4q": null,
            "revenue": 857598,
            "revenue_4q": null,
            "common_shares": 601840,
            "book_valuer_per_share": 16.44,
            "book_valuer_per_share_4q_avg": 16.55,
            "equity": 989423,
            "current_ratio": 128.82,
            "debt_ratio": 67.91,
            "inventory_turnover_ratio": 1.12,
            "account_receivable_turnover_ratio": 0.66,
            "reinvestment_rate": null,
            "research_to_sale_ratio": 4.17,
            "price_fair": 92.4,
            "eps_avg_yearly": 2.64,
            "eps_latest_yearly": 2.2,
            "eps_growth_yearly": 33.42
        },
        "20164": {
            "year_quarter": 20164,
            "year": 2016,
            "quarter": 4,
            "eps": 1.44,
            "eps_growth_year": null,
            "eps_4q": 3.06,
            "eps_4q_growth_year": null,
            "roe": 8.44,
            "roe_4q": 19.56,
            "gross_profit": 276253,
            "gross_margin": 22.52,
            "gross_margin_4q_avg": 19.49,
            "net_income": 98043,
            "net_income_4q": null,
            "revenue": 1226756,
            "revenue_4q": null,
            "common_shares": 682840,
            "book_valuer_per_share": 19.54,
            "book_valuer_per_share_4q_avg": 17.34,
            "equity": 1334298,
            "current_ratio": 148.63,
            "debt_ratio": 61.32,
            "inventory_turnover_ratio": 1.27,
            "account_receivable_turnover_ratio": 0.8,
            "reinvestment_rate": null,
            "research_to_sale_ratio": 4.46,
            "price_fair": 128.8,
            "eps_avg_yearly": 3.68,
            "eps_latest_yearly": 5.76,
            "eps_growth_yearly": 238.04
        },
        "20171": {
            "year_quarter": 20171,
            "year": 2017,
            "quarter": 1,
            "eps": 1.25,
            "eps_growth_year": 135.85,
            "eps_4q": 3.85,
            "eps_4q_growth_year": 448.01,
            "roe": 6.34,
            "roe_4q": 22.71,
            "gross_profit": 216098,
            "gross_margin": 21.14,
            "gross_margin_4q_avg": 20.45,
            "net_income": 85296,
            "net_income_4q": null,
            "revenue": 1022105,
            "revenue_4q": null,
            "common_shares": 682840,
            "book_valuer_per_share": 19.87,
            "book_valuer_per_share_4q_avg": 18.1,
            "equity": 1356525,
            "current_ratio": 148.38,
            "debt_ratio": 61.42,
            "inventory_turnover_ratio": 0.99,
            "account_receivable_turnover_ratio": 0.62,
            "reinvestment_rate": null,
            "research_to_sale_ratio": 3.79,
            "price_fair": 140.35,
            "eps_avg_yearly": 4.01,
            "eps_latest_yearly": 5,
            "eps_growth_yearly": 165.34
        },
        "20172": {
            "year_quarter": 20172,
            "year": 2017,
            "quarter": 2,
            "eps": 0.34,
            "eps_growth_year": -55.84,
            "eps_4q": 3.51,
            "eps_4q_growth_year": 170.74,
            "roe": 1.79,
            "roe_4q": 19.9,
            "gross_profit": 132684,
            "gross_margin": 17.56,
            "gross_margin_4q_avg": 20,
            "net_income": 23293,
            "net_income_4q": null,
            "revenue": 755783,
            "revenue_4q": null,
            "common_shares": 682840,
            "book_valuer_per_share": 18.19,
            "book_valuer_per_share_4q_avg": 18.51,
            "equity": 1242295,
            "current_ratio": 200.88,
            "debt_ratio": 65,
            "inventory_turnover_ratio": 0.74,
            "account_receivable_turnover_ratio": 0.49,
            "reinvestment_rate": null,
            "research_to_sale_ratio": 6.42,
            "price_fair": 121.8,
            "eps_avg_yearly": 3.48,
            "eps_latest_yearly": 1.36,
            "eps_growth_yearly": 74.03
        },
        "20173": {
            "year_quarter": 20173,
            "year": 2017,
            "quarter": 3,
            "eps": 0.63,
            "eps_growth_year": 14.55,
            "eps_4q": 3.66,
            "eps_4q_growth_year": 98.03,
            "roe": 3.38,
            "roe_4q": 19.95,
            "gross_profit": 168434,
            "gross_margin": 18.2,
            "gross_margin_4q_avg": 19.86,
            "net_income": 43021,
            "net_income_4q": null,
            "revenue": 925576,
            "revenue_4q": null,
            "common_shares": 682840,
            "book_valuer_per_share": 19.12,
            "book_valuer_per_share_4q_avg": 19.18,
            "equity": 1305860,
            "current_ratio": 185.85,
            "debt_ratio": 66.63,
            "inventory_turnover_ratio": 0.75,
            "account_receivable_turnover_ratio": 0.63,
            "reinvestment_rate": null,
            "research_to_sale_ratio": 5.88,
            "price_fair": 116.2,
            "eps_avg_yearly": 3.32,
            "eps_latest_yearly": 2.52,
            "eps_growth_yearly": 118.55
        },
        "20174": {
            "year_quarter": 20174,
            "year": 2017,
            "quarter": 4,
            "eps": 1.59,
            "eps_growth_year": 10.73,
            "eps_4q": 3.81,
            "eps_4q_growth_year": 24.39,
            "roe": 7.97,
            "roe_4q": 19.48,
            "gross_profit": 272281,
            "gross_margin": 19.67,
            "gross_margin_4q_avg": 19.14,
            "net_income": 108563,
            "net_income_4q": null,
            "revenue": 1384576,
            "revenue_4q": null,
            "common_shares": 682840,
            "book_valuer_per_share": 20.8,
            "book_valuer_per_share_4q_avg": 19.5,
            "equity": 1419986,
            "current_ratio": 177.08,
            "debt_ratio": 67.27,
            "inventory_turnover_ratio": 1.03,
            "account_receivable_turnover_ratio": 0.78,
            "reinvestment_rate": null,
            "research_to_sale_ratio": 4.52,
            "price_fair": 131.4,
            "eps_avg_yearly": 3.75,
            "eps_latest_yearly": 6.36,
            "eps_growth_yearly": 188.69
        },
        "20181": {
            "year_quarter": 20181,
            "year": 2018,
            "quarter": 1,
            "eps": 0.8,
            "eps_growth_year": -36,
            "eps_4q": 3.36,
            "eps_4q_growth_year": -12.72,
            "roe": 3.71,
            "roe_4q": 16.849999999999998,
            "gross_profit": 194852,
            "gross_margin": 18.38,
            "gross_margin_4q_avg": 18.45,
            "net_income": 54309,
            "net_income_4q": null,
            "revenue": 1059922,
            "revenue_4q": null,
            "common_shares": 682840,
            "book_valuer_per_share": 22.05,
            "book_valuer_per_share_4q_avg": 20.04,
            "equity": 1505451,
            "current_ratio": 181.27,
            "debt_ratio": 66.22,
            "inventory_turnover_ratio": 0.81,
            "account_receivable_turnover_ratio": 0.51,
            "reinvestment_rate": null,
            "research_to_sale_ratio": 6.01,
            "price_fair": 128.98,
            "eps_avg_yearly": 3.69,
            "eps_latest_yearly": 3.2,
            "eps_growth_yearly": 140.26
        },
        "20182": {
            "year_quarter": 20182,
            "year": 2018,
            "quarter": 2,
            "eps": 0.49,
            "eps_growth_year": 44.12,
            "eps_4q": 3.51,
            "eps_4q_growth_year": -0.03,
            "roe": 2.36,
            "roe_4q": 17.419999999999998,
            "gross_profit": 164103,
            "gross_margin": 15.99,
            "gross_margin_4q_avg": 18.06,
            "net_income": 33733,
            "net_income_4q": null,
            "revenue": 1026198,
            "revenue_4q": null,
            "common_shares": 682840,
            "book_valuer_per_share": 19.75,
            "book_valuer_per_share_4q_avg": 20.43,
            "equity": 1348325,
            "current_ratio": 171.21,
            "debt_ratio": 69.12,
            "inventory_turnover_ratio": 0.77,
            "account_receivable_turnover_ratio": 0.51,
            "reinvestment_rate": null,
            "research_to_sale_ratio": 5.62,
            "price_fair": 122.27,
            "eps_avg_yearly": 3.49,
            "eps_latest_yearly": 1.96,
            "eps_growth_yearly": 107.46
        },
        "20183": {
            "year_quarter": 20183,
            "year": 2018,
            "quarter": 3,
            "eps": 0.66,
            "eps_growth_year": 4.76,
            "eps_4q": 3.54,
            "eps_4q_growth_year": -3.07,
            "roe": 3.38,
            "roe_4q": 17.419999999999998,
            "gross_profit": 196238,
            "gross_margin": 18.23,
            "gross_margin_4q_avg": 18.07,
            "net_income": 45393,
            "net_income_4q": null,
            "revenue": 1076421,
            "revenue_4q": null,
            "common_shares": 682840,
            "book_valuer_per_share": 19.56,
            "book_valuer_per_share_4q_avg": 20.54,
            "equity": 1335546,
            "current_ratio": 130.02,
            "debt_ratio": 69.57,
            "inventory_turnover_ratio": 0.75,
            "account_receivable_turnover_ratio": 0.57,
            "reinvestment_rate": null,
            "research_to_sale_ratio": 7.28,
            "price_fair": 119.28,
            "eps_avg_yearly": 3.41,
            "eps_latest_yearly": 2.64,
            "eps_growth_yearly": 110.59
        },
        "20184": {
            "year_quarter": 20184,
            "year": 2018,
            "quarter": 4,
            "eps": 1.06,
            "eps_growth_year": -33.21,
            "eps_4q": 3.02,
            "eps_4q_growth_year": -20.84,
            "roe": 5.26,
            "roe_4q": 14.71,
            "gross_profit": 234407,
            "gross_margin": 18.87,
            "gross_margin_4q_avg": 17.87,
            "net_income": 72506,
            "net_income_4q": null,
            "revenue": 1242372,
            "revenue_4q": null,
            "common_shares": 682840,
            "book_valuer_per_share": 20.83,
            "book_valuer_per_share_4q_avg": 20.55,
            "equity": 1422272,
            "current_ratio": 130.06,
            "debt_ratio": 68.85,
            "inventory_turnover_ratio": 0.9,
            "account_receivable_turnover_ratio": 0.63,
            "reinvestment_rate": 13.32,
            "research_to_sale_ratio": 5.93,
            "price_fair": 121.93,
            "eps_avg_yearly": 3.48,
            "eps_latest_yearly": 4.24,
            "eps_growth_yearly": 122.57
        },
        "20191": {
            "year_quarter": 20191,
            "year": 2019,
            "quarter": 1,
            "eps": 0.38,
            "eps_growth_year": -52.5,
            "eps_4q": 2.35,
            "eps_4q_growth_year": -29.99,
            "roe": 1.68,
            "roe_4q": 12.68,
            "gross_profit": 159261,
            "gross_margin": 16.19,
            "gross_margin_4q_avg": 17.32,
            "net_income": 26451,
            "net_income_4q": null,
            "revenue": 983600,
            "revenue_4q": null,
            "common_shares": 757840,
            "book_valuer_per_share": 22.91,
            "book_valuer_per_share_4q_avg": 20.76,
            "equity": 1735920,
            "current_ratio": 150.03,
            "debt_ratio": 67.08,
            "inventory_turnover_ratio": 0.83,
            "account_receivable_turnover_ratio": 0.46,
            "reinvestment_rate": 18.33,
            "research_to_sale_ratio": 6.08,
            "price_fair": 116.2,
            "eps_avg_yearly": 3.32,
            "eps_latest_yearly": 1.52,
            "eps_growth_yearly": 90.97
        },
        "20192": {
            "year_quarter": 20192,
            "year": 2019,
            "quarter": 2,
            "eps": -0.3,
            "eps_growth_year": -161.22,
            "eps_4q": 1.6,
            "eps_4q_growth_year": -54.34,
            "roe": -1.39,
            "roe_4q": 8.93,
            "gross_profit": 166097,
            "gross_margin": 15.83,
            "gross_margin_4q_avg": 17.28,
            "net_income": -22928,
            "net_income_4q": null,
            "revenue": 1048962,
            "revenue_4q": null,
            "common_shares": 757840,
            "book_valuer_per_share": 20.76,
            "book_valuer_per_share_4q_avg": 21.02,
            "equity": 1573598,
            "current_ratio": 135.89,
            "debt_ratio": 71.24,
            "inventory_turnover_ratio": 0.93,
            "account_receivable_turnover_ratio": 0.51,
            "reinvestment_rate": 41.12,
            "research_to_sale_ratio": 8.83,
            "price_fair": 116.2,
            "eps_avg_yearly": 3.32,
            "eps_latest_yearly": 1.52,
            "eps_growth_yearly": 90.97
        },
        "20193": {
            "year_quarter": 20193,
            "year": 2019,
            "quarter": 3,
            "eps": -0.11,
            "eps_growth_year": -116.67,
            "eps_4q": 0.9,
            "eps_4q_growth_year": -74.69,
            "roe": -0.53,
            "roe_4q": 5.02,
            "gross_profit": 178820,
            "gross_margin": 17.82,
            "gross_margin_4q_avg": 17.18,
            "net_income": -8041,
            "net_income_4q": null,
            "revenue": 1003214,
            "revenue_4q": null,
            "common_shares": 757840,
            "book_valuer_per_share": 19.65,
            "book_valuer_per_share_4q_avg": 21.04,
            "equity": 1488787,
            "current_ratio": 140,
            "debt_ratio": 67.5,
            "inventory_turnover_ratio": 0.83,
            "account_receivable_turnover_ratio": 0.55,
            "reinvestment_rate": 47.72,
            "research_to_sale_ratio": 9.13,
            "price_fair": 116.2,
            "eps_avg_yearly": 3.32,
            "eps_latest_yearly": 1.52,
            "eps_growth_yearly": 90.97
        },
        "20194": {
            "year_quarter": 20194,
            "year": 2019,
            "quarter": 4,
            "eps": 0.23,
            "eps_growth_year": -78.2,
            "eps_4q": 0.17,
            "eps_4q_growth_year": -94.3,
            "roe": 1.18,
            "roe_4q": 0.94,
            "gross_profit": 164573,
            "gross_margin": 15,
            "gross_margin_4q_avg": 16.21,
            "net_income": 17541,
            "net_income_4q": null,
            "revenue": 1097108,
            "revenue_4q": null,
            "common_shares": 757840,
            "book_valuer_per_share": 19.59,
            "book_valuer_per_share_4q_avg": 20.73,
            "equity": 1484579,
            "current_ratio": 136.35,
            "debt_ratio": 70.02,
            "inventory_turnover_ratio": 0.84,
            "account_receivable_turnover_ratio": 0.66,
            "reinvestment_rate": 47.66,
            "research_to_sale_ratio": 3.27,
            "price_fair": 116.2,
            "eps_avg_yearly": 3.32,
            "eps_latest_yearly": 1.52,
            "eps_growth_yearly": 90.97
        },
        "20201": {
            "year_quarter": 20201,
            "year": 2020,
            "quarter": 1,
            "eps": -1.71,
            "eps_growth_year": -550,
            "eps_4q": -1.89,
            "eps_4q_growth_year": -180.25,
            "roe": -9.19,
            "roe_4q": -9.93,
            "gross_profit": 16274,
            "gross_margin": 2.48,
            "gross_margin_4q_avg": 12.78,
            "net_income": -129485,
            "net_income_4q": null,
            "revenue": 657353,
            "revenue_4q": null,
            "common_shares": 757840,
            "book_valuer_per_share": 17.58,
            "book_valuer_per_share_4q_avg": 19.4,
            "equity": 1332274,
            "current_ratio": 126.96,
            "debt_ratio": 71.92,
            "inventory_turnover_ratio": 0.55,
            "account_receivable_turnover_ratio": 0.42,
            "reinvestment_rate": 69.5,
            "research_to_sale_ratio": 9,
            "price_fair": 116.2,
            "eps_avg_yearly": 3.32,
            "eps_latest_yearly": 1.52,
            "eps_growth_yearly": 90.97
        },
        "20202": {
            "year_quarter": 20202,
            "year": 2020,
            "quarter": 2,
            "eps": 0.3,
            "eps_growth_year": null,
            "eps_4q": -1.28,
            "eps_4q_growth_year": -180.05,
            "roe": 1.71,
            "roe_4q": -6.83,
            "gross_profit": 172243,
            "gross_margin": 16.34,
            "gross_margin_4q_avg": 12.91,
            "net_income": 22781,
            "net_income_4q": null,
            "revenue": 1054385,
            "revenue_4q": null,
            "common_shares": 757840,
            "book_valuer_per_share": 17.49,
            "book_valuer_per_share_4q_avg": 18.58,
            "equity": 1325554,
            "current_ratio": 115.95,
            "debt_ratio": 72.35,
            "inventory_turnover_ratio": 0.8,
            "account_receivable_turnover_ratio": 0.7,
            "reinvestment_rate": 73.7,
            "research_to_sale_ratio": 5.04,
            "price_fair": 116.96,
            "eps_avg_yearly": 3.34,
            "eps_latest_yearly": 1.52,
            "eps_growth_yearly": 82.78
        },
        "20203": {
            "year_quarter": 20203,
            "year": 2020,
            "quarter": 3,
            "eps": 0.75,
            "eps_growth_year": null,
            "eps_4q": -0.43,
            "eps_4q_growth_year": -147.67,
            "roe": 4.14,
            "roe_4q": -2.16,
            "gross_profit": 216849,
            "gross_margin": 17.29,
            "gross_margin_4q_avg": 12.78,
            "net_income": 56752,
            "net_income_4q": null,
            "revenue": 1253942,
            "revenue_4q": null,
            "common_shares": 757840,
            "book_valuer_per_share": 18.7,
            "book_valuer_per_share_4q_avg": 18.34,
            "equity": 1417390,
            "current_ratio": 119.6,
            "debt_ratio": 71.37,
            "inventory_turnover_ratio": 0.99,
            "account_receivable_turnover_ratio": 0.76,
            "reinvestment_rate": 67.23,
            "research_to_sale_ratio": 4.54,
            "price_fair": 119.51,
            "eps_avg_yearly": 3.41,
            "eps_latest_yearly": 3,
            "eps_growth_yearly": 147.71
        },
        "20204": {
            "year_quarter": 20204,
            "year": 2020,
            "quarter": 4,
            "eps": 0.74,
            "eps_growth_year": 218.25,
            "eps_4q": 0.15,
            "eps_4q_growth_year": -15.22,
            "roe": 3.85,
            "roe_4q": 0.5099999999999998,
            "gross_profit": 304571,
            "gross_margin": 22.07,
            "gross_margin_4q_avg": 14.55,
            "net_income": 62267,
            "net_income_4q": null,
            "revenue": 1380172,
            "revenue_4q": null,
            "common_shares": 801605,
            "book_valuer_per_share": 22.66,
            "book_valuer_per_share_4q_avg": 19.11,
            "equity": 1816821,
            "current_ratio": 131.25,
            "debt_ratio": 67,
            "inventory_turnover_ratio": 0.93,
            "account_receivable_turnover_ratio": 0.72,
            "reinvestment_rate": 74.25,
            "research_to_sale_ratio": 5.52,
            "price_fair": 110.6,
            "eps_avg_yearly": 3.16,
            "eps_latest_yearly": 2.96,
            "eps_growth_yearly": 88.39
        },
        "20211": {
            "year_quarter": 20211,
            "year": 2021,
            "quarter": 1,
            "eps": 0.52,
            "eps_growth_year": null,
            "eps_4q": 2.02,
            "eps_4q_growth_year": null,
            "roe": 2.24,
            "roe_4q": 11.940000000000001,
            "gross_profit": 252545,
            "gross_margin": 16.8,
            "gross_margin_4q_avg": 18.13,
            "net_income": 44527,
            "net_income_4q": null,
            "revenue": 1503396,
            "revenue_4q": null,
            "common_shares": 915309,
            "book_valuer_per_share": 23.63,
            "book_valuer_per_share_4q_avg": 20.62,
            "equity": 2163309,
            "current_ratio": 161.89,
            "debt_ratio": 61.81,
            "inventory_turnover_ratio": 0.95,
            "account_receivable_turnover_ratio": 0.76,
            "reinvestment_rate": 107.18,
            "research_to_sale_ratio": 5.23,
            "price_fair": 101.31,
            "eps_avg_yearly": 2.89,
            "eps_latest_yearly": 2.08,
            "eps_growth_yearly": 82.37
        },
        "20212": {
            "year_quarter": 20212,
            "year": 2021,
            "quarter": 2,
            "eps": 0.03,
            "eps_growth_year": -90,
            "eps_4q": 1.73,
            "eps_4q_growth_year": null,
            "roe": 0.15,
            "roe_4q": 10.379999999999999,
            "gross_profit": 187935,
            "gross_margin": 15.46,
            "gross_margin_4q_avg": 17.91,
            "net_income": 3273,
            "net_income_4q": null,
            "revenue": 1215744,
            "revenue_4q": null,
            "common_shares": 924198,
            "book_valuer_per_share": 24.99,
            "book_valuer_per_share_4q_avg": 22.5,
            "equity": 2309683,
            "current_ratio": 161.63,
            "debt_ratio": 59.2,
            "inventory_turnover_ratio": 0.74,
            "account_receivable_turnover_ratio": 0.66,
            "reinvestment_rate": 108.35,
            "research_to_sale_ratio": 5.6,
            "price_fair": 97.36,
            "eps_avg_yearly": 2.78,
            "eps_latest_yearly": 0.12,
            "eps_growth_yearly": 74.58
        },
        "20213": {
            "year_quarter": 20213,
            "year": 2021,
            "quarter": 3,
            "eps": 0.1,
            "eps_growth_year": -86.67,
            "eps_4q": 1.24,
            "eps_4q_growth_year": null,
            "roe": 0.41,
            "roe_4q": 6.65,
            "gross_profit": 200263,
            "gross_margin": 15.21,
            "gross_margin_4q_avg": 17.39,
            "net_income": 9390,
            "net_income_4q": null,
            "revenue": 1316495,
            "revenue_4q": null,
            "common_shares": 965043,
            "book_valuer_per_share": 24.02,
            "book_valuer_per_share_4q_avg": 23.83,
            "equity": 2317577,
            "current_ratio": 156.91,
            "debt_ratio": 60.58,
            "inventory_turnover_ratio": 0.68,
            "account_receivable_turnover_ratio": 0.76,
            "reinvestment_rate": 94.1,
            "research_to_sale_ratio": 5.6,
            "price_fair": 90.62,
            "eps_avg_yearly": 2.59,
            "eps_latest_yearly": 0.4,
            "eps_growth_yearly": 128.41
        },
        "20214": {
            "year_quarter": 20214,
            "year": 2021,
            "quarter": 4,
            "eps": 0.4,
            "eps_growth_year": -45.24,
            "eps_4q": 1,
            "eps_4q_growth_year": 583.09,
            "roe": 1.66,
            "roe_4q": 4.46,
            "gross_profit": 226907,
            "gross_margin": 13.97,
            "gross_margin_4q_avg": 15.36,
            "net_income": 38981,
            "net_income_4q": null,
            "revenue": 1624058,
            "revenue_4q": null,
            "common_shares": 965315,
            "book_valuer_per_share": 24.66,
            "book_valuer_per_share_4q_avg": 24.33,
            "equity": 2380567,
            "current_ratio": 154.19,
            "debt_ratio": 62.19,
            "inventory_turnover_ratio": 0.73,
            "account_receivable_turnover_ratio": 0.86,
            "reinvestment_rate": 116.76,
            "research_to_sale_ratio": 4.5,
            "price_fair": 75.47,
            "eps_avg_yearly": 2.16,
            "eps_latest_yearly": 1.6,
            "eps_growth_yearly": 182.09
        },
        "20221": {
            "year_quarter": 20221,
            "year": 2022,
            "quarter": 1,
            "eps": 0.16,
            "eps_growth_year": -69.23,
            "eps_4q": 0.69,
            "eps_4q_growth_year": -65.64,
            "roe": 0.63,
            "roe_4q": 2.85,
            "gross_profit": 187548,
            "gross_margin": 12.17,
            "gross_margin_4q_avg": 14.2,
            "net_income": 15313,
            "net_income_4q": null,
            "revenue": 1541485,
            "revenue_4q": null,
            "common_shares": 965315,
            "book_valuer_per_share": 25.86,
            "book_valuer_per_share_4q_avg": 24.88,
            "equity": 2496075,
            "current_ratio": 145.57,
            "debt_ratio": 66.8,
            "inventory_turnover_ratio": 0.67,
            "account_receivable_turnover_ratio": 0.73,
            "reinvestment_rate": 408.99,
            "research_to_sale_ratio": 4.12,
            "price_fair": 67.33,
            "eps_avg_yearly": 1.92,
            "eps_latest_yearly": 0.64,
            "eps_growth_yearly": 178.34
        },
        "20222": {
            "year_quarter": 20222,
            "year": 2022,
            "quarter": 2,
            "eps": -1.37,
            "eps_growth_year": -4666.67,
            "eps_4q": -0.77,
            "eps_4q_growth_year": -144.78,
            "roe": -5.77,
            "roe_4q": -3.0699999999999994,
            "gross_profit": 50585,
            "gross_margin": 4.49,
            "gross_margin_4q_avg": 11.46,
            "net_income": -146254,
            "net_income_4q": null,
            "revenue": 1126373,
            "revenue_4q": null,
            "common_shares": 1066652,
            "book_valuer_per_share": 24.12,
            "book_valuer_per_share_4q_avg": 24.67,
            "equity": 2572379,
            "current_ratio": 153.34,
            "debt_ratio": 63.9,
            "inventory_turnover_ratio": 0.52,
            "account_receivable_turnover_ratio": 0.55,
            "reinvestment_rate": 1077.83,
            "research_to_sale_ratio": 5.21,
            "price_fair": 67.2,
            "eps_avg_yearly": 1.92,
            "eps_latest_yearly": 0.64,
            "eps_growth_yearly": 211.68
        },
        "20223": {
            "year_quarter": 20223,
            "year": 2022,
            "quarter": 3,
            "eps": 0.56,
            "eps_growth_year": 460,
            "eps_4q": -0.3,
            "eps_4q_growth_year": -124.33,
            "roe": 2.29,
            "roe_4q": -1.1899999999999997,
            "gross_profit": 276998,
            "gross_margin": 16.22,
            "gross_margin_4q_avg": 11.71,
            "net_income": 59846,
            "net_income_4q": null,
            "revenue": 1708138,
            "revenue_4q": null,
            "common_shares": 1066652,
            "book_valuer_per_share": 24.85,
            "book_valuer_per_share_4q_avg": 24.87,
            "equity": 2650929,
            "current_ratio": 144.46,
            "debt_ratio": 66.62,
            "inventory_turnover_ratio": 0.62,
            "account_receivable_turnover_ratio": 0.83,
            "reinvestment_rate": 982.81,
            "research_to_sale_ratio": 5.19,
            "price_fair": 64.4,
            "eps_avg_yearly": 1.84,
            "eps_latest_yearly": 0.64,
            "eps_growth_yearly": 219.78
        },
        "20224": {
            "year_quarter": 20224,
            "year": 2022,
            "quarter": 4,
            "eps": 0.96,
            "eps_growth_year": 137.24,
            "eps_4q": 0.29,
            "eps_4q_growth_year": -70.81,
            "roe": 3.79,
            "roe_4q": 0.9400000000000005,
            "gross_profit": 329035,
            "gross_margin": 14.71,
            "gross_margin_4q_avg": 11.9,
            "net_income": 102075,
            "net_income_4q": null,
            "revenue": 2236619,
            "revenue_4q": null,
            "common_shares": 1066652,
            "book_valuer_per_share": 25.66,
            "book_valuer_per_share_4q_avg": 25.12,
            "equity": 2736584,
            "current_ratio": 150.09,
            "debt_ratio": 67.75,
            "inventory_turnover_ratio": 0.8,
            "account_receivable_turnover_ratio": 0.93,
            "reinvestment_rate": 820.47,
            "research_to_sale_ratio": 3.55,
            "price_fair": 62.84,
            "eps_avg_yearly": 1.8,
            "eps_latest_yearly": 3.84,
            "eps_growth_yearly": 224.59
        },
        "20231": {
            "year_quarter": 20231,
            "year": 2023,
            "quarter": 1,
            "eps": 0.28,
            "eps_growth_year": 75,
            "eps_4q": 0.43,
            "eps_4q_growth_year": -37.69,
            "roe": 1.1,
            "roe_4q": 1.410000000000001,
            "gross_profit": 217204,
            "gross_margin": 13.95,
            "gross_margin_4q_avg": 12.34,
            "net_income": 30399,
            "net_income_4q": null,
            "revenue": 1557423,
            "revenue_4q": null,
            "common_shares": 1066652,
            "book_valuer_per_share": 26.09,
            "book_valuer_per_share_4q_avg": 25.18,
            "equity": 2782783,
            "current_ratio": 156.96,
            "debt_ratio": 65.41,
            "inventory_turnover_ratio": 0.55,
            "account_receivable_turnover_ratio": 0.67,
            "reinvestment_rate": 802.49,
            "research_to_sale_ratio": 5.34,
            "price_fair": 61.29,
            "eps_avg_yearly": 1.75,
            "eps_latest_yearly": 1.12,
            "eps_growth_yearly": 221.62
        },
        "20232": {
            "year_quarter": 20232,
            "year": 2023,
            "quarter": 2,
            "eps": 0.6,
            "eps_growth_year": null,
            "eps_4q": 2.37,
            "eps_4q_growth_year": null,
            "roe": 2.29,
            "roe_4q": 9.469999999999999,
            "gross_profit": 297494,
            "gross_margin": 13.44,
            "gross_margin_4q_avg": 14.58,
            "net_income": 63802,
            "net_income_4q": null,
            "revenue": 2214188,
            "revenue_4q": null,
            "common_shares": 1067326,
            "book_valuer_per_share": 26.07,
            "book_valuer_per_share_4q_avg": 25.67,
            "equity": 2782494,
            "current_ratio": 146.48,
            "debt_ratio": 67.41,
            "inventory_turnover_ratio": 0.72,
            "account_receivable_turnover_ratio": 0.99,
            "reinvestment_rate": 468.61,
            "research_to_sale_ratio": 3.97,
            "price_fair": 63.56,
            "eps_avg_yearly": 1.82,
            "eps_latest_yearly": 2.4,
            "eps_growth_yearly": 245.17
        },
        "20233": {
            "year_quarter": 20233,
            "year": 2023,
            "quarter": 3,
            "eps": 0.85,
            "eps_growth_year": 51.79,
            "eps_4q": 2.57,
            "eps_4q_growth_year": null,
            "roe": 3.23,
            "roe_4q": 10.41,
            "gross_profit": 307697,
            "gross_margin": 12.07,
            "gross_margin_4q_avg": 13.54,
            "net_income": 96020,
            "net_income_4q": null,
            "revenue": 2548448,
            "revenue_4q": null,
            "common_shares": 1081328,
            "book_valuer_per_share": 29.22,
            "book_valuer_per_share_4q_avg": 26.76,
            "equity": 3159835,
            "current_ratio": 141.21,
            "debt_ratio": 67.09,
            "inventory_turnover_ratio": 0.78,
            "account_receivable_turnover_ratio": 0.94,
            "reinvestment_rate": 342.5,
            "research_to_sale_ratio": 3.41,
            "price_fair": 68.6,
            "eps_avg_yearly": 1.96,
            "eps_latest_yearly": 3.4,
            "eps_growth_yearly": 238.03
        }
    },
    "months": {
        "2004-09": {
            "month": "2004-09",
            "price": "21.11",
            "revenue": 73748
        },
        "2004-10": {
            "month": "2004-10",
            "price": "17.27",
            "revenue": 52036
        },
        "2004-11": {
            "month": "2004-11",
            "price": "10.63",
            "revenue": 51128
        },
        "2004-12": {
            "month": "2004-12",
            "price": "9.04",
            "revenue": 37173
        },
        "2005-01": {
            "month": "2005-01",
            "price": "8.83",
            "revenue": 61218
        },
        "2005-02": {
            "month": "2005-02",
            "price": "8.33",
            "revenue": 45816
        },
        "2005-03": {
            "month": "2005-03",
            "price": "7.81",
            "revenue": 66110
        },
        "2005-04": {
            "month": "2005-04",
            "price": "8.20",
            "revenue": 55684
        },
        "2005-05": {
            "month": "2005-05",
            "price": "6.59",
            "revenue": 51552
        },
        "2005-06": {
            "month": "2005-06",
            "price": "5.87",
            "revenue": 58429
        },
        "2005-07": {
            "month": "2005-07",
            "price": "5.25",
            "revenue": 71527
        },
        "2005-08": {
            "month": "2005-08",
            "price": "5.71",
            "revenue": 75371
        },
        "2012-12": {
            "month": "2012-12",
            "price": "15.29",
            "revenue": 130798
        },
        "2013-01": {
            "month": "2013-01",
            "price": "15.02",
            "revenue": 300163
        },
        "2013-02": {
            "month": "2013-02",
            "price": "15.56",
            "revenue": 93682
        },
        "2013-03": {
            "month": "2013-03",
            "price": "18.35",
            "revenue": 106209
        },
        "2013-04": {
            "month": "2013-04",
            "price": "19.04",
            "revenue": 97787
        },
        "2013-05": {
            "month": "2013-05",
            "price": "18.59",
            "revenue": 94847
        },
        "2013-06": {
            "month": "2013-06",
            "price": "18.71",
            "revenue": 110130
        },
        "2013-07": {
            "month": "2013-07",
            "price": "18.47",
            "revenue": 106738
        },
        "2013-08": {
            "month": "2013-08",
            "price": "18.02",
            "revenue": 122849
        },
        "2013-09": {
            "month": "2013-09",
            "price": "17.47",
            "revenue": 158357
        },
        "2013-10": {
            "month": "2013-10",
            "price": "17.56",
            "revenue": 150892
        },
        "2013-11": {
            "month": "2013-11",
            "price": "18.50",
            "revenue": 174340
        },
        "2013-12": {
            "month": "2013-12",
            "price": "19.66",
            "revenue": 231839
        },
        "2014-01": {
            "month": "2014-01",
            "price": "25.06",
            "revenue": 130838
        },
        "2014-02": {
            "month": "2014-02",
            "price": "31.45",
            "revenue": 134457
        },
        "2014-03": {
            "month": "2014-03",
            "price": "36.65",
            "revenue": 149726
        },
        "2014-04": {
            "month": "2014-04",
            "price": "37.50",
            "revenue": 140356
        },
        "2014-05": {
            "month": "2014-05",
            "price": "35.44",
            "revenue": 142616
        },
        "2014-06": {
            "month": "2014-06",
            "price": "32.34",
            "revenue": 138330
        },
        "2014-07": {
            "month": "2014-07",
            "price": "26.18",
            "revenue": 151401
        },
        "2014-08": {
            "month": "2014-08",
            "price": "25.73",
            "revenue": 201055
        },
        "2014-09": {
            "month": "2014-09",
            "price": "26.58",
            "revenue": 193846
        },
        "2014-10": {
            "month": "2014-10",
            "price": "22.98",
            "revenue": 248893
        },
        "2014-11": {
            "month": "2014-11",
            "price": "21.63",
            "revenue": 228948
        },
        "2014-12": {
            "month": "2014-12",
            "price": "21.60",
            "revenue": 181951
        },
        "2015-01": {
            "month": "2015-01",
            "price": "22.87",
            "revenue": 272460
        },
        "2015-02": {
            "month": "2015-02",
            "price": "23.01",
            "revenue": 203811
        },
        "2015-03": {
            "month": "2015-03",
            "price": "24.63",
            "revenue": 206977
        },
        "2015-04": {
            "month": "2015-04",
            "price": "27.19",
            "revenue": 231982
        },
        "2015-05": {
            "month": "2015-05",
            "price": "28.62",
            "revenue": 206005
        },
        "2015-06": {
            "month": "2015-06",
            "price": "26.34",
            "revenue": 225454
        },
        "2015-07": {
            "month": "2015-07",
            "price": "24.54",
            "revenue": 166323
        },
        "2015-08": {
            "month": "2015-08",
            "price": "20.06",
            "revenue": 218822
        },
        "2015-09": {
            "month": "2015-09",
            "price": "20.08",
            "revenue": 218579
        },
        "2015-10": {
            "month": "2015-10",
            "price": "21.88",
            "revenue": 239285
        },
        "2015-11": {
            "month": "2015-11",
            "price": "21.39",
            "revenue": 272424
        },
        "2015-12": {
            "month": "2015-12",
            "price": "21.89",
            "revenue": 293087
        },
        "2016-01": {
            "month": "2016-01",
            "price": "23.44",
            "revenue": 282912
        },
        "2016-02": {
            "month": "2016-02",
            "price": "23.38",
            "revenue": 189813
        },
        "2016-03": {
            "month": "2016-03",
            "price": "24.75",
            "revenue": 204364
        },
        "2016-04": {
            "month": "2016-04",
            "price": "24.00",
            "revenue": 220969
        },
        "2016-05": {
            "month": "2016-05",
            "price": "24.50",
            "revenue": 353017
        },
        "2016-06": {
            "month": "2016-06",
            "price": "29.60",
            "revenue": 249562
        },
        "2016-07": {
            "month": "2016-07",
            "price": "33.78",
            "revenue": 234775
        },
        "2016-08": {
            "month": "2016-08",
            "price": "34.45",
            "revenue": 221357
        },
        "2016-09": {
            "month": "2016-09",
            "price": "36.19",
            "revenue": 400325
        },
        "2016-10": {
            "month": "2016-10",
            "price": "39.43",
            "revenue": 365345
        },
        "2016-11": {
            "month": "2016-11",
            "price": "38.62",
            "revenue": 382516
        },
        "2016-12": {
            "month": "2016-12",
            "price": "49.22",
            "revenue": 474494
        },
        "2017-01": {
            "month": "2017-01",
            "price": "77.52",
            "revenue": 337220
        },
        "2017-02": {
            "month": "2017-02",
            "price": "86.67",
            "revenue": 368126
        },
        "2017-03": {
            "month": "2017-03",
            "price": "105.51",
            "revenue": 313110
        },
        "2017-04": {
            "month": "2017-04",
            "price": "107.76",
            "revenue": 294096
        },
        "2017-05": {
            "month": "2017-05",
            "price": "104.12",
            "revenue": 232640
        },
        "2017-06": {
            "month": "2017-06",
            "price": "93.41",
            "revenue": 225257
        },
        "2017-07": {
            "month": "2017-07",
            "price": "78.12",
            "revenue": 245730
        },
        "2017-08": {
            "month": "2017-08",
            "price": "77.82",
            "revenue": 306315
        },
        "2017-09": {
            "month": "2017-09",
            "price": "83.89",
            "revenue": 379148
        },
        "2017-10": {
            "month": "2017-10",
            "price": "82.16",
            "revenue": 419229
        },
        "2017-11": {
            "month": "2017-11",
            "price": "74.74",
            "revenue": 468227
        },
        "2017-12": {
            "month": "2017-12",
            "price": "70.12",
            "revenue": 506272
        },
        "2018-01": {
            "month": "2018-01",
            "price": "74.96",
            "revenue": 484541
        },
        "2018-02": {
            "month": "2018-02",
            "price": "67.40",
            "revenue": 324800
        },
        "2018-03": {
            "month": "2018-03",
            "price": "69.74",
            "revenue": 250031
        },
        "2018-04": {
            "month": "2018-04",
            "price": "67.61",
            "revenue": 346917
        },
        "2018-05": {
            "month": "2018-05",
            "price": "58.32",
            "revenue": 302271
        },
        "2018-06": {
            "month": "2018-06",
            "price": "58.72",
            "revenue": 375284
        },
        "2018-07": {
            "month": "2018-07",
            "price": "58.23",
            "revenue": 358321
        },
        "2018-08": {
            "month": "2018-08",
            "price": "59.00",
            "revenue": 358789
        },
        "2018-09": {
            "month": "2018-09",
            "price": "47.99",
            "revenue": 361946
        },
        "2018-10": {
            "month": "2018-10",
            "price": "36.64",
            "revenue": 404711
        },
        "2018-11": {
            "month": "2018-11",
            "price": "34.66",
            "revenue": 407697
        },
        "2018-12": {
            "month": "2018-12",
            "price": "37.03",
            "revenue": 427105
        },
        "2019-01": {
            "month": "2019-01",
            "price": "35.36",
            "revenue": 323915
        },
        "2019-02": {
            "month": "2019-02",
            "price": "37.16",
            "revenue": 339473
        },
        "2019-03": {
            "month": "2019-03",
            "price": "35.56",
            "revenue": 320830
        },
        "2019-04": {
            "month": "2019-04",
            "price": "41.53",
            "revenue": 399314
        },
        "2019-05": {
            "month": "2019-05",
            "price": "35.77",
            "revenue": 353307
        },
        "2019-06": {
            "month": "2019-06",
            "price": "34.25",
            "revenue": 300112
        },
        "2019-07": {
            "month": "2019-07",
            "price": "35.63",
            "revenue": 318851
        },
        "2019-08": {
            "month": "2019-08",
            "price": "33.16",
            "revenue": 373814
        },
        "2019-09": {
            "month": "2019-09",
            "price": "32.60",
            "revenue": 300698
        },
        "2019-10": {
            "month": "2019-10",
            "price": "32.58",
            "revenue": 293514
        },
        "2019-11": {
            "month": "2019-11",
            "price": "31.22",
            "revenue": 373319
        },
        "2019-12": {
            "month": "2019-12",
            "price": "30.33",
            "revenue": 424526
        },
        "2020-01": {
            "month": "2020-01",
            "price": "29.86",
            "revenue": 344607
        },
        "2020-02": {
            "month": "2020-02",
            "price": "26.84",
            "revenue": 188919
        },
        "2020-03": {
            "month": "2020-03",
            "price": "20.78",
            "revenue": 125360
        },
        "2020-04": {
            "month": "2020-04",
            "price": "22.63",
            "revenue": 368650
        },
        "2020-05": {
            "month": "2020-05",
            "price": "25.54",
            "revenue": 327186
        },
        "2020-06": {
            "month": "2020-06",
            "price": "25.64",
            "revenue": 357638
        },
        "2020-07": {
            "month": "2020-07",
            "price": "26.18",
            "revenue": 426245
        },
        "2020-08": {
            "month": "2020-08",
            "price": "27.14",
            "revenue": 365218
        },
        "2020-09": {
            "month": "2020-09",
            "price": "31.30",
            "revenue": 453574
        },
        "2020-10": {
            "month": "2020-10",
            "price": "36.32",
            "revenue": 409797
        },
        "2020-11": {
            "month": "2020-11",
            "price": "41.00",
            "revenue": 476657
        },
        "2020-12": {
            "month": "2020-12",
            "price": "43.24",
            "revenue": 509202
        },
        "2021-01": {
            "month": "2021-01",
            "price": "47.62",
            "revenue": 656196
        },
        "2021-02": {
            "month": "2021-02",
            "price": "46.29",
            "revenue": 503095
        },
        "2021-03": {
            "month": "2021-03",
            "price": "53.64",
            "revenue": 340800
        },
        "2021-04": {
            "month": "2021-04",
            "price": "59.82",
            "revenue": 464211
        },
        "2021-05": {
            "month": "2021-05",
            "price": "44.36",
            "revenue": 414159
        },
        "2021-06": {
            "month": "2021-06",
            "price": "44.89",
            "revenue": 337257
        },
        "2021-07": {
            "month": "2021-07",
            "price": "49.18",
            "revenue": 370180
        },
        "2021-08": {
            "month": "2021-08",
            "price": "43.60",
            "revenue": 391088
        },
        "2021-09": {
            "month": "2021-09",
            "price": "39.36",
            "revenue": 546514
        },
        "2021-10": {
            "month": "2021-10",
            "price": "38.58",
            "revenue": 355204
        },
        "2021-11": {
            "month": "2021-11",
            "price": "43.92",
            "revenue": 600396
        },
        "2021-12": {
            "month": "2021-12",
            "price": "44.80",
            "revenue": 677368
        },
        "2022-01": {
            "month": "2022-01",
            "price": "42.02",
            "revenue": 561848
        },
        "2022-02": {
            "month": "2022-02",
            "price": "42.49",
            "revenue": 361138
        },
        "2022-03": {
            "month": "2022-03",
            "price": "37.85",
            "revenue": 618615
        },
        "2022-04": {
            "month": "2022-04",
            "price": "34.48",
            "revenue": 401681
        },
        "2022-05": {
            "month": "2022-05",
            "price": "30.70",
            "revenue": 302450
        },
        "2022-06": {
            "month": "2022-06",
            "price": "31.51",
            "revenue": 434691
        },
        "2022-07": {
            "month": "2022-07",
            "price": "30.13",
            "revenue": 502409
        },
        "2022-08": {
            "month": "2022-08",
            "price": "36.85",
            "revenue": 602037
        },
        "2022-09": {
            "month": "2022-09",
            "price": "40.45",
            "revenue": 591359
        },
        "2022-10": {
            "month": "2022-10",
            "price": "32.40",
            "revenue": 616136
        },
        "2022-11": {
            "month": "2022-11",
            "price": "31.46",
            "revenue": 722669
        },
        "2022-12": {
            "month": "2022-12",
            "price": "36.88",
            "revenue": 751463
        },
        "2023-01": {
            "month": "2023-01",
            "price": "36.16",
            "revenue": 501838
        },
        "2023-02": {
            "month": "2023-02",
            "price": "38.22",
            "revenue": 400817
        },
        "2023-03": {
            "month": "2023-03",
            "price": "41.87",
            "revenue": 657281
        },
        "2023-04": {
            "month": "2023-04",
            "price": "40.77",
            "revenue": 610289
        },
        "2023-05": {
            "month": "2023-05",
            "price": "39.79",
            "revenue": 730162
        },
        "2023-06": {
            "month": "2023-06",
            "price": "46.28",
            "revenue": 871067
        },
        "2023-07": {
            "month": "2023-07",
            "price": "52.23",
            "revenue": 742864
        },
        "2023-08": {
            "month": "2023-08",
            "price": "46.78",
            "revenue": 837018
        },
        "2023-09": {
            "month": "2023-09",
            "price": "48.25",
            "revenue": 962851
        },
        "2023-10": {
            "month": "2023-10",
            "price": "50.94",
            "revenue": 851422
        },
        "2023-11": {
            "month": "2023-11",
            "price": "46.98",
            "revenue": 861408
        },
        "2023-12": {
            "month": "2023-12",
            "price": "49.27",
            "revenue": 1086436
        }
    }
}
