{
    "summary": {
        "stock_name": "寶德",
        "stock_id": "3349",
        "category": "電腦及週邊設備",
        "main_business": "遊戲機及手機所使用遊戲控制器等智能週邊產品<br>滑鼠、鍵盤及大型發光滑鼠墊等人機介面產品<br>耳機及影音通訊產品",
        "website_url": "http://www.dexin.com.tw",
        "ceo": "盧賀隆",
        "pe_ratio": -9,
        "report_year_from": 2003,
        "report_year_to": 2023,
        "age": 20,
        "eps_negative_percentage": 67,
        "eps_growth_avg": {
            "last_all": null,
            "last_2y": null,
            "last_4y": null,
            "last_8y": null,
            "last_12y": null,
            "last_16y": null,
            "last_20y": null,
            "at_2006_last_3y": null,
            "at_2007_last_3y": null,
            "at_2008_last_3y": null,
            "at_2009_last_3y": null,
            "at_2010_last_3y": null,
            "at_2011_last_3y": null,
            "at_2012_last_3y": null,
            "at_2013_last_3y": null,
            "at_2014_last_3y": null,
            "at_2015_last_3y": null,
            "at_2016_last_3y": null,
            "at_2017_last_3y": null,
            "at_2018_last_3y": null,
            "at_2019_last_3y": null,
            "at_2020_last_3y": null,
            "at_2021_last_3y": null,
            "at_2022_last_3y": null,
            "at_2023_last_3y": null,
            "at_2006_last_all": null,
            "at_2007_last_all": null,
            "at_2008_last_all": null,
            "at_2009_last_all": null,
            "at_2010_last_all": null,
            "at_2011_last_all": null,
            "at_2012_last_all": null,
            "at_2013_last_all": null,
            "at_2014_last_all": null,
            "at_2015_last_all": null,
            "at_2016_last_all": null,
            "at_2017_last_all": null,
            "at_2018_last_all": null,
            "at_2019_last_all": null,
            "at_2020_last_all": null,
            "at_2021_last_all": null,
            "at_2022_last_all": null,
            "at_2023_last_all": null
        },
        "latest_eps": -1.89,
        "latest_price": 17,
        "latest_roe": -17.1,
        "latest_gross_margin": 10.5,
        "latest_equity": 405800,
        "latest_revenue": 79780,
        "latest_gross_profit": 8375,
        "latest_net_income": -27809,
        "latest_debt_ratio": 45.28,
        "latest_current_ratio": 263.8,
        "latest_account_receivable_turnover_ratio": 0.94,
        "latest_inventory_turnover_ratio": 0.73,
        "latest_reinvestment_rate": null,
        "latest_research_to_sale_ratio": 14.73
    },
    "eps_dividends": {
        "2001": {
            "cash": 0,
            "stock": 0,
            "eps": 0
        },
        "2002": {
            "cash": 0,
            "stock": 0,
            "eps": 0
        },
        "2003": {
            "cash": 0,
            "stock": 0,
            "eps": 0
        },
        "2004": {
            "cash": 0,
            "stock": 1.12,
            "eps": 0
        },
        "2005": {
            "cash": 0,
            "stock": 0,
            "eps": 0
        },
        "2006": {
            "cash": 0,
            "stock": 0,
            "eps": 0
        },
        "2007": {
            "cash": 0,
            "stock": 0,
            "eps": 0
        },
        "2008": {
            "cash": 0,
            "stock": 0,
            "eps": 0
        },
        "2009": {
            "cash": 0,
            "stock": 0,
            "eps": 0
        },
        "2010": {
            "cash": 0,
            "stock": 0,
            "eps": 0
        },
        "2011": {
            "cash": 0.3,
            "stock": 1,
            "eps": 0
        },
        "2012": {
            "cash": 0.1,
            "stock": 0.45,
            "eps": 0
        },
        "2013": {
            "cash": 0,
            "stock": 0,
            "eps": 0
        },
        "2014": {
            "cash": 0.1,
            "stock": 0.7,
            "eps": 0
        },
        "2015": {
            "cash": 0.2,
            "stock": 0.6,
            "eps": 0
        },
        "2016": {
            "cash": 0.4,
            "stock": 1.2,
            "eps": 0
        },
        "2017": {
            "cash": 0.2,
            "stock": 0,
            "eps": 0
        },
        "2018": {
            "cash": 0,
            "stock": 0,
            "eps": 0
        },
        "2019": {
            "cash": 0.2,
            "stock": 0,
            "eps": 0
        },
        "2020": {
            "cash": 0,
            "stock": 0,
            "eps": 0
        },
        "2021": {
            "cash": 0.17,
            "stock": 0.4,
            "eps": 0.97
        },
        "2022": {
            "cash": 0.8,
            "stock": 0.4,
            "eps": -1.29
        },
        "2023": {
            "cash": 0,
            "stock": 0,
            "eps": -0.69
        }
    },
    "dividends": {
        "2004-04-28": {
            "cash": 0,
            "stock": 1.12
        },
        "2011-03-28": {
            "cash": 0.3,
            "stock": 1
        },
        "2012-03-30": {
            "cash": 0.1,
            "stock": 0.45
        },
        "2014-10-01": {
            "cash": 0.1,
            "stock": 0.7
        },
        "2015-10-15": {
            "cash": 0.2,
            "stock": 0.6
        },
        "2016-10-06": {
            "cash": 0.4,
            "stock": 1.2
        },
        "2017-09-27": {
            "cash": 0.2,
            "stock": 0
        },
        "2019-09-27": {
            "cash": 0.2,
            "stock": 0
        },
        "2021-09-17": {
            "cash": 0.17,
            "stock": 0.4
        },
        "2022-09-27": {
            "cash": 0.8,
            "stock": 0.4
        }
    },
    "prices": {
        "200101": "無",
        "200102": "無",
        "200103": "無",
        "200104": "無",
        "200105": "無",
        "200106": "無",
        "200107": "無",
        "200108": "無",
        "200109": "無",
        "200110": "無",
        "200111": "無",
        "200112": "無",
        "200201": "無",
        "200202": "無",
        "200203": "無",
        "200204": "無",
        "200205": "無",
        "200206": "無",
        "200207": "無",
        "200208": "無",
        "200209": "無",
        "200210": "無",
        "200211": "無",
        "200212": "無",
        "200301": "無",
        "200302": "無",
        "200303": "無",
        "200304": "無",
        "200305": "無",
        "200306": "無",
        "200307": "無",
        "200308": "無",
        "200309": "無",
        "200310": "無",
        "200311": "無",
        "200312": "無",
        "200401": "無",
        "200402": "無",
        "200403": "無",
        "200404": "無",
        "200405": "無",
        "200406": "無",
        "200407": "無",
        "200408": "無",
        "200409": "20.50",
        "200410": "無",
        "200411": "無",
        "200412": "無",
        "200501": "無",
        "200502": "無",
        "200503": "無",
        "200504": "無",
        "200505": "19.50",
        "200506": "無",
        "200507": "無",
        "200508": "無",
        "200509": "無",
        "200510": "無",
        "200511": "16.50",
        "200512": "15.67",
        "200601": "15.44",
        "200602": "無",
        "200603": "無",
        "200604": "無",
        "200605": "14.50",
        "200606": "無",
        "200607": "無",
        "200608": "無",
        "200609": "13.40",
        "200610": "12.02",
        "200611": "12.63",
        "200612": "9.86",
        "200701": "無",
        "200702": "10.18",
        "200703": "10.16",
        "200704": "無",
        "200705": "無",
        "200706": "無",
        "200707": "10.71",
        "200708": "無",
        "200709": "無",
        "200710": "無",
        "200711": "無",
        "200712": "無",
        "200801": "10.20",
        "200802": "無",
        "200803": "無",
        "200804": "10.21",
        "200805": "無",
        "200806": "無",
        "200807": "無",
        "200808": "9.49",
        "200809": "無",
        "200810": "無",
        "200811": "無",
        "200812": "無",
        "200901": "無",
        "200902": "無",
        "200903": "無",
        "200904": "無",
        "200905": "無",
        "200906": "無",
        "200907": "無",
        "200908": "9.50",
        "200909": "無",
        "200910": "無",
        "200911": "無",
        "200912": "無",
        "201001": "無",
        "201002": "8.61",
        "201003": "無",
        "201004": "8.53",
        "201005": "無",
        "201006": "7.62",
        "201007": "6.95",
        "201008": "8.05",
        "201009": "9.66",
        "201010": "11.76",
        "201011": "無",
        "201012": "11.24",
        "201101": "11.02",
        "201102": "11.55",
        "201103": "11.36",
        "201104": "12.39",
        "201105": "11.54",
        "201106": "11.35",
        "201107": "10.92",
        "201108": "10.26",
        "201109": "9.60",
        "201110": "9.12",
        "201111": "8.56",
        "201112": "8.01",
        "201201": "7.54",
        "201202": "7.74",
        "201203": "9.15",
        "201204": "9.17",
        "201205": "9.32",
        "201206": "10.96",
        "201207": "10.94",
        "201208": "10.80",
        "201209": "10.63",
        "201210": "10.22",
        "201211": "10.28",
        "201212": "12.09",
        "201301": "14.56",
        "201302": "14.33",
        "201303": "14.18",
        "201304": "14.69",
        "201305": "15.46",
        "201306": "15.93",
        "201307": "15.46",
        "201308": "15.24",
        "201309": "15.01",
        "201310": "14.74",
        "201311": "14.76",
        "201312": "14.58",
        "201401": "14.14",
        "201402": "14.88",
        "201403": "18.15",
        "201404": "17.59",
        "201405": "18.63",
        "201406": "18.90",
        "201407": "20.98",
        "201408": "19.70",
        "201409": "19.51",
        "201410": "18.62",
        "201411": "19.22",
        "201412": "19.45",
        "201501": "18.91",
        "201502": "18.76",
        "201503": "18.66",
        "201504": "18.48",
        "201505": "18.15",
        "201506": "17.41",
        "201507": "19.38",
        "201508": "19.77",
        "201509": "20.75",
        "201510": "20.53",
        "201511": "22.85",
        "201512": "27.10",
        "201601": "27.01",
        "201602": "36.32",
        "201603": "38.75",
        "201604": "39.29",
        "201605": "36.56",
        "201606": "34.14",
        "201607": "32.22",
        "201608": "27.35",
        "201609": "23.85",
        "201610": "28.17",
        "201611": "24.83",
        "201612": "22.30",
        "201701": "21.48",
        "201702": "19.92",
        "201703": "18.78",
        "201704": "18.15",
        "201705": "13.97",
        "201706": "12.33",
        "201707": "12.11",
        "201708": "11.44",
        "201709": "12.18",
        "201710": "13.01",
        "201711": "11.63",
        "201712": "10.70",
        "201801": "10.30",
        "201802": "10.85",
        "201803": "12.21",
        "201804": "11.09",
        "201805": "10.23",
        "201806": "10.11",
        "201807": "8.71",
        "201808": "7.69",
        "201809": "7.76",
        "201810": "8.78",
        "201811": "7.94",
        "201812": "8.96",
        "201901": "9.43",
        "201902": "11.48",
        "201903": "12.66",
        "201904": "10.93",
        "201905": "10.72",
        "201906": "10.63",
        "201907": "10.57",
        "201908": "9.48",
        "201909": "8.41",
        "201910": "7.57",
        "201911": "7.91",
        "201912": "8.20",
        "202001": "8.68",
        "202002": "9.88",
        "202003": "8.99",
        "202004": "7.78",
        "202005": "8.85",
        "202006": "12.05",
        "202007": "12.04",
        "202008": "12.94",
        "202009": "19.76",
        "202010": "18.52",
        "202011": "18.16",
        "202012": "20.11",
        "202101": "18.78",
        "202102": "19.64",
        "202103": "19.17",
        "202104": "20.88",
        "202105": "21.11",
        "202106": "20.07",
        "202107": "20.77",
        "202108": "19.93",
        "202109": "19.79",
        "202110": "20.93",
        "202111": "25.95",
        "202112": "27.64",
        "202201": "27.81",
        "202202": "27.69",
        "202203": "22.69",
        "202204": "19.60",
        "202205": "18.82",
        "202206": "17.90",
        "202207": "16.19",
        "202208": "16.35",
        "202209": "15.26",
        "202210": "14.02",
        "202211": "13.31",
        "202212": "13.38",
        "202301": "13.17",
        "202302": "13.39",
        "202303": "14.32",
        "202304": "13.92",
        "202305": "14.68",
        "202306": "17.55"
    },
    "quarters": {
        "20011": {
            "year_quarter": 20011,
            "year": 2001,
            "quarter": 1,
            "eps": null,
            "eps_growth_year": null,
            "eps_4q": null,
            "eps_4q_growth_year": null,
            "roe": null,
            "roe_4q": 0,
            "gross_profit": null,
            "gross_margin": null,
            "gross_margin_4q_avg": 0,
            "net_income": null,
            "revenue": null,
            "common_shares": null,
            "book_valuer_per_share": null,
            "book_valuer_per_share_4q_avg": 0,
            "equity": null,
            "current_ratio": null,
            "debt_ratio": null,
            "inventory_turnover_ratio": null,
            "account_receivable_turnover_ratio": null,
            "reinvestment_rate": null,
            "research_to_sale_ratio": null,
            "price_fair": 0,
            "eps_avg_yearly": 0,
            "eps_latest_yearly": 0,
            "eps_growth_yearly": 0
        },
        "20012": {
            "year_quarter": 20012,
            "year": 2001,
            "quarter": 2,
            "eps": null,
            "eps_growth_year": null,
            "eps_4q": null,
            "eps_4q_growth_year": null,
            "roe": null,
            "roe_4q": 0,
            "gross_profit": null,
            "gross_margin": null,
            "gross_margin_4q_avg": 0,
            "net_income": null,
            "revenue": null,
            "common_shares": null,
            "book_valuer_per_share": null,
            "book_valuer_per_share_4q_avg": 0,
            "equity": null,
            "current_ratio": null,
            "debt_ratio": null,
            "inventory_turnover_ratio": null,
            "account_receivable_turnover_ratio": null,
            "reinvestment_rate": null,
            "research_to_sale_ratio": null,
            "price_fair": 0,
            "eps_avg_yearly": 0,
            "eps_latest_yearly": 0,
            "eps_growth_yearly": 0
        },
        "20013": {
            "year_quarter": 20013,
            "year": 2001,
            "quarter": 3,
            "eps": null,
            "eps_growth_year": null,
            "eps_4q": null,
            "eps_4q_growth_year": null,
            "roe": null,
            "roe_4q": 0,
            "gross_profit": null,
            "gross_margin": null,
            "gross_margin_4q_avg": 0,
            "net_income": null,
            "revenue": null,
            "common_shares": null,
            "book_valuer_per_share": null,
            "book_valuer_per_share_4q_avg": 0,
            "equity": null,
            "current_ratio": null,
            "debt_ratio": null,
            "inventory_turnover_ratio": null,
            "account_receivable_turnover_ratio": null,
            "reinvestment_rate": null,
            "research_to_sale_ratio": null,
            "price_fair": 0,
            "eps_avg_yearly": 0,
            "eps_latest_yearly": 0,
            "eps_growth_yearly": 0
        },
        "20014": {
            "year_quarter": 20014,
            "year": 2001,
            "quarter": 4,
            "eps": null,
            "eps_growth_year": null,
            "eps_4q": null,
            "eps_4q_growth_year": null,
            "roe": null,
            "roe_4q": 0,
            "gross_profit": null,
            "gross_margin": null,
            "gross_margin_4q_avg": 0,
            "net_income": null,
            "revenue": null,
            "common_shares": null,
            "book_valuer_per_share": null,
            "book_valuer_per_share_4q_avg": 0,
            "equity": null,
            "current_ratio": null,
            "debt_ratio": null,
            "inventory_turnover_ratio": null,
            "account_receivable_turnover_ratio": null,
            "reinvestment_rate": null,
            "research_to_sale_ratio": null,
            "price_fair": 0,
            "eps_avg_yearly": 0,
            "eps_latest_yearly": 0,
            "eps_growth_yearly": 0
        },
        "20021": {
            "year_quarter": 20021,
            "year": 2002,
            "quarter": 1,
            "eps": null,
            "eps_growth_year": null,
            "eps_4q": null,
            "eps_4q_growth_year": null,
            "roe": null,
            "roe_4q": 0,
            "gross_profit": null,
            "gross_margin": null,
            "gross_margin_4q_avg": 0,
            "net_income": null,
            "revenue": null,
            "common_shares": null,
            "book_valuer_per_share": null,
            "book_valuer_per_share_4q_avg": 0,
            "equity": null,
            "current_ratio": null,
            "debt_ratio": null,
            "inventory_turnover_ratio": null,
            "account_receivable_turnover_ratio": null,
            "reinvestment_rate": null,
            "research_to_sale_ratio": null,
            "price_fair": 0,
            "eps_avg_yearly": 0,
            "eps_latest_yearly": 0,
            "eps_growth_yearly": 0
        },
        "20022": {
            "year_quarter": 20022,
            "year": 2002,
            "quarter": 2,
            "eps": null,
            "eps_growth_year": null,
            "eps_4q": null,
            "eps_4q_growth_year": null,
            "roe": null,
            "roe_4q": 0,
            "gross_profit": null,
            "gross_margin": null,
            "gross_margin_4q_avg": 0,
            "net_income": null,
            "revenue": null,
            "common_shares": null,
            "book_valuer_per_share": null,
            "book_valuer_per_share_4q_avg": 0,
            "equity": null,
            "current_ratio": null,
            "debt_ratio": null,
            "inventory_turnover_ratio": null,
            "account_receivable_turnover_ratio": null,
            "reinvestment_rate": null,
            "research_to_sale_ratio": null,
            "price_fair": 0,
            "eps_avg_yearly": 0,
            "eps_latest_yearly": 0,
            "eps_growth_yearly": 0
        },
        "20023": {
            "year_quarter": 20023,
            "year": 2002,
            "quarter": 3,
            "eps": null,
            "eps_growth_year": null,
            "eps_4q": null,
            "eps_4q_growth_year": null,
            "roe": null,
            "roe_4q": 0,
            "gross_profit": null,
            "gross_margin": null,
            "gross_margin_4q_avg": 0,
            "net_income": null,
            "revenue": null,
            "common_shares": null,
            "book_valuer_per_share": null,
            "book_valuer_per_share_4q_avg": 0,
            "equity": null,
            "current_ratio": null,
            "debt_ratio": null,
            "inventory_turnover_ratio": null,
            "account_receivable_turnover_ratio": null,
            "reinvestment_rate": null,
            "research_to_sale_ratio": null,
            "price_fair": 0,
            "eps_avg_yearly": 0,
            "eps_latest_yearly": 0,
            "eps_growth_yearly": 0
        },
        "20024": {
            "year_quarter": 20024,
            "year": 2002,
            "quarter": 4,
            "eps": null,
            "eps_growth_year": null,
            "eps_4q": null,
            "eps_4q_growth_year": null,
            "roe": null,
            "roe_4q": 0,
            "gross_profit": null,
            "gross_margin": null,
            "gross_margin_4q_avg": 0,
            "net_income": null,
            "revenue": null,
            "common_shares": null,
            "book_valuer_per_share": null,
            "book_valuer_per_share_4q_avg": 0,
            "equity": null,
            "current_ratio": null,
            "debt_ratio": null,
            "inventory_turnover_ratio": null,
            "account_receivable_turnover_ratio": null,
            "reinvestment_rate": null,
            "research_to_sale_ratio": null,
            "price_fair": 0,
            "eps_avg_yearly": 0,
            "eps_latest_yearly": 0,
            "eps_growth_yearly": 0
        },
        "20031": {
            "year_quarter": 20031,
            "year": 2003,
            "quarter": 1,
            "eps": null,
            "eps_growth_year": null,
            "eps_4q": null,
            "eps_4q_growth_year": null,
            "roe": null,
            "roe_4q": 0,
            "gross_profit": null,
            "gross_margin": null,
            "gross_margin_4q_avg": 0,
            "net_income": null,
            "revenue": null,
            "common_shares": null,
            "book_valuer_per_share": null,
            "book_valuer_per_share_4q_avg": 0,
            "equity": null,
            "current_ratio": null,
            "debt_ratio": null,
            "inventory_turnover_ratio": null,
            "account_receivable_turnover_ratio": null,
            "reinvestment_rate": null,
            "research_to_sale_ratio": null,
            "price_fair": 0,
            "eps_avg_yearly": 0,
            "eps_latest_yearly": 0,
            "eps_growth_yearly": 0
        },
        "20032": {
            "year_quarter": 20032,
            "year": 2003,
            "quarter": 2,
            "eps": null,
            "eps_growth_year": null,
            "eps_4q": null,
            "eps_4q_growth_year": null,
            "roe": null,
            "roe_4q": 0,
            "gross_profit": null,
            "gross_margin": null,
            "gross_margin_4q_avg": 0,
            "net_income": null,
            "revenue": null,
            "common_shares": null,
            "book_valuer_per_share": null,
            "book_valuer_per_share_4q_avg": 0,
            "equity": null,
            "current_ratio": null,
            "debt_ratio": null,
            "inventory_turnover_ratio": null,
            "account_receivable_turnover_ratio": null,
            "reinvestment_rate": null,
            "research_to_sale_ratio": null,
            "price_fair": 0,
            "eps_avg_yearly": 0,
            "eps_latest_yearly": 0,
            "eps_growth_yearly": 0
        },
        "20033": {
            "year_quarter": 20033,
            "year": 2003,
            "quarter": 3,
            "eps": null,
            "eps_growth_year": null,
            "eps_4q": null,
            "eps_4q_growth_year": null,
            "roe": null,
            "roe_4q": 0,
            "gross_profit": null,
            "gross_margin": null,
            "gross_margin_4q_avg": 0,
            "net_income": null,
            "revenue": null,
            "common_shares": null,
            "book_valuer_per_share": null,
            "book_valuer_per_share_4q_avg": 0,
            "equity": null,
            "current_ratio": null,
            "debt_ratio": null,
            "inventory_turnover_ratio": null,
            "account_receivable_turnover_ratio": null,
            "reinvestment_rate": null,
            "research_to_sale_ratio": null,
            "price_fair": 0,
            "eps_avg_yearly": 0,
            "eps_latest_yearly": 0,
            "eps_growth_yearly": 0
        },
        "20034": {
            "year_quarter": 20034,
            "year": 2003,
            "quarter": 4,
            "eps": null,
            "eps_growth_year": null,
            "eps_4q": null,
            "eps_4q_growth_year": null,
            "roe": null,
            "roe_4q": 0,
            "gross_profit": null,
            "gross_margin": null,
            "gross_margin_4q_avg": 0,
            "net_income": null,
            "revenue": null,
            "common_shares": null,
            "book_valuer_per_share": null,
            "book_valuer_per_share_4q_avg": 0,
            "equity": null,
            "current_ratio": null,
            "debt_ratio": null,
            "inventory_turnover_ratio": null,
            "account_receivable_turnover_ratio": null,
            "reinvestment_rate": null,
            "research_to_sale_ratio": null,
            "price_fair": 0,
            "eps_avg_yearly": 0,
            "eps_latest_yearly": 0,
            "eps_growth_yearly": 0
        },
        "20041": {
            "year_quarter": 20041,
            "year": 2004,
            "quarter": 1,
            "eps": null,
            "eps_growth_year": null,
            "eps_4q": null,
            "eps_4q_growth_year": null,
            "roe": null,
            "roe_4q": 0,
            "gross_profit": null,
            "gross_margin": null,
            "gross_margin_4q_avg": 0,
            "net_income": null,
            "revenue": null,
            "common_shares": null,
            "book_valuer_per_share": null,
            "book_valuer_per_share_4q_avg": 0,
            "equity": null,
            "current_ratio": null,
            "debt_ratio": null,
            "inventory_turnover_ratio": null,
            "account_receivable_turnover_ratio": null,
            "reinvestment_rate": null,
            "research_to_sale_ratio": null,
            "price_fair": 0,
            "eps_avg_yearly": 0,
            "eps_latest_yearly": 0,
            "eps_growth_yearly": 0
        },
        "20042": {
            "year_quarter": 20042,
            "year": 2004,
            "quarter": 2,
            "eps": null,
            "eps_growth_year": null,
            "eps_4q": null,
            "eps_4q_growth_year": null,
            "roe": null,
            "roe_4q": 0,
            "gross_profit": null,
            "gross_margin": null,
            "gross_margin_4q_avg": 0,
            "net_income": null,
            "revenue": null,
            "common_shares": null,
            "book_valuer_per_share": null,
            "book_valuer_per_share_4q_avg": 0,
            "equity": null,
            "current_ratio": null,
            "debt_ratio": null,
            "inventory_turnover_ratio": null,
            "account_receivable_turnover_ratio": null,
            "reinvestment_rate": null,
            "research_to_sale_ratio": null,
            "price_fair": 0,
            "eps_avg_yearly": 0,
            "eps_latest_yearly": 0,
            "eps_growth_yearly": 0
        },
        "20043": {
            "year_quarter": 20043,
            "year": 2004,
            "quarter": 3,
            "eps": null,
            "eps_growth_year": null,
            "eps_4q": null,
            "eps_4q_growth_year": null,
            "roe": null,
            "roe_4q": 0,
            "gross_profit": null,
            "gross_margin": null,
            "gross_margin_4q_avg": 0,
            "net_income": null,
            "revenue": null,
            "common_shares": null,
            "book_valuer_per_share": null,
            "book_valuer_per_share_4q_avg": 0,
            "equity": null,
            "current_ratio": null,
            "debt_ratio": null,
            "inventory_turnover_ratio": null,
            "account_receivable_turnover_ratio": null,
            "reinvestment_rate": null,
            "research_to_sale_ratio": null,
            "price_fair": 0,
            "eps_avg_yearly": 0,
            "eps_latest_yearly": 0,
            "eps_growth_yearly": 0
        },
        "20044": {
            "year_quarter": 20044,
            "year": 2004,
            "quarter": 4,
            "eps": null,
            "eps_growth_year": null,
            "eps_4q": null,
            "eps_4q_growth_year": null,
            "roe": null,
            "roe_4q": 0,
            "gross_profit": null,
            "gross_margin": null,
            "gross_margin_4q_avg": 0,
            "net_income": null,
            "revenue": null,
            "common_shares": null,
            "book_valuer_per_share": null,
            "book_valuer_per_share_4q_avg": 0,
            "equity": null,
            "current_ratio": null,
            "debt_ratio": null,
            "inventory_turnover_ratio": null,
            "account_receivable_turnover_ratio": null,
            "reinvestment_rate": null,
            "research_to_sale_ratio": null,
            "price_fair": 0,
            "eps_avg_yearly": 0,
            "eps_latest_yearly": 0,
            "eps_growth_yearly": 0
        },
        "20051": {
            "year_quarter": 20051,
            "year": 2005,
            "quarter": 1,
            "eps": null,
            "eps_growth_year": null,
            "eps_4q": null,
            "eps_4q_growth_year": null,
            "roe": null,
            "roe_4q": 0,
            "gross_profit": null,
            "gross_margin": null,
            "gross_margin_4q_avg": 0,
            "net_income": null,
            "revenue": null,
            "common_shares": null,
            "book_valuer_per_share": null,
            "book_valuer_per_share_4q_avg": 0,
            "equity": null,
            "current_ratio": null,
            "debt_ratio": null,
            "inventory_turnover_ratio": null,
            "account_receivable_turnover_ratio": null,
            "reinvestment_rate": null,
            "research_to_sale_ratio": null,
            "price_fair": 0,
            "eps_avg_yearly": 0,
            "eps_latest_yearly": 0,
            "eps_growth_yearly": 0
        },
        "20052": {
            "year_quarter": 20052,
            "year": 2005,
            "quarter": 2,
            "eps": null,
            "eps_growth_year": null,
            "eps_4q": null,
            "eps_4q_growth_year": null,
            "roe": null,
            "roe_4q": 0,
            "gross_profit": null,
            "gross_margin": null,
            "gross_margin_4q_avg": 0,
            "net_income": null,
            "revenue": null,
            "common_shares": null,
            "book_valuer_per_share": null,
            "book_valuer_per_share_4q_avg": 0,
            "equity": null,
            "current_ratio": null,
            "debt_ratio": null,
            "inventory_turnover_ratio": null,
            "account_receivable_turnover_ratio": null,
            "reinvestment_rate": null,
            "research_to_sale_ratio": null,
            "price_fair": 0,
            "eps_avg_yearly": 0,
            "eps_latest_yearly": 0,
            "eps_growth_yearly": 0
        },
        "20053": {
            "year_quarter": 20053,
            "year": 2005,
            "quarter": 3,
            "eps": null,
            "eps_growth_year": null,
            "eps_4q": null,
            "eps_4q_growth_year": null,
            "roe": null,
            "roe_4q": 0,
            "gross_profit": null,
            "gross_margin": null,
            "gross_margin_4q_avg": 0,
            "net_income": null,
            "revenue": null,
            "common_shares": null,
            "book_valuer_per_share": null,
            "book_valuer_per_share_4q_avg": 0,
            "equity": null,
            "current_ratio": null,
            "debt_ratio": null,
            "inventory_turnover_ratio": null,
            "account_receivable_turnover_ratio": null,
            "reinvestment_rate": null,
            "research_to_sale_ratio": null,
            "price_fair": 0,
            "eps_avg_yearly": 0,
            "eps_latest_yearly": 0,
            "eps_growth_yearly": 0
        },
        "20054": {
            "year_quarter": 20054,
            "year": 2005,
            "quarter": 4,
            "eps": null,
            "eps_growth_year": null,
            "eps_4q": null,
            "eps_4q_growth_year": null,
            "roe": null,
            "roe_4q": 0,
            "gross_profit": null,
            "gross_margin": null,
            "gross_margin_4q_avg": 0,
            "net_income": null,
            "revenue": null,
            "common_shares": null,
            "book_valuer_per_share": null,
            "book_valuer_per_share_4q_avg": 0,
            "equity": null,
            "current_ratio": null,
            "debt_ratio": null,
            "inventory_turnover_ratio": null,
            "account_receivable_turnover_ratio": null,
            "reinvestment_rate": null,
            "research_to_sale_ratio": null,
            "price_fair": 0,
            "eps_avg_yearly": 0,
            "eps_latest_yearly": 0,
            "eps_growth_yearly": 0
        },
        "20061": {
            "year_quarter": 20061,
            "year": 2006,
            "quarter": 1,
            "eps": null,
            "eps_growth_year": null,
            "eps_4q": null,
            "eps_4q_growth_year": null,
            "roe": null,
            "roe_4q": 0,
            "gross_profit": null,
            "gross_margin": null,
            "gross_margin_4q_avg": 0,
            "net_income": null,
            "revenue": null,
            "common_shares": null,
            "book_valuer_per_share": null,
            "book_valuer_per_share_4q_avg": 0,
            "equity": null,
            "current_ratio": null,
            "debt_ratio": null,
            "inventory_turnover_ratio": null,
            "account_receivable_turnover_ratio": null,
            "reinvestment_rate": null,
            "research_to_sale_ratio": null,
            "price_fair": 0,
            "eps_avg_yearly": 0,
            "eps_latest_yearly": 0,
            "eps_growth_yearly": 0
        },
        "20062": {
            "year_quarter": 20062,
            "year": 2006,
            "quarter": 2,
            "eps": null,
            "eps_growth_year": null,
            "eps_4q": null,
            "eps_4q_growth_year": null,
            "roe": null,
            "roe_4q": 0,
            "gross_profit": null,
            "gross_margin": null,
            "gross_margin_4q_avg": 0,
            "net_income": null,
            "revenue": null,
            "common_shares": null,
            "book_valuer_per_share": null,
            "book_valuer_per_share_4q_avg": 0,
            "equity": null,
            "current_ratio": null,
            "debt_ratio": null,
            "inventory_turnover_ratio": null,
            "account_receivable_turnover_ratio": null,
            "reinvestment_rate": null,
            "research_to_sale_ratio": null,
            "price_fair": 0,
            "eps_avg_yearly": 0,
            "eps_latest_yearly": 0,
            "eps_growth_yearly": 0
        },
        "20063": {
            "year_quarter": 20063,
            "year": 2006,
            "quarter": 3,
            "eps": null,
            "eps_growth_year": null,
            "eps_4q": null,
            "eps_4q_growth_year": null,
            "roe": null,
            "roe_4q": 0,
            "gross_profit": null,
            "gross_margin": null,
            "gross_margin_4q_avg": 0,
            "net_income": null,
            "revenue": null,
            "common_shares": null,
            "book_valuer_per_share": null,
            "book_valuer_per_share_4q_avg": 0,
            "equity": null,
            "current_ratio": null,
            "debt_ratio": null,
            "inventory_turnover_ratio": null,
            "account_receivable_turnover_ratio": null,
            "reinvestment_rate": null,
            "research_to_sale_ratio": null,
            "price_fair": 0,
            "eps_avg_yearly": 0,
            "eps_latest_yearly": 0,
            "eps_growth_yearly": 0
        },
        "20064": {
            "year_quarter": 20064,
            "year": 2006,
            "quarter": 4,
            "eps": null,
            "eps_growth_year": null,
            "eps_4q": null,
            "eps_4q_growth_year": null,
            "roe": null,
            "roe_4q": 0,
            "gross_profit": null,
            "gross_margin": null,
            "gross_margin_4q_avg": 0,
            "net_income": null,
            "revenue": null,
            "common_shares": null,
            "book_valuer_per_share": null,
            "book_valuer_per_share_4q_avg": 0,
            "equity": null,
            "current_ratio": null,
            "debt_ratio": null,
            "inventory_turnover_ratio": null,
            "account_receivable_turnover_ratio": null,
            "reinvestment_rate": null,
            "research_to_sale_ratio": null,
            "price_fair": 0,
            "eps_avg_yearly": 0,
            "eps_latest_yearly": 0,
            "eps_growth_yearly": 0
        },
        "20071": {
            "year_quarter": 20071,
            "year": 2007,
            "quarter": 1,
            "eps": null,
            "eps_growth_year": null,
            "eps_4q": null,
            "eps_4q_growth_year": null,
            "roe": null,
            "roe_4q": 0,
            "gross_profit": null,
            "gross_margin": null,
            "gross_margin_4q_avg": 0,
            "net_income": null,
            "revenue": null,
            "common_shares": null,
            "book_valuer_per_share": null,
            "book_valuer_per_share_4q_avg": 0,
            "equity": null,
            "current_ratio": null,
            "debt_ratio": null,
            "inventory_turnover_ratio": null,
            "account_receivable_turnover_ratio": null,
            "reinvestment_rate": null,
            "research_to_sale_ratio": null,
            "price_fair": 0,
            "eps_avg_yearly": 0,
            "eps_latest_yearly": 0,
            "eps_growth_yearly": 0
        },
        "20072": {
            "year_quarter": 20072,
            "year": 2007,
            "quarter": 2,
            "eps": null,
            "eps_growth_year": null,
            "eps_4q": null,
            "eps_4q_growth_year": null,
            "roe": null,
            "roe_4q": 0,
            "gross_profit": null,
            "gross_margin": null,
            "gross_margin_4q_avg": 0,
            "net_income": null,
            "revenue": null,
            "common_shares": null,
            "book_valuer_per_share": null,
            "book_valuer_per_share_4q_avg": 0,
            "equity": null,
            "current_ratio": null,
            "debt_ratio": null,
            "inventory_turnover_ratio": null,
            "account_receivable_turnover_ratio": null,
            "reinvestment_rate": null,
            "research_to_sale_ratio": null,
            "price_fair": 0,
            "eps_avg_yearly": 0,
            "eps_latest_yearly": 0,
            "eps_growth_yearly": 0
        },
        "20073": {
            "year_quarter": 20073,
            "year": 2007,
            "quarter": 3,
            "eps": null,
            "eps_growth_year": null,
            "eps_4q": null,
            "eps_4q_growth_year": null,
            "roe": null,
            "roe_4q": 0,
            "gross_profit": null,
            "gross_margin": null,
            "gross_margin_4q_avg": 0,
            "net_income": null,
            "revenue": null,
            "common_shares": null,
            "book_valuer_per_share": null,
            "book_valuer_per_share_4q_avg": 0,
            "equity": null,
            "current_ratio": null,
            "debt_ratio": null,
            "inventory_turnover_ratio": null,
            "account_receivable_turnover_ratio": null,
            "reinvestment_rate": null,
            "research_to_sale_ratio": null,
            "price_fair": 0,
            "eps_avg_yearly": 0,
            "eps_latest_yearly": 0,
            "eps_growth_yearly": 0
        },
        "20074": {
            "year_quarter": 20074,
            "year": 2007,
            "quarter": 4,
            "eps": null,
            "eps_growth_year": null,
            "eps_4q": null,
            "eps_4q_growth_year": null,
            "roe": null,
            "roe_4q": 0,
            "gross_profit": null,
            "gross_margin": null,
            "gross_margin_4q_avg": 0,
            "net_income": null,
            "revenue": null,
            "common_shares": null,
            "book_valuer_per_share": null,
            "book_valuer_per_share_4q_avg": 0,
            "equity": null,
            "current_ratio": null,
            "debt_ratio": null,
            "inventory_turnover_ratio": null,
            "account_receivable_turnover_ratio": null,
            "reinvestment_rate": null,
            "research_to_sale_ratio": null,
            "price_fair": 0,
            "eps_avg_yearly": 0,
            "eps_latest_yearly": 0,
            "eps_growth_yearly": 0
        },
        "20081": {
            "year_quarter": 20081,
            "year": 2008,
            "quarter": 1,
            "eps": null,
            "eps_growth_year": null,
            "eps_4q": null,
            "eps_4q_growth_year": null,
            "roe": null,
            "roe_4q": 0,
            "gross_profit": null,
            "gross_margin": null,
            "gross_margin_4q_avg": 0,
            "net_income": null,
            "revenue": null,
            "common_shares": null,
            "book_valuer_per_share": null,
            "book_valuer_per_share_4q_avg": 0,
            "equity": null,
            "current_ratio": null,
            "debt_ratio": null,
            "inventory_turnover_ratio": null,
            "account_receivable_turnover_ratio": null,
            "reinvestment_rate": null,
            "research_to_sale_ratio": null,
            "price_fair": 0,
            "eps_avg_yearly": 0,
            "eps_latest_yearly": 0,
            "eps_growth_yearly": 0
        },
        "20082": {
            "year_quarter": 20082,
            "year": 2008,
            "quarter": 2,
            "eps": null,
            "eps_growth_year": null,
            "eps_4q": null,
            "eps_4q_growth_year": null,
            "roe": null,
            "roe_4q": 0,
            "gross_profit": null,
            "gross_margin": null,
            "gross_margin_4q_avg": 0,
            "net_income": null,
            "revenue": null,
            "common_shares": null,
            "book_valuer_per_share": null,
            "book_valuer_per_share_4q_avg": 0,
            "equity": null,
            "current_ratio": null,
            "debt_ratio": null,
            "inventory_turnover_ratio": null,
            "account_receivable_turnover_ratio": null,
            "reinvestment_rate": null,
            "research_to_sale_ratio": null,
            "price_fair": 0,
            "eps_avg_yearly": 0,
            "eps_latest_yearly": 0,
            "eps_growth_yearly": 0
        },
        "20083": {
            "year_quarter": 20083,
            "year": 2008,
            "quarter": 3,
            "eps": null,
            "eps_growth_year": null,
            "eps_4q": null,
            "eps_4q_growth_year": null,
            "roe": null,
            "roe_4q": 0,
            "gross_profit": null,
            "gross_margin": null,
            "gross_margin_4q_avg": 0,
            "net_income": null,
            "revenue": null,
            "common_shares": null,
            "book_valuer_per_share": null,
            "book_valuer_per_share_4q_avg": 0,
            "equity": null,
            "current_ratio": null,
            "debt_ratio": null,
            "inventory_turnover_ratio": null,
            "account_receivable_turnover_ratio": null,
            "reinvestment_rate": null,
            "research_to_sale_ratio": null,
            "price_fair": 0,
            "eps_avg_yearly": 0,
            "eps_latest_yearly": 0,
            "eps_growth_yearly": 0
        },
        "20084": {
            "year_quarter": 20084,
            "year": 2008,
            "quarter": 4,
            "eps": null,
            "eps_growth_year": null,
            "eps_4q": null,
            "eps_4q_growth_year": null,
            "roe": null,
            "roe_4q": 0,
            "gross_profit": null,
            "gross_margin": null,
            "gross_margin_4q_avg": 0,
            "net_income": null,
            "revenue": null,
            "common_shares": 194984,
            "book_valuer_per_share": null,
            "book_valuer_per_share_4q_avg": 0,
            "equity": 202295,
            "current_ratio": null,
            "debt_ratio": null,
            "inventory_turnover_ratio": null,
            "account_receivable_turnover_ratio": null,
            "reinvestment_rate": null,
            "research_to_sale_ratio": null,
            "price_fair": 0,
            "eps_avg_yearly": 0,
            "eps_latest_yearly": 0,
            "eps_growth_yearly": 0
        },
        "20091": {
            "year_quarter": 20091,
            "year": 2009,
            "quarter": 1,
            "eps": null,
            "eps_growth_year": null,
            "eps_4q": null,
            "eps_4q_growth_year": null,
            "roe": null,
            "roe_4q": 0,
            "gross_profit": null,
            "gross_margin": null,
            "gross_margin_4q_avg": 0,
            "net_income": null,
            "revenue": null,
            "common_shares": null,
            "book_valuer_per_share": null,
            "book_valuer_per_share_4q_avg": 0,
            "equity": null,
            "current_ratio": null,
            "debt_ratio": null,
            "inventory_turnover_ratio": null,
            "account_receivable_turnover_ratio": null,
            "reinvestment_rate": null,
            "research_to_sale_ratio": null,
            "price_fair": 0,
            "eps_avg_yearly": 0,
            "eps_latest_yearly": 0,
            "eps_growth_yearly": 0
        },
        "20092": {
            "year_quarter": 20092,
            "year": 2009,
            "quarter": 2,
            "eps": null,
            "eps_growth_year": null,
            "eps_4q": null,
            "eps_4q_growth_year": null,
            "roe": null,
            "roe_4q": 0,
            "gross_profit": null,
            "gross_margin": null,
            "gross_margin_4q_avg": 0,
            "net_income": null,
            "revenue": null,
            "common_shares": 194984,
            "book_valuer_per_share": null,
            "book_valuer_per_share_4q_avg": 0,
            "equity": 198775,
            "current_ratio": null,
            "debt_ratio": null,
            "inventory_turnover_ratio": null,
            "account_receivable_turnover_ratio": null,
            "reinvestment_rate": null,
            "research_to_sale_ratio": null,
            "price_fair": 0,
            "eps_avg_yearly": 0,
            "eps_latest_yearly": 0,
            "eps_growth_yearly": 0
        },
        "20093": {
            "year_quarter": 20093,
            "year": 2009,
            "quarter": 3,
            "eps": null,
            "eps_growth_year": null,
            "eps_4q": null,
            "eps_4q_growth_year": null,
            "roe": null,
            "roe_4q": 0,
            "gross_profit": null,
            "gross_margin": null,
            "gross_margin_4q_avg": 0,
            "net_income": null,
            "revenue": null,
            "common_shares": null,
            "book_valuer_per_share": null,
            "book_valuer_per_share_4q_avg": 0,
            "equity": null,
            "current_ratio": null,
            "debt_ratio": null,
            "inventory_turnover_ratio": null,
            "account_receivable_turnover_ratio": null,
            "reinvestment_rate": null,
            "research_to_sale_ratio": null,
            "price_fair": 0,
            "eps_avg_yearly": 0,
            "eps_latest_yearly": 0,
            "eps_growth_yearly": 0
        },
        "20094": {
            "year_quarter": 20094,
            "year": 2009,
            "quarter": 4,
            "eps": null,
            "eps_growth_year": null,
            "eps_4q": null,
            "eps_4q_growth_year": null,
            "roe": null,
            "roe_4q": 0,
            "gross_profit": null,
            "gross_margin": null,
            "gross_margin_4q_avg": 0,
            "net_income": null,
            "revenue": null,
            "common_shares": 194984,
            "book_valuer_per_share": 10.37,
            "book_valuer_per_share_4q_avg": 2.59,
            "equity": 203043,
            "current_ratio": 228.6,
            "debt_ratio": 35.43,
            "inventory_turnover_ratio": null,
            "account_receivable_turnover_ratio": null,
            "reinvestment_rate": null,
            "research_to_sale_ratio": null,
            "price_fair": 0,
            "eps_avg_yearly": 0,
            "eps_latest_yearly": 0,
            "eps_growth_yearly": 0
        },
        "20101": {
            "year_quarter": 20101,
            "year": 2010,
            "quarter": 1,
            "eps": null,
            "eps_growth_year": null,
            "eps_4q": null,
            "eps_4q_growth_year": null,
            "roe": null,
            "roe_4q": 0,
            "gross_profit": null,
            "gross_margin": null,
            "gross_margin_4q_avg": 0,
            "net_income": null,
            "revenue": null,
            "common_shares": null,
            "book_valuer_per_share": null,
            "book_valuer_per_share_4q_avg": 2.59,
            "equity": null,
            "current_ratio": null,
            "debt_ratio": null,
            "inventory_turnover_ratio": null,
            "account_receivable_turnover_ratio": null,
            "reinvestment_rate": null,
            "research_to_sale_ratio": null,
            "price_fair": 0,
            "eps_avg_yearly": 0,
            "eps_latest_yearly": 0,
            "eps_growth_yearly": 0
        },
        "20102": {
            "year_quarter": 20102,
            "year": 2010,
            "quarter": 2,
            "eps": null,
            "eps_growth_year": null,
            "eps_4q": null,
            "eps_4q_growth_year": null,
            "roe": null,
            "roe_4q": 0,
            "gross_profit": null,
            "gross_margin": null,
            "gross_margin_4q_avg": 0,
            "net_income": null,
            "revenue": null,
            "common_shares": 194984,
            "book_valuer_per_share": 10.99,
            "book_valuer_per_share_4q_avg": 5.34,
            "equity": 215146,
            "current_ratio": 212.63,
            "debt_ratio": 38.18,
            "inventory_turnover_ratio": null,
            "account_receivable_turnover_ratio": null,
            "reinvestment_rate": null,
            "research_to_sale_ratio": null,
            "price_fair": 0,
            "eps_avg_yearly": 0,
            "eps_latest_yearly": 0,
            "eps_growth_yearly": 0
        },
        "20103": {
            "year_quarter": 20103,
            "year": 2010,
            "quarter": 3,
            "eps": null,
            "eps_growth_year": null,
            "eps_4q": null,
            "eps_4q_growth_year": null,
            "roe": null,
            "roe_4q": 0,
            "gross_profit": null,
            "gross_margin": null,
            "gross_margin_4q_avg": 0,
            "net_income": null,
            "revenue": null,
            "common_shares": null,
            "book_valuer_per_share": null,
            "book_valuer_per_share_4q_avg": 5.34,
            "equity": null,
            "current_ratio": null,
            "debt_ratio": null,
            "inventory_turnover_ratio": null,
            "account_receivable_turnover_ratio": null,
            "reinvestment_rate": null,
            "research_to_sale_ratio": null,
            "price_fair": 0,
            "eps_avg_yearly": 0,
            "eps_latest_yearly": 0,
            "eps_growth_yearly": 0
        },
        "20104": {
            "year_quarter": 20104,
            "year": 2010,
            "quarter": 4,
            "eps": null,
            "eps_growth_year": null,
            "eps_4q": null,
            "eps_4q_growth_year": null,
            "roe": null,
            "roe_4q": 0,
            "gross_profit": null,
            "gross_margin": null,
            "gross_margin_4q_avg": 0,
            "net_income": null,
            "revenue": null,
            "common_shares": 194984,
            "book_valuer_per_share": 11.82,
            "book_valuer_per_share_4q_avg": 5.7,
            "equity": 230721,
            "current_ratio": 204.41,
            "debt_ratio": 41.55,
            "inventory_turnover_ratio": null,
            "account_receivable_turnover_ratio": null,
            "reinvestment_rate": null,
            "research_to_sale_ratio": null,
            "price_fair": 0,
            "eps_avg_yearly": 0,
            "eps_latest_yearly": 0,
            "eps_growth_yearly": 0
        },
        "20111": {
            "year_quarter": 20111,
            "year": 2011,
            "quarter": 1,
            "eps": null,
            "eps_growth_year": null,
            "eps_4q": null,
            "eps_4q_growth_year": null,
            "roe": null,
            "roe_4q": 0,
            "gross_profit": null,
            "gross_margin": null,
            "gross_margin_4q_avg": 0,
            "net_income": null,
            "revenue": null,
            "common_shares": null,
            "book_valuer_per_share": null,
            "book_valuer_per_share_4q_avg": 5.7,
            "equity": null,
            "current_ratio": null,
            "debt_ratio": null,
            "inventory_turnover_ratio": null,
            "account_receivable_turnover_ratio": null,
            "reinvestment_rate": null,
            "research_to_sale_ratio": null,
            "price_fair": 0,
            "eps_avg_yearly": 0,
            "eps_latest_yearly": 0,
            "eps_growth_yearly": 0
        },
        "20112": {
            "year_quarter": 20112,
            "year": 2011,
            "quarter": 2,
            "eps": null,
            "eps_growth_year": null,
            "eps_4q": null,
            "eps_4q_growth_year": null,
            "roe": null,
            "roe_4q": 0,
            "gross_profit": null,
            "gross_margin": null,
            "gross_margin_4q_avg": 0,
            "net_income": null,
            "revenue": null,
            "common_shares": 194984,
            "book_valuer_per_share": 11.75,
            "book_valuer_per_share_4q_avg": 5.89,
            "equity": 229881,
            "current_ratio": 218.55,
            "debt_ratio": 38.63,
            "inventory_turnover_ratio": null,
            "account_receivable_turnover_ratio": null,
            "reinvestment_rate": null,
            "research_to_sale_ratio": null,
            "price_fair": 0,
            "eps_avg_yearly": 0,
            "eps_latest_yearly": 0,
            "eps_growth_yearly": 0
        },
        "20113": {
            "year_quarter": 20113,
            "year": 2011,
            "quarter": 3,
            "eps": null,
            "eps_growth_year": null,
            "eps_4q": null,
            "eps_4q_growth_year": null,
            "roe": null,
            "roe_4q": 0,
            "gross_profit": null,
            "gross_margin": null,
            "gross_margin_4q_avg": 0,
            "net_income": null,
            "revenue": null,
            "common_shares": null,
            "book_valuer_per_share": null,
            "book_valuer_per_share_4q_avg": 5.89,
            "equity": null,
            "current_ratio": null,
            "debt_ratio": null,
            "inventory_turnover_ratio": null,
            "account_receivable_turnover_ratio": null,
            "reinvestment_rate": null,
            "research_to_sale_ratio": null,
            "price_fair": 0,
            "eps_avg_yearly": 0,
            "eps_latest_yearly": 0,
            "eps_growth_yearly": 0
        },
        "20114": {
            "year_quarter": 20114,
            "year": 2011,
            "quarter": 4,
            "eps": null,
            "eps_growth_year": null,
            "eps_4q": null,
            "eps_4q_growth_year": null,
            "roe": null,
            "roe_4q": 0,
            "gross_profit": null,
            "gross_margin": null,
            "gross_margin_4q_avg": 0,
            "net_income": null,
            "revenue": null,
            "common_shares": 218405,
            "book_valuer_per_share": 11.45,
            "book_valuer_per_share_4q_avg": 5.8,
            "equity": 250675,
            "current_ratio": 175.88,
            "debt_ratio": 49.83,
            "inventory_turnover_ratio": null,
            "account_receivable_turnover_ratio": null,
            "reinvestment_rate": null,
            "research_to_sale_ratio": null,
            "price_fair": 0,
            "eps_avg_yearly": 0,
            "eps_latest_yearly": 0,
            "eps_growth_yearly": 0
        },
        "20121": {
            "year_quarter": 20121,
            "year": 2012,
            "quarter": 1,
            "eps": null,
            "eps_growth_year": null,
            "eps_4q": null,
            "eps_4q_growth_year": null,
            "roe": null,
            "roe_4q": 0,
            "gross_profit": null,
            "gross_margin": null,
            "gross_margin_4q_avg": 0,
            "net_income": null,
            "revenue": null,
            "common_shares": null,
            "book_valuer_per_share": null,
            "book_valuer_per_share_4q_avg": 5.8,
            "equity": null,
            "current_ratio": null,
            "debt_ratio": null,
            "inventory_turnover_ratio": null,
            "account_receivable_turnover_ratio": null,
            "reinvestment_rate": null,
            "research_to_sale_ratio": null,
            "price_fair": 0,
            "eps_avg_yearly": 0,
            "eps_latest_yearly": 0,
            "eps_growth_yearly": 0
        },
        "20122": {
            "year_quarter": 20122,
            "year": 2012,
            "quarter": 2,
            "eps": null,
            "eps_growth_year": null,
            "eps_4q": null,
            "eps_4q_growth_year": null,
            "roe": null,
            "roe_4q": 0,
            "gross_profit": null,
            "gross_margin": null,
            "gross_margin_4q_avg": 0,
            "net_income": null,
            "revenue": null,
            "common_shares": 218405,
            "book_valuer_per_share": 12.15,
            "book_valuer_per_share_4q_avg": 5.9,
            "equity": 265936,
            "current_ratio": 201.98,
            "debt_ratio": 43.18,
            "inventory_turnover_ratio": null,
            "account_receivable_turnover_ratio": null,
            "reinvestment_rate": null,
            "research_to_sale_ratio": null,
            "price_fair": 0,
            "eps_avg_yearly": 0,
            "eps_latest_yearly": 0,
            "eps_growth_yearly": 0
        },
        "20123": {
            "year_quarter": 20123,
            "year": 2012,
            "quarter": 3,
            "eps": null,
            "eps_growth_year": null,
            "eps_4q": null,
            "eps_4q_growth_year": null,
            "roe": null,
            "roe_4q": 0,
            "gross_profit": null,
            "gross_margin": null,
            "gross_margin_4q_avg": 0,
            "net_income": null,
            "revenue": null,
            "common_shares": null,
            "book_valuer_per_share": null,
            "book_valuer_per_share_4q_avg": 5.9,
            "equity": null,
            "current_ratio": null,
            "debt_ratio": null,
            "inventory_turnover_ratio": null,
            "account_receivable_turnover_ratio": null,
            "reinvestment_rate": null,
            "research_to_sale_ratio": null,
            "price_fair": 0,
            "eps_avg_yearly": 0,
            "eps_latest_yearly": 0,
            "eps_growth_yearly": 0
        },
        "20124": {
            "year_quarter": 20124,
            "year": 2012,
            "quarter": 4,
            "eps": null,
            "eps_growth_year": null,
            "eps_4q": null,
            "eps_4q_growth_year": null,
            "roe": null,
            "roe_4q": 0,
            "gross_profit": null,
            "gross_margin": null,
            "gross_margin_4q_avg": 0,
            "net_income": null,
            "revenue": null,
            "common_shares": 230153,
            "book_valuer_per_share": 12.43,
            "book_valuer_per_share_4q_avg": 6.15,
            "equity": 286535,
            "current_ratio": 174.25,
            "debt_ratio": 52.5,
            "inventory_turnover_ratio": null,
            "account_receivable_turnover_ratio": null,
            "reinvestment_rate": null,
            "research_to_sale_ratio": null,
            "price_fair": 0,
            "eps_avg_yearly": 0,
            "eps_latest_yearly": 0,
            "eps_growth_yearly": 0
        },
        "20131": {
            "year_quarter": 20131,
            "year": 2013,
            "quarter": 1,
            "eps": null,
            "eps_growth_year": null,
            "eps_4q": null,
            "eps_4q_growth_year": null,
            "roe": null,
            "roe_4q": 0,
            "gross_profit": null,
            "gross_margin": null,
            "gross_margin_4q_avg": 0,
            "net_income": null,
            "revenue": null,
            "common_shares": null,
            "book_valuer_per_share": null,
            "book_valuer_per_share_4q_avg": 6.15,
            "equity": null,
            "current_ratio": null,
            "debt_ratio": null,
            "inventory_turnover_ratio": null,
            "account_receivable_turnover_ratio": null,
            "reinvestment_rate": null,
            "research_to_sale_ratio": null,
            "price_fair": 0,
            "eps_avg_yearly": 0,
            "eps_latest_yearly": 0,
            "eps_growth_yearly": 0
        },
        "20132": {
            "year_quarter": 20132,
            "year": 2013,
            "quarter": 2,
            "eps": null,
            "eps_growth_year": null,
            "eps_4q": null,
            "eps_4q_growth_year": null,
            "roe": null,
            "roe_4q": 0,
            "gross_profit": null,
            "gross_margin": null,
            "gross_margin_4q_avg": 0,
            "net_income": null,
            "revenue": null,
            "common_shares": 230153,
            "book_valuer_per_share": 13.43,
            "book_valuer_per_share_4q_avg": 6.47,
            "equity": 309051,
            "current_ratio": 225.9,
            "debt_ratio": 41.06,
            "inventory_turnover_ratio": null,
            "account_receivable_turnover_ratio": null,
            "reinvestment_rate": null,
            "research_to_sale_ratio": null,
            "price_fair": 0,
            "eps_avg_yearly": 0,
            "eps_latest_yearly": 0,
            "eps_growth_yearly": 0
        },
        "20133": {
            "year_quarter": 20133,
            "year": 2013,
            "quarter": 3,
            "eps": null,
            "eps_growth_year": null,
            "eps_4q": null,
            "eps_4q_growth_year": null,
            "roe": null,
            "roe_4q": 0,
            "gross_profit": null,
            "gross_margin": null,
            "gross_margin_4q_avg": 0,
            "net_income": null,
            "revenue": null,
            "common_shares": null,
            "book_valuer_per_share": null,
            "book_valuer_per_share_4q_avg": 6.47,
            "equity": null,
            "current_ratio": null,
            "debt_ratio": null,
            "inventory_turnover_ratio": null,
            "account_receivable_turnover_ratio": null,
            "reinvestment_rate": null,
            "research_to_sale_ratio": null,
            "price_fair": 0,
            "eps_avg_yearly": 0,
            "eps_latest_yearly": 0,
            "eps_growth_yearly": 0
        },
        "20134": {
            "year_quarter": 20134,
            "year": 2013,
            "quarter": 4,
            "eps": null,
            "eps_growth_year": null,
            "eps_4q": null,
            "eps_4q_growth_year": null,
            "roe": null,
            "roe_4q": 0,
            "gross_profit": null,
            "gross_margin": null,
            "gross_margin_4q_avg": 0,
            "net_income": null,
            "revenue": null,
            "common_shares": 251697,
            "book_valuer_per_share": 12.16,
            "book_valuer_per_share_4q_avg": 6.4,
            "equity": 306157,
            "current_ratio": 211.88,
            "debt_ratio": 42.21,
            "inventory_turnover_ratio": null,
            "account_receivable_turnover_ratio": null,
            "reinvestment_rate": null,
            "research_to_sale_ratio": null,
            "price_fair": 0,
            "eps_avg_yearly": 0,
            "eps_latest_yearly": 0,
            "eps_growth_yearly": 0
        },
        "20141": {
            "year_quarter": 20141,
            "year": 2014,
            "quarter": 1,
            "eps": null,
            "eps_growth_year": null,
            "eps_4q": null,
            "eps_4q_growth_year": null,
            "roe": null,
            "roe_4q": 0,
            "gross_profit": null,
            "gross_margin": null,
            "gross_margin_4q_avg": 0,
            "net_income": null,
            "revenue": null,
            "common_shares": null,
            "book_valuer_per_share": null,
            "book_valuer_per_share_4q_avg": 6.4,
            "equity": null,
            "current_ratio": null,
            "debt_ratio": null,
            "inventory_turnover_ratio": null,
            "account_receivable_turnover_ratio": null,
            "reinvestment_rate": null,
            "research_to_sale_ratio": null,
            "price_fair": 0,
            "eps_avg_yearly": 0,
            "eps_latest_yearly": 0,
            "eps_growth_yearly": 0
        },
        "20142": {
            "year_quarter": 20142,
            "year": 2014,
            "quarter": 2,
            "eps": null,
            "eps_growth_year": null,
            "eps_4q": null,
            "eps_4q_growth_year": null,
            "roe": null,
            "roe_4q": 0,
            "gross_profit": null,
            "gross_margin": null,
            "gross_margin_4q_avg": 0,
            "net_income": null,
            "revenue": null,
            "common_shares": 251697,
            "book_valuer_per_share": 12.41,
            "book_valuer_per_share_4q_avg": 6.14,
            "equity": 312328,
            "current_ratio": 179.9,
            "debt_ratio": 49.56,
            "inventory_turnover_ratio": null,
            "account_receivable_turnover_ratio": null,
            "reinvestment_rate": null,
            "research_to_sale_ratio": null,
            "price_fair": 0,
            "eps_avg_yearly": 0,
            "eps_latest_yearly": 0,
            "eps_growth_yearly": 0
        },
        "20143": {
            "year_quarter": 20143,
            "year": 2014,
            "quarter": 3,
            "eps": null,
            "eps_growth_year": null,
            "eps_4q": null,
            "eps_4q_growth_year": null,
            "roe": null,
            "roe_4q": 0,
            "gross_profit": null,
            "gross_margin": null,
            "gross_margin_4q_avg": 0,
            "net_income": null,
            "revenue": null,
            "common_shares": null,
            "book_valuer_per_share": null,
            "book_valuer_per_share_4q_avg": 6.14,
            "equity": null,
            "current_ratio": null,
            "debt_ratio": null,
            "inventory_turnover_ratio": null,
            "account_receivable_turnover_ratio": null,
            "reinvestment_rate": null,
            "research_to_sale_ratio": null,
            "price_fair": 0,
            "eps_avg_yearly": 0,
            "eps_latest_yearly": 0,
            "eps_growth_yearly": 0
        },
        "20144": {
            "year_quarter": 20144,
            "year": 2014,
            "quarter": 4,
            "eps": null,
            "eps_growth_year": null,
            "eps_4q": null,
            "eps_4q_growth_year": null,
            "roe": null,
            "roe_4q": 0,
            "gross_profit": null,
            "gross_margin": null,
            "gross_margin_4q_avg": 0,
            "net_income": null,
            "revenue": null,
            "common_shares": 271332,
            "book_valuer_per_share": 12.78,
            "book_valuer_per_share_4q_avg": 6.3,
            "equity": 346629,
            "current_ratio": 187.93,
            "debt_ratio": 48.01,
            "inventory_turnover_ratio": null,
            "account_receivable_turnover_ratio": null,
            "reinvestment_rate": null,
            "research_to_sale_ratio": null,
            "price_fair": 0,
            "eps_avg_yearly": 0,
            "eps_latest_yearly": 0,
            "eps_growth_yearly": 0
        },
        "20151": {
            "year_quarter": 20151,
            "year": 2015,
            "quarter": 1,
            "eps": null,
            "eps_growth_year": null,
            "eps_4q": null,
            "eps_4q_growth_year": null,
            "roe": null,
            "roe_4q": 0,
            "gross_profit": null,
            "gross_margin": null,
            "gross_margin_4q_avg": 0,
            "net_income": null,
            "revenue": null,
            "common_shares": null,
            "book_valuer_per_share": null,
            "book_valuer_per_share_4q_avg": 6.3,
            "equity": null,
            "current_ratio": null,
            "debt_ratio": null,
            "inventory_turnover_ratio": null,
            "account_receivable_turnover_ratio": null,
            "reinvestment_rate": null,
            "research_to_sale_ratio": null,
            "price_fair": 0,
            "eps_avg_yearly": 0,
            "eps_latest_yearly": 0,
            "eps_growth_yearly": 0
        },
        "20152": {
            "year_quarter": 20152,
            "year": 2015,
            "quarter": 2,
            "eps": null,
            "eps_growth_year": null,
            "eps_4q": null,
            "eps_4q_growth_year": null,
            "roe": null,
            "roe_4q": 0,
            "gross_profit": null,
            "gross_margin": null,
            "gross_margin_4q_avg": 0,
            "net_income": null,
            "revenue": null,
            "common_shares": 271332,
            "book_valuer_per_share": 12.87,
            "book_valuer_per_share_4q_avg": 6.41,
            "equity": 349313,
            "current_ratio": 217.16,
            "debt_ratio": 41.43,
            "inventory_turnover_ratio": null,
            "account_receivable_turnover_ratio": null,
            "reinvestment_rate": null,
            "research_to_sale_ratio": null,
            "price_fair": 0,
            "eps_avg_yearly": 0,
            "eps_latest_yearly": 0,
            "eps_growth_yearly": 0
        },
        "20153": {
            "year_quarter": 20153,
            "year": 2015,
            "quarter": 3,
            "eps": null,
            "eps_growth_year": null,
            "eps_4q": null,
            "eps_4q_growth_year": null,
            "roe": null,
            "roe_4q": 0,
            "gross_profit": null,
            "gross_margin": null,
            "gross_margin_4q_avg": 0,
            "net_income": null,
            "revenue": null,
            "common_shares": null,
            "book_valuer_per_share": null,
            "book_valuer_per_share_4q_avg": 6.41,
            "equity": null,
            "current_ratio": null,
            "debt_ratio": null,
            "inventory_turnover_ratio": null,
            "account_receivable_turnover_ratio": null,
            "reinvestment_rate": null,
            "research_to_sale_ratio": null,
            "price_fair": 0,
            "eps_avg_yearly": 0,
            "eps_latest_yearly": 0,
            "eps_growth_yearly": 0
        },
        "20154": {
            "year_quarter": 20154,
            "year": 2015,
            "quarter": 4,
            "eps": null,
            "eps_growth_year": null,
            "eps_4q": null,
            "eps_4q_growth_year": null,
            "roe": null,
            "roe_4q": 0,
            "gross_profit": null,
            "gross_margin": null,
            "gross_margin_4q_avg": 0,
            "net_income": null,
            "revenue": null,
            "common_shares": 290576,
            "book_valuer_per_share": 13.74,
            "book_valuer_per_share_4q_avg": 6.65,
            "equity": 399342,
            "current_ratio": 181.86,
            "debt_ratio": 50.95,
            "inventory_turnover_ratio": null,
            "account_receivable_turnover_ratio": null,
            "reinvestment_rate": null,
            "research_to_sale_ratio": null,
            "price_fair": 0,
            "eps_avg_yearly": 0,
            "eps_latest_yearly": 0,
            "eps_growth_yearly": 0
        },
        "20161": {
            "year_quarter": 20161,
            "year": 2016,
            "quarter": 1,
            "eps": null,
            "eps_growth_year": null,
            "eps_4q": null,
            "eps_4q_growth_year": null,
            "roe": null,
            "roe_4q": 0,
            "gross_profit": null,
            "gross_margin": null,
            "gross_margin_4q_avg": 0,
            "net_income": null,
            "revenue": null,
            "common_shares": null,
            "book_valuer_per_share": null,
            "book_valuer_per_share_4q_avg": 6.65,
            "equity": null,
            "current_ratio": null,
            "debt_ratio": null,
            "inventory_turnover_ratio": null,
            "account_receivable_turnover_ratio": null,
            "reinvestment_rate": null,
            "research_to_sale_ratio": null,
            "price_fair": 0,
            "eps_avg_yearly": 0,
            "eps_latest_yearly": 0,
            "eps_growth_yearly": 0
        },
        "20162": {
            "year_quarter": 20162,
            "year": 2016,
            "quarter": 2,
            "eps": null,
            "eps_growth_year": null,
            "eps_4q": null,
            "eps_4q_growth_year": null,
            "roe": null,
            "roe_4q": 0,
            "gross_profit": null,
            "gross_margin": null,
            "gross_margin_4q_avg": 0,
            "net_income": null,
            "revenue": null,
            "common_shares": 290576,
            "book_valuer_per_share": 13.93,
            "book_valuer_per_share_4q_avg": 6.92,
            "equity": 404693,
            "current_ratio": 233.42,
            "debt_ratio": 39.37,
            "inventory_turnover_ratio": null,
            "account_receivable_turnover_ratio": null,
            "reinvestment_rate": null,
            "research_to_sale_ratio": null,
            "price_fair": 0,
            "eps_avg_yearly": 0,
            "eps_latest_yearly": 0,
            "eps_growth_yearly": 0
        },
        "20163": {
            "year_quarter": 20163,
            "year": 2016,
            "quarter": 3,
            "eps": null,
            "eps_growth_year": null,
            "eps_4q": null,
            "eps_4q_growth_year": null,
            "roe": null,
            "roe_4q": 0,
            "gross_profit": null,
            "gross_margin": null,
            "gross_margin_4q_avg": 0,
            "net_income": null,
            "revenue": null,
            "common_shares": null,
            "book_valuer_per_share": null,
            "book_valuer_per_share_4q_avg": 6.92,
            "equity": null,
            "current_ratio": null,
            "debt_ratio": null,
            "inventory_turnover_ratio": null,
            "account_receivable_turnover_ratio": null,
            "reinvestment_rate": null,
            "research_to_sale_ratio": null,
            "price_fair": 0,
            "eps_avg_yearly": 0,
            "eps_latest_yearly": 0,
            "eps_growth_yearly": 0
        },
        "20164": {
            "year_quarter": 20164,
            "year": 2016,
            "quarter": 4,
            "eps": null,
            "eps_growth_year": null,
            "eps_4q": null,
            "eps_4q_growth_year": null,
            "roe": null,
            "roe_4q": 0,
            "gross_profit": null,
            "gross_margin": null,
            "gross_margin_4q_avg": 0,
            "net_income": null,
            "revenue": null,
            "common_shares": null,
            "book_valuer_per_share": null,
            "book_valuer_per_share_4q_avg": 3.48,
            "equity": null,
            "current_ratio": null,
            "debt_ratio": null,
            "inventory_turnover_ratio": null,
            "account_receivable_turnover_ratio": null,
            "reinvestment_rate": null,
            "research_to_sale_ratio": null,
            "price_fair": 0,
            "eps_avg_yearly": 0,
            "eps_latest_yearly": 0,
            "eps_growth_yearly": 0
        },
        "20171": {
            "year_quarter": 20171,
            "year": 2017,
            "quarter": 1,
            "eps": null,
            "eps_growth_year": null,
            "eps_4q": null,
            "eps_4q_growth_year": null,
            "roe": null,
            "roe_4q": 0,
            "gross_profit": null,
            "gross_margin": null,
            "gross_margin_4q_avg": 0,
            "net_income": null,
            "revenue": null,
            "common_shares": null,
            "book_valuer_per_share": null,
            "book_valuer_per_share_4q_avg": 3.48,
            "equity": null,
            "current_ratio": null,
            "debt_ratio": null,
            "inventory_turnover_ratio": null,
            "account_receivable_turnover_ratio": null,
            "reinvestment_rate": null,
            "research_to_sale_ratio": null,
            "price_fair": 0,
            "eps_avg_yearly": 0,
            "eps_latest_yearly": 0,
            "eps_growth_yearly": 0
        },
        "20172": {
            "year_quarter": 20172,
            "year": 2017,
            "quarter": 2,
            "eps": null,
            "eps_growth_year": null,
            "eps_4q": null,
            "eps_4q_growth_year": null,
            "roe": null,
            "roe_4q": 0,
            "gross_profit": null,
            "gross_margin": null,
            "gross_margin_4q_avg": 0,
            "net_income": null,
            "revenue": null,
            "common_shares": 329783,
            "book_valuer_per_share": 11.69,
            "book_valuer_per_share_4q_avg": 2.92,
            "equity": 385591,
            "current_ratio": 268.76,
            "debt_ratio": 34.12,
            "inventory_turnover_ratio": null,
            "account_receivable_turnover_ratio": null,
            "reinvestment_rate": null,
            "research_to_sale_ratio": null,
            "price_fair": 0,
            "eps_avg_yearly": 0,
            "eps_latest_yearly": 0,
            "eps_growth_yearly": 0
        },
        "20173": {
            "year_quarter": 20173,
            "year": 2017,
            "quarter": 3,
            "eps": null,
            "eps_growth_year": null,
            "eps_4q": null,
            "eps_4q_growth_year": null,
            "roe": null,
            "roe_4q": 0,
            "gross_profit": null,
            "gross_margin": null,
            "gross_margin_4q_avg": 0,
            "net_income": null,
            "revenue": null,
            "common_shares": null,
            "book_valuer_per_share": null,
            "book_valuer_per_share_4q_avg": 2.92,
            "equity": null,
            "current_ratio": null,
            "debt_ratio": null,
            "inventory_turnover_ratio": null,
            "account_receivable_turnover_ratio": null,
            "reinvestment_rate": null,
            "research_to_sale_ratio": null,
            "price_fair": 0,
            "eps_avg_yearly": 0,
            "eps_latest_yearly": 0,
            "eps_growth_yearly": 0
        },
        "20174": {
            "year_quarter": 20174,
            "year": 2017,
            "quarter": 4,
            "eps": null,
            "eps_growth_year": null,
            "eps_4q": null,
            "eps_4q_growth_year": null,
            "roe": null,
            "roe_4q": 0,
            "gross_profit": null,
            "gross_margin": null,
            "gross_margin_4q_avg": 0,
            "net_income": null,
            "revenue": null,
            "common_shares": 329783,
            "book_valuer_per_share": 11.57,
            "book_valuer_per_share_4q_avg": 5.82,
            "equity": 381686,
            "current_ratio": 256.29,
            "debt_ratio": 34.37,
            "inventory_turnover_ratio": null,
            "account_receivable_turnover_ratio": null,
            "reinvestment_rate": null,
            "research_to_sale_ratio": null,
            "price_fair": 0,
            "eps_avg_yearly": 0,
            "eps_latest_yearly": 0,
            "eps_growth_yearly": 0
        },
        "20181": {
            "year_quarter": 20181,
            "year": 2018,
            "quarter": 1,
            "eps": null,
            "eps_growth_year": null,
            "eps_4q": null,
            "eps_4q_growth_year": null,
            "roe": null,
            "roe_4q": 0,
            "gross_profit": null,
            "gross_margin": null,
            "gross_margin_4q_avg": 0,
            "net_income": null,
            "revenue": null,
            "common_shares": null,
            "book_valuer_per_share": null,
            "book_valuer_per_share_4q_avg": 5.82,
            "equity": null,
            "current_ratio": null,
            "debt_ratio": null,
            "inventory_turnover_ratio": null,
            "account_receivable_turnover_ratio": null,
            "reinvestment_rate": null,
            "research_to_sale_ratio": null,
            "price_fair": 0,
            "eps_avg_yearly": 0,
            "eps_latest_yearly": 0,
            "eps_growth_yearly": 0
        },
        "20182": {
            "year_quarter": 20182,
            "year": 2018,
            "quarter": 2,
            "eps": null,
            "eps_growth_year": null,
            "eps_4q": null,
            "eps_4q_growth_year": null,
            "roe": null,
            "roe_4q": 0,
            "gross_profit": null,
            "gross_margin": null,
            "gross_margin_4q_avg": 0,
            "net_income": null,
            "revenue": null,
            "common_shares": 329783,
            "book_valuer_per_share": 11.05,
            "book_valuer_per_share_4q_avg": 5.66,
            "equity": 361048,
            "current_ratio": 229.3,
            "debt_ratio": 36.83,
            "inventory_turnover_ratio": null,
            "account_receivable_turnover_ratio": null,
            "reinvestment_rate": null,
            "research_to_sale_ratio": null,
            "price_fair": 0,
            "eps_avg_yearly": 0,
            "eps_latest_yearly": 0,
            "eps_growth_yearly": 0
        },
        "20183": {
            "year_quarter": 20183,
            "year": 2018,
            "quarter": 3,
            "eps": null,
            "eps_growth_year": null,
            "eps_4q": null,
            "eps_4q_growth_year": null,
            "roe": null,
            "roe_4q": 0,
            "gross_profit": null,
            "gross_margin": null,
            "gross_margin_4q_avg": 0,
            "net_income": null,
            "revenue": null,
            "common_shares": null,
            "book_valuer_per_share": null,
            "book_valuer_per_share_4q_avg": 5.66,
            "equity": null,
            "current_ratio": null,
            "debt_ratio": null,
            "inventory_turnover_ratio": null,
            "account_receivable_turnover_ratio": null,
            "reinvestment_rate": null,
            "research_to_sale_ratio": null,
            "price_fair": 0,
            "eps_avg_yearly": 0,
            "eps_latest_yearly": 0,
            "eps_growth_yearly": 0
        },
        "20184": {
            "year_quarter": 20184,
            "year": 2018,
            "quarter": 4,
            "eps": null,
            "eps_growth_year": null,
            "eps_4q": null,
            "eps_4q_growth_year": null,
            "roe": null,
            "roe_4q": 0,
            "gross_profit": null,
            "gross_margin": null,
            "gross_margin_4q_avg": 0,
            "net_income": null,
            "revenue": null,
            "common_shares": 329783,
            "book_valuer_per_share": 11.89,
            "book_valuer_per_share_4q_avg": 5.74,
            "equity": 388550,
            "current_ratio": 213.03,
            "debt_ratio": 41.09,
            "inventory_turnover_ratio": null,
            "account_receivable_turnover_ratio": null,
            "reinvestment_rate": null,
            "research_to_sale_ratio": null,
            "price_fair": 0,
            "eps_avg_yearly": 0,
            "eps_latest_yearly": 0,
            "eps_growth_yearly": 0
        },
        "20191": {
            "year_quarter": 20191,
            "year": 2019,
            "quarter": 1,
            "eps": null,
            "eps_growth_year": null,
            "eps_4q": null,
            "eps_4q_growth_year": null,
            "roe": null,
            "roe_4q": 0,
            "gross_profit": null,
            "gross_margin": null,
            "gross_margin_4q_avg": 0,
            "net_income": null,
            "revenue": null,
            "common_shares": null,
            "book_valuer_per_share": null,
            "book_valuer_per_share_4q_avg": 5.74,
            "equity": null,
            "current_ratio": null,
            "debt_ratio": null,
            "inventory_turnover_ratio": null,
            "account_receivable_turnover_ratio": null,
            "reinvestment_rate": null,
            "research_to_sale_ratio": null,
            "price_fair": 0,
            "eps_avg_yearly": 0,
            "eps_latest_yearly": 0,
            "eps_growth_yearly": 0
        },
        "20192": {
            "year_quarter": 20192,
            "year": 2019,
            "quarter": 2,
            "eps": null,
            "eps_growth_year": null,
            "eps_4q": null,
            "eps_4q_growth_year": null,
            "roe": null,
            "roe_4q": 0,
            "gross_profit": null,
            "gross_margin": null,
            "gross_margin_4q_avg": 0,
            "net_income": null,
            "revenue": null,
            "common_shares": 329783,
            "book_valuer_per_share": 11.49,
            "book_valuer_per_share_4q_avg": 5.85,
            "equity": 375610,
            "current_ratio": 234.94,
            "debt_ratio": 37.72,
            "inventory_turnover_ratio": null,
            "account_receivable_turnover_ratio": null,
            "reinvestment_rate": null,
            "research_to_sale_ratio": null,
            "price_fair": 0,
            "eps_avg_yearly": 0,
            "eps_latest_yearly": 0,
            "eps_growth_yearly": 0
        },
        "20193": {
            "year_quarter": 20193,
            "year": 2019,
            "quarter": 3,
            "eps": null,
            "eps_growth_year": null,
            "eps_4q": null,
            "eps_4q_growth_year": null,
            "roe": null,
            "roe_4q": 0,
            "gross_profit": null,
            "gross_margin": null,
            "gross_margin_4q_avg": 0,
            "net_income": null,
            "revenue": null,
            "common_shares": null,
            "book_valuer_per_share": null,
            "book_valuer_per_share_4q_avg": 5.85,
            "equity": null,
            "current_ratio": null,
            "debt_ratio": null,
            "inventory_turnover_ratio": null,
            "account_receivable_turnover_ratio": null,
            "reinvestment_rate": null,
            "research_to_sale_ratio": null,
            "price_fair": 0,
            "eps_avg_yearly": 0,
            "eps_latest_yearly": 0,
            "eps_growth_yearly": 0
        },
        "20194": {
            "year_quarter": 20194,
            "year": 2019,
            "quarter": 4,
            "eps": null,
            "eps_growth_year": null,
            "eps_4q": null,
            "eps_4q_growth_year": null,
            "roe": null,
            "roe_4q": 0,
            "gross_profit": null,
            "gross_margin": null,
            "gross_margin_4q_avg": 0,
            "net_income": null,
            "revenue": null,
            "common_shares": 329783,
            "book_valuer_per_share": 10.78,
            "book_valuer_per_share_4q_avg": 5.57,
            "equity": 352234,
            "current_ratio": 263.72,
            "debt_ratio": 32.1,
            "inventory_turnover_ratio": null,
            "account_receivable_turnover_ratio": null,
            "reinvestment_rate": null,
            "research_to_sale_ratio": null,
            "price_fair": 0,
            "eps_avg_yearly": 0,
            "eps_latest_yearly": 0,
            "eps_growth_yearly": 0
        },
        "20201": {
            "year_quarter": 20201,
            "year": 2020,
            "quarter": 1,
            "eps": null,
            "eps_growth_year": null,
            "eps_4q": null,
            "eps_4q_growth_year": null,
            "roe": null,
            "roe_4q": 0,
            "gross_profit": null,
            "gross_margin": null,
            "gross_margin_4q_avg": 0,
            "net_income": null,
            "revenue": null,
            "common_shares": null,
            "book_valuer_per_share": null,
            "book_valuer_per_share_4q_avg": 5.57,
            "equity": null,
            "current_ratio": null,
            "debt_ratio": null,
            "inventory_turnover_ratio": null,
            "account_receivable_turnover_ratio": null,
            "reinvestment_rate": null,
            "research_to_sale_ratio": null,
            "price_fair": 0,
            "eps_avg_yearly": 0,
            "eps_latest_yearly": 0,
            "eps_growth_yearly": 0
        },
        "20202": {
            "year_quarter": 20202,
            "year": 2020,
            "quarter": 2,
            "eps": null,
            "eps_growth_year": null,
            "eps_4q": null,
            "eps_4q_growth_year": null,
            "roe": null,
            "roe_4q": 0,
            "gross_profit": null,
            "gross_margin": null,
            "gross_margin_4q_avg": 0,
            "net_income": null,
            "revenue": null,
            "common_shares": 329783,
            "book_valuer_per_share": 10.13,
            "book_valuer_per_share_4q_avg": 5.23,
            "equity": 331190,
            "current_ratio": 223.75,
            "debt_ratio": 38.13,
            "inventory_turnover_ratio": null,
            "account_receivable_turnover_ratio": null,
            "reinvestment_rate": null,
            "research_to_sale_ratio": null,
            "price_fair": 0,
            "eps_avg_yearly": 0,
            "eps_latest_yearly": 0,
            "eps_growth_yearly": 0
        },
        "20203": {
            "year_quarter": 20203,
            "year": 2020,
            "quarter": 3,
            "eps": null,
            "eps_growth_year": null,
            "eps_4q": null,
            "eps_4q_growth_year": null,
            "roe": null,
            "roe_4q": 0,
            "gross_profit": null,
            "gross_margin": null,
            "gross_margin_4q_avg": 0,
            "net_income": null,
            "revenue": null,
            "common_shares": null,
            "book_valuer_per_share": null,
            "book_valuer_per_share_4q_avg": 5.23,
            "equity": null,
            "current_ratio": null,
            "debt_ratio": null,
            "inventory_turnover_ratio": null,
            "account_receivable_turnover_ratio": null,
            "reinvestment_rate": null,
            "research_to_sale_ratio": null,
            "price_fair": 0,
            "eps_avg_yearly": 0,
            "eps_latest_yearly": 0,
            "eps_growth_yearly": 0
        },
        "20204": {
            "year_quarter": 20204,
            "year": 2020,
            "quarter": 4,
            "eps": null,
            "eps_growth_year": null,
            "eps_4q": null,
            "eps_4q_growth_year": null,
            "roe": null,
            "roe_4q": 0,
            "gross_profit": null,
            "gross_margin": null,
            "gross_margin_4q_avg": 0,
            "net_income": null,
            "revenue": null,
            "common_shares": 329783,
            "book_valuer_per_share": 11.38,
            "book_valuer_per_share_4q_avg": 5.38,
            "equity": 371841,
            "current_ratio": 167.86,
            "debt_ratio": 58.97,
            "inventory_turnover_ratio": null,
            "account_receivable_turnover_ratio": null,
            "reinvestment_rate": null,
            "research_to_sale_ratio": null,
            "price_fair": 0,
            "eps_avg_yearly": 0,
            "eps_latest_yearly": 0,
            "eps_growth_yearly": 0
        },
        "20211": {
            "year_quarter": 20211,
            "year": 2021,
            "quarter": 1,
            "eps": null,
            "eps_growth_year": null,
            "eps_4q": null,
            "eps_4q_growth_year": null,
            "roe": null,
            "roe_4q": 0,
            "gross_profit": null,
            "gross_margin": null,
            "gross_margin_4q_avg": 0,
            "net_income": null,
            "revenue": null,
            "common_shares": null,
            "book_valuer_per_share": null,
            "book_valuer_per_share_4q_avg": 5.38,
            "equity": null,
            "current_ratio": null,
            "debt_ratio": null,
            "inventory_turnover_ratio": null,
            "account_receivable_turnover_ratio": null,
            "reinvestment_rate": null,
            "research_to_sale_ratio": null,
            "price_fair": 0,
            "eps_avg_yearly": 0,
            "eps_latest_yearly": 0,
            "eps_growth_yearly": 0
        },
        "20212": {
            "year_quarter": 20212,
            "year": 2021,
            "quarter": 2,
            "eps": null,
            "eps_growth_year": null,
            "eps_4q": null,
            "eps_4q_growth_year": null,
            "roe": null,
            "roe_4q": 0,
            "gross_profit": null,
            "gross_margin": null,
            "gross_margin_4q_avg": 0,
            "net_income": null,
            "revenue": null,
            "common_shares": 329783,
            "book_valuer_per_share": 12.22,
            "book_valuer_per_share_4q_avg": 5.9,
            "equity": 399314,
            "current_ratio": 188.37,
            "debt_ratio": 54.33,
            "inventory_turnover_ratio": null,
            "account_receivable_turnover_ratio": null,
            "reinvestment_rate": null,
            "research_to_sale_ratio": null,
            "price_fair": 0,
            "eps_avg_yearly": 0,
            "eps_latest_yearly": 0,
            "eps_growth_yearly": 0
        },
        "20213": {
            "year_quarter": 20213,
            "year": 2021,
            "quarter": 3,
            "eps": 0.84,
            "eps_growth_year": null,
            "eps_4q": null,
            "eps_4q_growth_year": null,
            "roe": 6.93,
            "roe_4q": 6.93,
            "gross_profit": 72891,
            "gross_margin": 19.67,
            "gross_margin_4q_avg": 4.92,
            "net_income": 28446,
            "revenue": 370560,
            "common_shares": 339974,
            "book_valuer_per_share": 12.42,
            "book_valuer_per_share_4q_avg": 9.01,
            "equity": 422124,
            "current_ratio": 194.15,
            "debt_ratio": 52.97,
            "inventory_turnover_ratio": 1.76,
            "account_receivable_turnover_ratio": 1.46,
            "reinvestment_rate": null,
            "research_to_sale_ratio": 3.3,
            "price_fair": 0,
            "eps_avg_yearly": 0,
            "eps_latest_yearly": 0,
            "eps_growth_yearly": 0
        },
        "20214": {
            "year_quarter": 20214,
            "year": 2021,
            "quarter": 4,
            "eps": 0.13,
            "eps_growth_year": null,
            "eps_4q": null,
            "eps_4q_growth_year": null,
            "roe": 1.01,
            "roe_4q": 7.9399999999999995,
            "gross_profit": 44258,
            "gross_margin": 17.84,
            "gross_margin_4q_avg": 9.38,
            "net_income": 4301,
            "revenue": 248068,
            "common_shares": 339974,
            "book_valuer_per_share": 12.52,
            "book_valuer_per_share_4q_avg": 9.29,
            "equity": 425602,
            "current_ratio": 220.72,
            "debt_ratio": 48.41,
            "inventory_turnover_ratio": 1.56,
            "account_receivable_turnover_ratio": 1.06,
            "reinvestment_rate": null,
            "research_to_sale_ratio": 5.18,
            "price_fair": 1.56,
            "eps_avg_yearly": 0.52,
            "eps_latest_yearly": 0.52,
            "eps_growth_yearly": -338.1
        },
        "20221": {
            "year_quarter": 20221,
            "year": 2022,
            "quarter": 1,
            "eps": -0.08,
            "eps_growth_year": null,
            "eps_4q": null,
            "eps_4q_growth_year": null,
            "roe": -0.62,
            "roe_4q": 7.319999999999999,
            "gross_profit": 28584,
            "gross_margin": 16.48,
            "gross_margin_4q_avg": 13.5,
            "net_income": -2808,
            "revenue": 173481,
            "common_shares": 385304,
            "book_valuer_per_share": 12.47,
            "book_valuer_per_share_4q_avg": 12.41,
            "equity": 480367,
            "current_ratio": 240.36,
            "debt_ratio": 45.54,
            "inventory_turnover_ratio": 1.45,
            "account_receivable_turnover_ratio": 1.03,
            "reinvestment_rate": null,
            "research_to_sale_ratio": 6.6,
            "price_fair": 1.56,
            "eps_avg_yearly": 0.52,
            "eps_latest_yearly": 0.52,
            "eps_growth_yearly": -338.1
        },
        "20222": {
            "year_quarter": 20222,
            "year": 2022,
            "quarter": 2,
            "eps": -0.38,
            "eps_growth_year": null,
            "eps_4q": 0.38,
            "eps_4q_growth_year": null,
            "roe": -3.11,
            "roe_4q": 4.21,
            "gross_profit": 19490,
            "gross_margin": 15.07,
            "gross_margin_4q_avg": 17.27,
            "net_income": -14730,
            "revenue": 129307,
            "common_shares": 385304,
            "book_valuer_per_share": 12.12,
            "book_valuer_per_share_4q_avg": 12.38,
            "equity": 466884,
            "current_ratio": 239.93,
            "debt_ratio": 45.21,
            "inventory_turnover_ratio": 1.18,
            "account_receivable_turnover_ratio": 0.92,
            "reinvestment_rate": null,
            "research_to_sale_ratio": 11.56,
            "price_fair": 1.56,
            "eps_avg_yearly": 0.52,
            "eps_latest_yearly": 0.52,
            "eps_growth_yearly": -338.1
        },
        "20223": {
            "year_quarter": 20223,
            "year": 2022,
            "quarter": 3,
            "eps": 0.07,
            "eps_growth_year": -91.67,
            "eps_4q": -0.26,
            "eps_4q_growth_year": null,
            "roe": 0.59,
            "roe_4q": -2.13,
            "gross_profit": 24068,
            "gross_margin": 14.35,
            "gross_margin_4q_avg": 15.94,
            "net_income": 2748,
            "revenue": 167754,
            "common_shares": 400716,
            "book_valuer_per_share": 11.74,
            "book_valuer_per_share_4q_avg": 12.21,
            "equity": 470252,
            "current_ratio": 268.36,
            "debt_ratio": 44.44,
            "inventory_turnover_ratio": 1.67,
            "account_receivable_turnover_ratio": 1.12,
            "reinvestment_rate": null,
            "research_to_sale_ratio": 8.8,
            "price_fair": 1.56,
            "eps_avg_yearly": 0.52,
            "eps_latest_yearly": 0.52,
            "eps_growth_yearly": -338.1
        },
        "20224": {
            "year_quarter": 20224,
            "year": 2022,
            "quarter": 4,
            "eps": -0.9,
            "eps_growth_year": -809.6,
            "eps_4q": -1.27,
            "eps_4q_growth_year": null,
            "roe": -7.96,
            "roe_4q": -11.1,
            "gross_profit": 5246,
            "gross_margin": 6.44,
            "gross_margin_4q_avg": 13.09,
            "net_income": -35973,
            "revenue": 81464,
            "common_shares": 400716,
            "book_valuer_per_share": 10.83,
            "book_valuer_per_share_4q_avg": 11.79,
            "equity": 434147,
            "current_ratio": 264.29,
            "debt_ratio": 44.4,
            "inventory_turnover_ratio": 0.9,
            "account_receivable_turnover_ratio": 0.62,
            "reinvestment_rate": null,
            "research_to_sale_ratio": 19.4,
            "price_fair": 1.56,
            "eps_avg_yearly": 0.52,
            "eps_latest_yearly": 0.52,
            "eps_growth_yearly": -338.1
        },
        "20231": {
            "year_quarter": 20231,
            "year": 2023,
            "quarter": 1,
            "eps": -0.69,
            "eps_growth_year": null,
            "eps_4q": -1.89,
            "eps_4q_growth_year": null,
            "roe": -6.62,
            "roe_4q": -17.1,
            "gross_profit": 8375,
            "gross_margin": 10.5,
            "gross_margin_4q_avg": 11.59,
            "net_income": -27809,
            "revenue": 79780,
            "common_shares": 400716,
            "book_valuer_per_share": 10.13,
            "book_valuer_per_share_4q_avg": 11.21,
            "equity": 405800,
            "current_ratio": 263.8,
            "debt_ratio": 45.28,
            "inventory_turnover_ratio": 0.73,
            "account_receivable_turnover_ratio": 0.94,
            "reinvestment_rate": null,
            "research_to_sale_ratio": 14.73,
            "price_fair": 1.56,
            "eps_avg_yearly": 0.52,
            "eps_latest_yearly": 0.52,
            "eps_growth_yearly": -338.1
        }
    },
    "months": {
        "2004-09": {
            "month": "2004-09",
            "price": "20.50",
            "revenue": 34470
        },
        "2005-05": {
            "month": "2005-05",
            "price": "19.50",
            "revenue": 40815
        },
        "2005-11": {
            "month": "2005-11",
            "price": "16.50",
            "revenue": 50681
        },
        "2005-12": {
            "month": "2005-12",
            "price": "15.67",
            "revenue": 40558
        },
        "2006-01": {
            "month": "2006-01",
            "price": "15.44",
            "revenue": 24951
        },
        "2006-05": {
            "month": "2006-05",
            "price": "14.50",
            "revenue": 38669
        },
        "2006-09": {
            "month": "2006-09",
            "price": "13.40",
            "revenue": 35147
        },
        "2006-10": {
            "month": "2006-10",
            "price": "12.02",
            "revenue": 32953
        },
        "2006-11": {
            "month": "2006-11",
            "price": "12.63",
            "revenue": 31714
        },
        "2006-12": {
            "month": "2006-12",
            "price": "9.86",
            "revenue": 28462
        },
        "2007-02": {
            "month": "2007-02",
            "price": "10.18",
            "revenue": 20269
        },
        "2007-03": {
            "month": "2007-03",
            "price": "10.16",
            "revenue": 33615
        },
        "2007-07": {
            "month": "2007-07",
            "price": "10.71",
            "revenue": 33533
        },
        "2008-01": {
            "month": "2008-01",
            "price": "10.20",
            "revenue": 45881
        },
        "2008-04": {
            "month": "2008-04",
            "price": "10.21",
            "revenue": 30480
        },
        "2008-08": {
            "month": "2008-08",
            "price": "9.49",
            "revenue": 37784
        },
        "2009-08": {
            "month": "2009-08",
            "price": "9.50",
            "revenue": 30612
        },
        "2010-02": {
            "month": "2010-02",
            "price": "8.61",
            "revenue": 25912
        },
        "2010-04": {
            "month": "2010-04",
            "price": "8.53",
            "revenue": 50178
        },
        "2010-06": {
            "month": "2010-06",
            "price": "7.62",
            "revenue": 44620
        },
        "2010-07": {
            "month": "2010-07",
            "price": "6.95",
            "revenue": 49666
        },
        "2010-08": {
            "month": "2010-08",
            "price": "8.05",
            "revenue": 66954
        },
        "2010-09": {
            "month": "2010-09",
            "price": "9.66",
            "revenue": 64624
        },
        "2010-10": {
            "month": "2010-10",
            "price": "11.76",
            "revenue": 50453
        },
        "2010-12": {
            "month": "2010-12",
            "price": "11.24",
            "revenue": 69880
        },
        "2011-01": {
            "month": "2011-01",
            "price": "11.02",
            "revenue": 61368
        },
        "2011-02": {
            "month": "2011-02",
            "price": "11.55",
            "revenue": 33617
        },
        "2011-03": {
            "month": "2011-03",
            "price": "11.36",
            "revenue": 77886
        },
        "2011-04": {
            "month": "2011-04",
            "price": "12.39",
            "revenue": 47196
        },
        "2011-05": {
            "month": "2011-05",
            "price": "11.54",
            "revenue": 47674
        },
        "2011-06": {
            "month": "2011-06",
            "price": "11.35",
            "revenue": 37769
        },
        "2011-07": {
            "month": "2011-07",
            "price": "10.92",
            "revenue": 47385
        },
        "2011-08": {
            "month": "2011-08",
            "price": "10.26",
            "revenue": 64582
        },
        "2011-09": {
            "month": "2011-09",
            "price": "9.60",
            "revenue": 58679
        },
        "2011-10": {
            "month": "2011-10",
            "price": "9.12",
            "revenue": 78307
        },
        "2011-11": {
            "month": "2011-11",
            "price": "8.56",
            "revenue": 81838
        },
        "2011-12": {
            "month": "2011-12",
            "price": "8.01",
            "revenue": 95210
        },
        "2012-01": {
            "month": "2012-01",
            "price": "7.54",
            "revenue": 48838
        },
        "2012-02": {
            "month": "2012-02",
            "price": "7.74",
            "revenue": 47668
        },
        "2012-03": {
            "month": "2012-03",
            "price": "9.15",
            "revenue": 78911
        },
        "2012-04": {
            "month": "2012-04",
            "price": "9.17",
            "revenue": 84739
        },
        "2012-05": {
            "month": "2012-05",
            "price": "9.32",
            "revenue": 66886
        },
        "2012-06": {
            "month": "2012-06",
            "price": "10.96",
            "revenue": 66850
        },
        "2012-07": {
            "month": "2012-07",
            "price": "10.94",
            "revenue": 55930
        },
        "2012-08": {
            "month": "2012-08",
            "price": "10.80",
            "revenue": 82006
        },
        "2012-09": {
            "month": "2012-09",
            "price": "10.63",
            "revenue": 94357
        },
        "2012-10": {
            "month": "2012-10",
            "price": "10.22",
            "revenue": 100002
        },
        "2012-11": {
            "month": "2012-11",
            "price": "10.28",
            "revenue": 111781
        },
        "2012-12": {
            "month": "2012-12",
            "price": "12.09",
            "revenue": 90355
        },
        "2013-01": {
            "month": "2013-01",
            "price": "14.56",
            "revenue": 73884
        },
        "2013-02": {
            "month": "2013-02",
            "price": "14.33",
            "revenue": 50554
        },
        "2013-03": {
            "month": "2013-03",
            "price": "14.18",
            "revenue": 74149
        },
        "2013-04": {
            "month": "2013-04",
            "price": "14.69",
            "revenue": 71142
        },
        "2013-05": {
            "month": "2013-05",
            "price": "15.46",
            "revenue": 58507
        },
        "2013-06": {
            "month": "2013-06",
            "price": "15.93",
            "revenue": 66096
        },
        "2013-07": {
            "month": "2013-07",
            "price": "15.46",
            "revenue": 46745
        },
        "2013-08": {
            "month": "2013-08",
            "price": "15.24",
            "revenue": 39794
        },
        "2013-09": {
            "month": "2013-09",
            "price": "15.01",
            "revenue": 65805
        },
        "2013-10": {
            "month": "2013-10",
            "price": "14.74",
            "revenue": 63061
        },
        "2013-11": {
            "month": "2013-11",
            "price": "14.76",
            "revenue": 59094
        },
        "2013-12": {
            "month": "2013-12",
            "price": "14.58",
            "revenue": 55687
        },
        "2014-01": {
            "month": "2014-01",
            "price": "14.14",
            "revenue": 53252
        },
        "2014-02": {
            "month": "2014-02",
            "price": "14.88",
            "revenue": 40877
        },
        "2014-03": {
            "month": "2014-03",
            "price": "18.15",
            "revenue": 73534
        },
        "2014-04": {
            "month": "2014-04",
            "price": "17.59",
            "revenue": 72198
        },
        "2014-05": {
            "month": "2014-05",
            "price": "18.63",
            "revenue": 86638
        },
        "2014-06": {
            "month": "2014-06",
            "price": "18.90",
            "revenue": 104102
        },
        "2014-07": {
            "month": "2014-07",
            "price": "20.98",
            "revenue": 92764
        },
        "2014-08": {
            "month": "2014-08",
            "price": "19.70",
            "revenue": 85138
        },
        "2014-09": {
            "month": "2014-09",
            "price": "19.51",
            "revenue": 113766
        },
        "2014-10": {
            "month": "2014-10",
            "price": "18.62",
            "revenue": 114612
        },
        "2014-11": {
            "month": "2014-11",
            "price": "19.22",
            "revenue": 107500
        },
        "2014-12": {
            "month": "2014-12",
            "price": "19.45",
            "revenue": 86614
        },
        "2015-01": {
            "month": "2015-01",
            "price": "18.91",
            "revenue": 87164
        },
        "2015-02": {
            "month": "2015-02",
            "price": "18.76",
            "revenue": 57345
        },
        "2015-03": {
            "month": "2015-03",
            "price": "18.66",
            "revenue": 70501
        },
        "2015-04": {
            "month": "2015-04",
            "price": "18.48",
            "revenue": 51769
        },
        "2015-05": {
            "month": "2015-05",
            "price": "18.15",
            "revenue": 66203
        },
        "2015-06": {
            "month": "2015-06",
            "price": "17.41",
            "revenue": 60525
        },
        "2015-07": {
            "month": "2015-07",
            "price": "19.38",
            "revenue": 74537
        },
        "2015-08": {
            "month": "2015-08",
            "price": "19.77",
            "revenue": 92041
        },
        "2015-09": {
            "month": "2015-09",
            "price": "20.75",
            "revenue": 97617
        },
        "2015-10": {
            "month": "2015-10",
            "price": "20.53",
            "revenue": 115845
        },
        "2015-11": {
            "month": "2015-11",
            "price": "22.85",
            "revenue": 152373
        },
        "2015-12": {
            "month": "2015-12",
            "price": "27.10",
            "revenue": 109719
        },
        "2016-01": {
            "month": "2016-01",
            "price": "27.01",
            "revenue": 163009
        },
        "2016-02": {
            "month": "2016-02",
            "price": "36.32",
            "revenue": 50703
        },
        "2016-03": {
            "month": "2016-03",
            "price": "38.75",
            "revenue": 94910
        },
        "2016-04": {
            "month": "2016-04",
            "price": "39.29",
            "revenue": 66219
        },
        "2016-05": {
            "month": "2016-05",
            "price": "36.56",
            "revenue": 65706
        },
        "2016-06": {
            "month": "2016-06",
            "price": "34.14",
            "revenue": 67575
        },
        "2016-07": {
            "month": "2016-07",
            "price": "32.22",
            "revenue": 63804
        },
        "2016-08": {
            "month": "2016-08",
            "price": "27.35",
            "revenue": 83702
        },
        "2016-09": {
            "month": "2016-09",
            "price": "23.85",
            "revenue": 84035
        },
        "2016-10": {
            "month": "2016-10",
            "price": "28.17",
            "revenue": 75933
        },
        "2016-11": {
            "month": "2016-11",
            "price": "24.83",
            "revenue": 74541
        },
        "2016-12": {
            "month": "2016-12",
            "price": "22.30",
            "revenue": 78854
        },
        "2017-01": {
            "month": "2017-01",
            "price": "21.48",
            "revenue": 44722
        },
        "2017-02": {
            "month": "2017-02",
            "price": "19.92",
            "revenue": 42763
        },
        "2017-03": {
            "month": "2017-03",
            "price": "18.78",
            "revenue": 60990
        },
        "2017-04": {
            "month": "2017-04",
            "price": "18.15",
            "revenue": 50596
        },
        "2017-05": {
            "month": "2017-05",
            "price": "13.97",
            "revenue": 62086
        },
        "2017-06": {
            "month": "2017-06",
            "price": "12.33",
            "revenue": 43894
        },
        "2017-07": {
            "month": "2017-07",
            "price": "12.11",
            "revenue": 43031
        },
        "2017-08": {
            "month": "2017-08",
            "price": "11.44",
            "revenue": 47479
        },
        "2017-09": {
            "month": "2017-09",
            "price": "12.18",
            "revenue": 39140
        },
        "2017-10": {
            "month": "2017-10",
            "price": "13.01",
            "revenue": 41309
        },
        "2017-11": {
            "month": "2017-11",
            "price": "11.63",
            "revenue": 44639
        },
        "2017-12": {
            "month": "2017-12",
            "price": "10.70",
            "revenue": 43105
        },
        "2018-01": {
            "month": "2018-01",
            "price": "10.30",
            "revenue": 58116
        },
        "2018-02": {
            "month": "2018-02",
            "price": "10.85",
            "revenue": 24954
        },
        "2018-03": {
            "month": "2018-03",
            "price": "12.21",
            "revenue": 35924
        },
        "2018-04": {
            "month": "2018-04",
            "price": "11.09",
            "revenue": 41999
        },
        "2018-05": {
            "month": "2018-05",
            "price": "10.23",
            "revenue": 42154
        },
        "2018-06": {
            "month": "2018-06",
            "price": "10.11",
            "revenue": 51861
        },
        "2018-07": {
            "month": "2018-07",
            "price": "8.71",
            "revenue": 64058
        },
        "2018-08": {
            "month": "2018-08",
            "price": "7.69",
            "revenue": 57366
        },
        "2018-09": {
            "month": "2018-09",
            "price": "7.76",
            "revenue": 69363
        },
        "2018-10": {
            "month": "2018-10",
            "price": "8.78",
            "revenue": 75491
        },
        "2018-11": {
            "month": "2018-11",
            "price": "7.94",
            "revenue": 77674
        },
        "2018-12": {
            "month": "2018-12",
            "price": "8.96",
            "revenue": 80119
        },
        "2019-01": {
            "month": "2019-01",
            "price": "9.43",
            "revenue": 72472
        },
        "2019-02": {
            "month": "2019-02",
            "price": "11.48",
            "revenue": 29265
        },
        "2019-03": {
            "month": "2019-03",
            "price": "12.66",
            "revenue": 55736
        },
        "2019-04": {
            "month": "2019-04",
            "price": "10.93",
            "revenue": 51964
        },
        "2019-05": {
            "month": "2019-05",
            "price": "10.72",
            "revenue": 61451
        },
        "2019-06": {
            "month": "2019-06",
            "price": "10.63",
            "revenue": 45189
        },
        "2019-07": {
            "month": "2019-07",
            "price": "10.57",
            "revenue": 48177
        },
        "2019-08": {
            "month": "2019-08",
            "price": "9.48",
            "revenue": 43344
        },
        "2019-09": {
            "month": "2019-09",
            "price": "8.41",
            "revenue": 41849
        },
        "2019-10": {
            "month": "2019-10",
            "price": "7.57",
            "revenue": 23352
        },
        "2019-11": {
            "month": "2019-11",
            "price": "7.91",
            "revenue": 29559
        },
        "2019-12": {
            "month": "2019-12",
            "price": "8.20",
            "revenue": 25881
        },
        "2020-01": {
            "month": "2020-01",
            "price": "8.68",
            "revenue": 26824
        },
        "2020-02": {
            "month": "2020-02",
            "price": "9.88",
            "revenue": 13048
        },
        "2020-03": {
            "month": "2020-03",
            "price": "8.99",
            "revenue": 31705
        },
        "2020-04": {
            "month": "2020-04",
            "price": "7.78",
            "revenue": 37817
        },
        "2020-05": {
            "month": "2020-05",
            "price": "8.85",
            "revenue": 44366
        },
        "2020-06": {
            "month": "2020-06",
            "price": "12.05",
            "revenue": 58301
        },
        "2020-07": {
            "month": "2020-07",
            "price": "12.04",
            "revenue": 75356
        },
        "2020-08": {
            "month": "2020-08",
            "price": "12.94",
            "revenue": 118810
        },
        "2020-09": {
            "month": "2020-09",
            "price": "19.76",
            "revenue": 118336
        },
        "2020-10": {
            "month": "2020-10",
            "price": "18.52",
            "revenue": 79473
        },
        "2020-11": {
            "month": "2020-11",
            "price": "18.16",
            "revenue": 98415
        },
        "2020-12": {
            "month": "2020-12",
            "price": "20.11",
            "revenue": 111012
        },
        "2021-01": {
            "month": "2021-01",
            "price": "18.78",
            "revenue": 135499
        },
        "2021-02": {
            "month": "2021-02",
            "price": "19.64",
            "revenue": 52264
        },
        "2021-03": {
            "month": "2021-03",
            "price": "19.17",
            "revenue": 112604
        },
        "2021-04": {
            "month": "2021-04",
            "price": "20.88",
            "revenue": 111502
        },
        "2021-05": {
            "month": "2021-05",
            "price": "21.11",
            "revenue": 103163
        },
        "2021-06": {
            "month": "2021-06",
            "price": "20.07",
            "revenue": 97558
        },
        "2021-07": {
            "month": "2021-07",
            "price": "20.77",
            "revenue": 135839
        },
        "2021-08": {
            "month": "2021-08",
            "price": "19.93",
            "revenue": 143229
        },
        "2021-09": {
            "month": "2021-09",
            "price": "19.79",
            "revenue": 91492
        },
        "2021-10": {
            "month": "2021-10",
            "price": "20.93",
            "revenue": 78958
        },
        "2021-11": {
            "month": "2021-11",
            "price": "25.95",
            "revenue": 102343
        },
        "2021-12": {
            "month": "2021-12",
            "price": "27.64",
            "revenue": 66767
        },
        "2022-01": {
            "month": "2022-01",
            "price": "27.81",
            "revenue": 73986
        },
        "2022-02": {
            "month": "2022-02",
            "price": "27.69",
            "revenue": 36092
        },
        "2022-03": {
            "month": "2022-03",
            "price": "22.69",
            "revenue": 63403
        },
        "2022-04": {
            "month": "2022-04",
            "price": "19.60",
            "revenue": 38137
        },
        "2022-05": {
            "month": "2022-05",
            "price": "18.82",
            "revenue": 45398
        },
        "2022-06": {
            "month": "2022-06",
            "price": "17.90",
            "revenue": 45772
        },
        "2022-07": {
            "month": "2022-07",
            "price": "16.19",
            "revenue": 49602
        },
        "2022-08": {
            "month": "2022-08",
            "price": "16.35",
            "revenue": 70137
        },
        "2022-09": {
            "month": "2022-09",
            "price": "15.26",
            "revenue": 48015
        },
        "2022-10": {
            "month": "2022-10",
            "price": "14.02",
            "revenue": 31051
        },
        "2022-11": {
            "month": "2022-11",
            "price": "13.31",
            "revenue": 19422
        },
        "2022-12": {
            "month": "2022-12",
            "price": "13.38",
            "revenue": 30992
        },
        "2023-01": {
            "month": "2023-01",
            "price": "13.17",
            "revenue": 34702
        },
        "2023-02": {
            "month": "2023-02",
            "price": "13.39",
            "revenue": 22320
        },
        "2023-03": {
            "month": "2023-03",
            "price": "14.32",
            "revenue": 22759
        },
        "2023-04": {
            "month": "2023-04",
            "price": "13.92",
            "revenue": 64362
        },
        "2023-05": {
            "month": "2023-05",
            "price": "14.68",
            "revenue": 56029
        }
    }
}
