{
    "summary": {
        "stock_name": "律勝",
        "stock_id": "3354",
        "category": "電子零組件",
        "main_business": "軟性銅箔基板<br>保護膠片<br>其他",
        "website_url": "http://www.microcosm.com.tw",
        "ceo": "黃堂傑",
        "pe_ratio": -28,
        "report_year_from": 2003,
        "report_year_to": 2023,
        "age": 21,
        "eps_negative_percentage": 26,
        "eps_growth_avg": {
            "last_all": -19.31,
            "last_2y": null,
            "last_4y": -77.27,
            "last_8y": -3.84,
            "last_12y": -11.37,
            "last_16y": -15.04,
            "last_20y": null,
            "at_2006_last_3y": null,
            "at_2007_last_3y": null,
            "at_2008_last_3y": null,
            "at_2009_last_3y": -39.16,
            "at_2010_last_3y": -27.29,
            "at_2011_last_3y": -6.15,
            "at_2012_last_3y": -67.47,
            "at_2013_last_3y": -63.55,
            "at_2014_last_3y": -22.66,
            "at_2015_last_3y": -28.17,
            "at_2016_last_3y": -14.18,
            "at_2017_last_3y": 32.88,
            "at_2018_last_3y": 32.88,
            "at_2019_last_3y": 29.36,
            "at_2020_last_3y": 11.36,
            "at_2021_last_3y": -18.18,
            "at_2022_last_3y": -77.27,
            "at_2023_last_3y": -100,
            "at_2024_last_3y": -100,
            "at_2006_last_all": null,
            "at_2007_last_all": -78.31,
            "at_2008_last_all": -18.87,
            "at_2009_last_all": -39.16,
            "at_2010_last_all": -39.16,
            "at_2011_last_all": -35.02,
            "at_2012_last_all": -43.17,
            "at_2013_last_all": -49.61,
            "at_2014_last_all": -30.91,
            "at_2015_last_all": -31.97,
            "at_2016_last_all": -31.58,
            "at_2017_last_all": -19.61,
            "at_2018_last_all": -9.65,
            "at_2019_last_all": -13.1,
            "at_2020_last_all": -19.31,
            "at_2021_last_all": -19.31,
            "at_2022_last_all": -19.31,
            "at_2023_last_all": -19.31,
            "at_2024_last_all": -19.31
        },
        "latest_eps": -1.04,
        "latest_price": 29,
        "latest_roe": -7.42,
        "latest_gross_margin": -5.27,
        "latest_equity": 940659,
        "latest_revenue": 31048,
        "latest_gross_profit": -1635,
        "latest_net_income": -3162,
        "latest_debt_ratio": 23.96,
        "latest_current_ratio": 288.86,
        "latest_account_receivable_turnover_ratio": 1.01,
        "latest_inventory_turnover_ratio": 1.89,
        "latest_reinvestment_rate": null,
        "latest_research_to_sale_ratio": 67.35
    },
    "eps_dividends": {
        "2001": {
            "cash": 0,
            "stock": 0,
            "eps": 0
        },
        "2002": {
            "cash": 0,
            "stock": 0,
            "eps": 0
        },
        "2003": {
            "cash": 0,
            "stock": 0,
            "eps": 0
        },
        "2004": {
            "cash": 0,
            "stock": 4.35,
            "eps": 0
        },
        "2005": {
            "cash": 6,
            "stock": 3,
            "eps": 5.9
        },
        "2006": {
            "cash": 2.5,
            "stock": 1.5,
            "eps": 1.49
        },
        "2007": {
            "cash": 1,
            "stock": 0.3,
            "eps": 0.27
        },
        "2008": {
            "cash": 0.25,
            "stock": 0,
            "eps": 0.59
        },
        "2009": {
            "cash": 0.63,
            "stock": 0,
            "eps": -0.63
        },
        "2010": {
            "cash": 0,
            "stock": 0.5,
            "eps": 1.3
        },
        "2011": {
            "cash": 0.6,
            "stock": 0.25,
            "eps": 1.06
        },
        "2012": {
            "cash": 0.7,
            "stock": 0.24,
            "eps": 0.17
        },
        "2013": {
            "cash": 0.25,
            "stock": 0.25,
            "eps": 0.02
        },
        "2014": {
            "cash": 0.3,
            "stock": 0,
            "eps": 0.42
        },
        "2015": {
            "cash": 0.61,
            "stock": 0,
            "eps": 0.25
        },
        "2016": {
            "cash": 0.23,
            "stock": 0,
            "eps": 0.18
        },
        "2017": {
            "cash": 0.11,
            "stock": 0,
            "eps": 0.44
        },
        "2018": {
            "cash": 0.4,
            "stock": 0,
            "eps": 1.1
        },
        "2019": {
            "cash": 0.5,
            "stock": 0,
            "eps": 0.5
        },
        "2020": {
            "cash": 0.5,
            "stock": 0,
            "eps": -0.74
        },
        "2021": {
            "cash": 0.3,
            "stock": 0,
            "eps": -0.73
        },
        "2022": {
            "cash": 0.3,
            "stock": 0,
            "eps": -0.3
        },
        "2023": {
            "cash": 0.2,
            "stock": 0,
            "eps": -0.58
        },
        "2024": {
            "cash": 0.2,
            "stock": 0,
            "eps": 0
        }
    },
    "dividends": {
        "2004-06-03": {
            "cash": 0,
            "stock": 4.35
        },
        "2005-03-10": {
            "cash": 6,
            "stock": 3
        },
        "2006-04-27": {
            "cash": 2.5,
            "stock": 1.5
        },
        "2007-03-23": {
            "cash": 1,
            "stock": 0.3
        },
        "2008-03-25": {
            "cash": 0.25,
            "stock": 0
        },
        "2009-03-24": {
            "cash": 0.63,
            "stock": 0
        },
        "2010-03-31": {
            "cash": 0,
            "stock": 0.5
        },
        "2011-04-28": {
            "cash": 0.6,
            "stock": 0.25
        },
        "2012-06-27": {
            "cash": 0.7,
            "stock": 0.24
        },
        "2013-06-18": {
            "cash": 0.25,
            "stock": 0.25
        },
        "2014-08-08": {
            "cash": 0.3,
            "stock": 0
        },
        "2015-07-21": {
            "cash": 0.61,
            "stock": 0
        },
        "2016-07-29": {
            "cash": 0.23,
            "stock": 0
        },
        "2017-08-08": {
            "cash": 0.11,
            "stock": 0
        },
        "2018-08-09": {
            "cash": 0.4,
            "stock": 0
        },
        "2019-08-09": {
            "cash": 0.5,
            "stock": 0
        },
        "2020-08-06": {
            "cash": 0.5,
            "stock": 0
        },
        "2021-08-23": {
            "cash": 0.3,
            "stock": 0
        },
        "2022-08-08": {
            "cash": 0.3,
            "stock": 0
        },
        "2023-08-10": {
            "cash": 0.2,
            "stock": 0
        },
        "2024-03-01": {
            "cash": 0.2,
            "stock": 0
        }
    },
    "prices": {
        "200101": "無",
        "200102": "無",
        "200103": "無",
        "200104": "無",
        "200105": "無",
        "200106": "無",
        "200107": "無",
        "200108": "無",
        "200109": "無",
        "200110": "無",
        "200111": "無",
        "200112": "無",
        "200201": "無",
        "200202": "無",
        "200203": "無",
        "200204": "無",
        "200205": "無",
        "200206": "無",
        "200207": "無",
        "200208": "無",
        "200209": "無",
        "200210": "無",
        "200211": "無",
        "200212": "無",
        "200301": "無",
        "200302": "無",
        "200303": "無",
        "200304": "無",
        "200305": "無",
        "200306": "無",
        "200307": "無",
        "200308": "無",
        "200309": "無",
        "200310": "無",
        "200311": "無",
        "200312": "無",
        "200401": "無",
        "200402": "無",
        "200403": "無",
        "200404": "無",
        "200405": "無",
        "200406": "無",
        "200407": "127.50",
        "200408": "無",
        "200409": "124.01",
        "200410": "110.85",
        "200411": "112.63",
        "200412": "118.99",
        "200501": "118.34",
        "200502": "121.60",
        "200503": "122.72",
        "200504": "126.77",
        "200505": "127.84",
        "200506": "121.16",
        "200507": "105.87",
        "200508": "109.06",
        "200509": "112.33",
        "200510": "111.18",
        "200511": "94.64",
        "200512": "76.38",
        "200601": "73.56",
        "200602": "70.54",
        "200603": "70.55",
        "200604": "69.04",
        "200605": "58.92",
        "200606": "47.13",
        "200607": "41.54",
        "200608": "35.65",
        "200609": "33.52",
        "200610": "36.81",
        "200611": "35.22",
        "200612": "31.46",
        "200701": "31.25",
        "200702": "29.18",
        "200703": "27.73",
        "200704": "28.68",
        "200705": "24.14",
        "200706": "25.77",
        "200707": "29.73",
        "200708": "28.13",
        "200709": "23.59",
        "200710": "23.22",
        "200711": "17.42",
        "200712": "15.84",
        "200801": "15.73",
        "200802": "16.32",
        "200803": "16.21",
        "200804": "15.99",
        "200805": "15.55",
        "200806": "15.55",
        "200807": "10.72",
        "200808": "10.99",
        "200809": "10.56",
        "200810": "9.27",
        "200811": "8.58",
        "200812": "7.59",
        "200901": "7.50",
        "200902": "8.16",
        "200903": "9.19",
        "200904": "11.61",
        "200905": "11.52",
        "200906": "10.72",
        "200907": "10.89",
        "200908": "12.77",
        "200909": "16.28",
        "200910": "16.37",
        "200911": "15.11",
        "200912": "16.31",
        "201001": "16.92",
        "201002": "14.49",
        "201003": "17.95",
        "201004": "21.21",
        "201005": "20.40",
        "201006": "18.15",
        "201007": "17.87",
        "201008": "19.00",
        "201009": "18.49",
        "201010": "18.88",
        "201011": "24.16",
        "201012": "29.47",
        "201101": "27.13",
        "201102": "26.58",
        "201103": "29.14",
        "201104": "29.62",
        "201105": "27.30",
        "201106": "25.92",
        "201107": "21.48",
        "201108": "16.12",
        "201109": "14.80",
        "201110": "14.83",
        "201111": "13.46",
        "201112": "11.10",
        "201201": "11.32",
        "201202": "14.11",
        "201203": "14.33",
        "201204": "12.61",
        "201205": "11.88",
        "201206": "12.65",
        "201207": "13.07",
        "201208": "12.33",
        "201209": "11.59",
        "201210": "10.76",
        "201211": "9.40",
        "201212": "10.15",
        "201301": "10.36",
        "201302": "10.16",
        "201303": "10.24",
        "201304": "11.94",
        "201305": "12.11",
        "201306": "11.90",
        "201307": "11.65",
        "201308": "11.97",
        "201309": "12.77",
        "201310": "11.84",
        "201311": "11.65",
        "201312": "11.65",
        "201401": "12.46",
        "201402": "13.08",
        "201403": "13.81",
        "201404": "13.64",
        "201405": "12.60",
        "201406": "13.16",
        "201407": "13.20",
        "201408": "13.03",
        "201409": "13.16",
        "201410": "12.02",
        "201411": "10.93",
        "201412": "11.39",
        "201501": "11.68",
        "201502": "11.58",
        "201503": "12.10",
        "201504": "12.11",
        "201505": "11.05",
        "201506": "10.28",
        "201507": "9.34",
        "201508": "8.67",
        "201509": "8.14",
        "201510": "8.27",
        "201511": "7.98",
        "201512": "7.75",
        "201601": "8.16",
        "201602": "8.62",
        "201603": "8.80",
        "201604": "8.50",
        "201605": "7.87",
        "201606": "8.16",
        "201607": "8.58",
        "201608": "8.90",
        "201609": "8.93",
        "201610": "9.38",
        "201611": "8.91",
        "201612": "9.20",
        "201701": "9.04",
        "201702": "9.18",
        "201703": "10.65",
        "201704": "12.18",
        "201705": "11.34",
        "201706": "10.38",
        "201707": "10.53",
        "201708": "10.57",
        "201709": "12.47",
        "201710": "12.42",
        "201711": "15.03",
        "201712": "30.27",
        "201801": "34.20",
        "201802": "31.44",
        "201803": "30.43",
        "201804": "23.23",
        "201805": "22.87",
        "201806": "23.60",
        "201807": "18.58",
        "201808": "21.18",
        "201809": "18.41",
        "201810": "17.47",
        "201811": "17.49",
        "201812": "19.31",
        "201901": "17.18",
        "201902": "17.93",
        "201903": "18.10",
        "201904": "17.60",
        "201905": "14.86",
        "201906": "14.12",
        "201907": "15.53",
        "201908": "15.01",
        "201909": "17.07",
        "201910": "16.69",
        "201911": "15.96",
        "201912": "15.89",
        "202001": "15.69",
        "202002": "14.44",
        "202003": "11.26",
        "202004": "11.54",
        "202005": "12.64",
        "202006": "12.52",
        "202007": "12.60",
        "202008": "12.40",
        "202009": "12.67",
        "202010": "12.34",
        "202011": "12.20",
        "202012": "13.32",
        "202101": "13.01",
        "202102": "14.40",
        "202103": "15.18",
        "202104": "16.28",
        "202105": "13.49",
        "202106": "14.42",
        "202107": "16.15",
        "202108": "14.56",
        "202109": "15.71",
        "202110": "15.87",
        "202111": "18.90",
        "202112": "19.89",
        "202201": "18.13",
        "202202": "17.21",
        "202203": "16.40",
        "202204": "16.57",
        "202205": "16.67",
        "202206": "18.06",
        "202207": "16.58",
        "202208": "17.30",
        "202209": "15.86",
        "202210": "13.31",
        "202211": "13.57",
        "202212": "13.98",
        "202301": "13.38",
        "202302": "13.82",
        "202303": "14.10",
        "202304": "14.85",
        "202305": "14.07",
        "202306": "14.40",
        "202307": "14.60",
        "202308": "14.56",
        "202309": "14.30",
        "202310": "14.02",
        "202311": "14.20",
        "202312": "15.05"
    },
    "quarters": {
        "20011": {
            "year_quarter": 20011,
            "year": 2001,
            "quarter": 1,
            "eps": null,
            "eps_growth_year": null,
            "eps_4q": null,
            "eps_4q_growth_year": null,
            "roe": null,
            "roe_4q": 0,
            "gross_profit": null,
            "gross_margin": null,
            "gross_margin_4q_avg": 0,
            "net_income": null,
            "net_income_4q": null,
            "revenue": null,
            "revenue_4q": null,
            "common_shares": null,
            "book_valuer_per_share": null,
            "book_valuer_per_share_4q_avg": 0,
            "equity": null,
            "current_ratio": null,
            "debt_ratio": null,
            "inventory_turnover_ratio": null,
            "account_receivable_turnover_ratio": null,
            "reinvestment_rate": null,
            "research_to_sale_ratio": null,
            "price_fair": 0,
            "eps_avg_yearly": 0,
            "eps_latest_yearly": 0,
            "eps_growth_yearly": 0
        },
        "20012": {
            "year_quarter": 20012,
            "year": 2001,
            "quarter": 2,
            "eps": null,
            "eps_growth_year": null,
            "eps_4q": null,
            "eps_4q_growth_year": null,
            "roe": null,
            "roe_4q": 0,
            "gross_profit": null,
            "gross_margin": null,
            "gross_margin_4q_avg": 0,
            "net_income": null,
            "net_income_4q": null,
            "revenue": null,
            "revenue_4q": null,
            "common_shares": null,
            "book_valuer_per_share": null,
            "book_valuer_per_share_4q_avg": 0,
            "equity": null,
            "current_ratio": null,
            "debt_ratio": null,
            "inventory_turnover_ratio": null,
            "account_receivable_turnover_ratio": null,
            "reinvestment_rate": null,
            "research_to_sale_ratio": null,
            "price_fair": 0,
            "eps_avg_yearly": 0,
            "eps_latest_yearly": 0,
            "eps_growth_yearly": 0
        },
        "20013": {
            "year_quarter": 20013,
            "year": 2001,
            "quarter": 3,
            "eps": null,
            "eps_growth_year": null,
            "eps_4q": null,
            "eps_4q_growth_year": null,
            "roe": null,
            "roe_4q": 0,
            "gross_profit": null,
            "gross_margin": null,
            "gross_margin_4q_avg": 0,
            "net_income": null,
            "net_income_4q": null,
            "revenue": null,
            "revenue_4q": null,
            "common_shares": null,
            "book_valuer_per_share": null,
            "book_valuer_per_share_4q_avg": 0,
            "equity": null,
            "current_ratio": null,
            "debt_ratio": null,
            "inventory_turnover_ratio": null,
            "account_receivable_turnover_ratio": null,
            "reinvestment_rate": null,
            "research_to_sale_ratio": null,
            "price_fair": 0,
            "eps_avg_yearly": 0,
            "eps_latest_yearly": 0,
            "eps_growth_yearly": 0
        },
        "20014": {
            "year_quarter": 20014,
            "year": 2001,
            "quarter": 4,
            "eps": null,
            "eps_growth_year": null,
            "eps_4q": null,
            "eps_4q_growth_year": null,
            "roe": null,
            "roe_4q": 0,
            "gross_profit": null,
            "gross_margin": null,
            "gross_margin_4q_avg": 0,
            "net_income": null,
            "net_income_4q": null,
            "revenue": null,
            "revenue_4q": null,
            "common_shares": 25000,
            "book_valuer_per_share": 15.58,
            "book_valuer_per_share_4q_avg": 3.9,
            "equity": 38938,
            "current_ratio": 121.88,
            "debt_ratio": 70.71,
            "inventory_turnover_ratio": null,
            "account_receivable_turnover_ratio": null,
            "reinvestment_rate": null,
            "research_to_sale_ratio": null,
            "price_fair": 0,
            "eps_avg_yearly": 0,
            "eps_latest_yearly": 0,
            "eps_growth_yearly": 0
        },
        "20021": {
            "year_quarter": 20021,
            "year": 2002,
            "quarter": 1,
            "eps": null,
            "eps_growth_year": null,
            "eps_4q": null,
            "eps_4q_growth_year": null,
            "roe": null,
            "roe_4q": 0,
            "gross_profit": null,
            "gross_margin": null,
            "gross_margin_4q_avg": 0,
            "net_income": null,
            "net_income_4q": null,
            "revenue": null,
            "revenue_4q": null,
            "common_shares": null,
            "book_valuer_per_share": null,
            "book_valuer_per_share_4q_avg": 3.9,
            "equity": null,
            "current_ratio": null,
            "debt_ratio": null,
            "inventory_turnover_ratio": null,
            "account_receivable_turnover_ratio": null,
            "reinvestment_rate": null,
            "research_to_sale_ratio": null,
            "price_fair": 0,
            "eps_avg_yearly": 0,
            "eps_latest_yearly": 0,
            "eps_growth_yearly": 0
        },
        "20022": {
            "year_quarter": 20022,
            "year": 2002,
            "quarter": 2,
            "eps": null,
            "eps_growth_year": null,
            "eps_4q": null,
            "eps_4q_growth_year": null,
            "roe": null,
            "roe_4q": 0,
            "gross_profit": null,
            "gross_margin": null,
            "gross_margin_4q_avg": 0,
            "net_income": null,
            "net_income_4q": null,
            "revenue": null,
            "revenue_4q": null,
            "common_shares": null,
            "book_valuer_per_share": null,
            "book_valuer_per_share_4q_avg": 3.9,
            "equity": null,
            "current_ratio": null,
            "debt_ratio": null,
            "inventory_turnover_ratio": null,
            "account_receivable_turnover_ratio": null,
            "reinvestment_rate": null,
            "research_to_sale_ratio": null,
            "price_fair": 0,
            "eps_avg_yearly": 0,
            "eps_latest_yearly": 0,
            "eps_growth_yearly": 0
        },
        "20023": {
            "year_quarter": 20023,
            "year": 2002,
            "quarter": 3,
            "eps": null,
            "eps_growth_year": null,
            "eps_4q": null,
            "eps_4q_growth_year": null,
            "roe": null,
            "roe_4q": 0,
            "gross_profit": null,
            "gross_margin": null,
            "gross_margin_4q_avg": 0,
            "net_income": null,
            "net_income_4q": null,
            "revenue": null,
            "revenue_4q": null,
            "common_shares": null,
            "book_valuer_per_share": null,
            "book_valuer_per_share_4q_avg": 3.9,
            "equity": null,
            "current_ratio": null,
            "debt_ratio": null,
            "inventory_turnover_ratio": null,
            "account_receivable_turnover_ratio": null,
            "reinvestment_rate": null,
            "research_to_sale_ratio": null,
            "price_fair": 0,
            "eps_avg_yearly": 0,
            "eps_latest_yearly": 0,
            "eps_growth_yearly": 0
        },
        "20024": {
            "year_quarter": 20024,
            "year": 2002,
            "quarter": 4,
            "eps": null,
            "eps_growth_year": null,
            "eps_4q": null,
            "eps_4q_growth_year": null,
            "roe": null,
            "roe_4q": 0,
            "gross_profit": null,
            "gross_margin": null,
            "gross_margin_4q_avg": 0,
            "net_income": null,
            "net_income_4q": null,
            "revenue": null,
            "revenue_4q": null,
            "common_shares": 105000,
            "book_valuer_per_share": 15.61,
            "book_valuer_per_share_4q_avg": 3.9,
            "equity": 163878,
            "current_ratio": 188.08,
            "debt_ratio": 47.82,
            "inventory_turnover_ratio": null,
            "account_receivable_turnover_ratio": null,
            "reinvestment_rate": null,
            "research_to_sale_ratio": null,
            "price_fair": 0,
            "eps_avg_yearly": 0,
            "eps_latest_yearly": 0,
            "eps_growth_yearly": 0
        },
        "20031": {
            "year_quarter": 20031,
            "year": 2003,
            "quarter": 1,
            "eps": null,
            "eps_growth_year": null,
            "eps_4q": null,
            "eps_4q_growth_year": null,
            "roe": null,
            "roe_4q": 0,
            "gross_profit": null,
            "gross_margin": null,
            "gross_margin_4q_avg": 0,
            "net_income": null,
            "net_income_4q": null,
            "revenue": null,
            "revenue_4q": null,
            "common_shares": null,
            "book_valuer_per_share": null,
            "book_valuer_per_share_4q_avg": 3.9,
            "equity": null,
            "current_ratio": null,
            "debt_ratio": null,
            "inventory_turnover_ratio": null,
            "account_receivable_turnover_ratio": null,
            "reinvestment_rate": null,
            "research_to_sale_ratio": null,
            "price_fair": 0,
            "eps_avg_yearly": 0,
            "eps_latest_yearly": 0,
            "eps_growth_yearly": 0
        },
        "20032": {
            "year_quarter": 20032,
            "year": 2003,
            "quarter": 2,
            "eps": null,
            "eps_growth_year": null,
            "eps_4q": null,
            "eps_4q_growth_year": null,
            "roe": null,
            "roe_4q": 0,
            "gross_profit": null,
            "gross_margin": null,
            "gross_margin_4q_avg": 0,
            "net_income": null,
            "net_income_4q": null,
            "revenue": null,
            "revenue_4q": null,
            "common_shares": null,
            "book_valuer_per_share": null,
            "book_valuer_per_share_4q_avg": 3.9,
            "equity": null,
            "current_ratio": null,
            "debt_ratio": null,
            "inventory_turnover_ratio": null,
            "account_receivable_turnover_ratio": null,
            "reinvestment_rate": null,
            "research_to_sale_ratio": null,
            "price_fair": 0,
            "eps_avg_yearly": 0,
            "eps_latest_yearly": 0,
            "eps_growth_yearly": 0
        },
        "20033": {
            "year_quarter": 20033,
            "year": 2003,
            "quarter": 3,
            "eps": null,
            "eps_growth_year": null,
            "eps_4q": null,
            "eps_4q_growth_year": null,
            "roe": null,
            "roe_4q": 0,
            "gross_profit": null,
            "gross_margin": null,
            "gross_margin_4q_avg": 0,
            "net_income": null,
            "net_income_4q": null,
            "revenue": null,
            "revenue_4q": null,
            "common_shares": null,
            "book_valuer_per_share": null,
            "book_valuer_per_share_4q_avg": 3.9,
            "equity": null,
            "current_ratio": null,
            "debt_ratio": null,
            "inventory_turnover_ratio": null,
            "account_receivable_turnover_ratio": null,
            "reinvestment_rate": null,
            "research_to_sale_ratio": null,
            "price_fair": 0,
            "eps_avg_yearly": 0,
            "eps_latest_yearly": 0,
            "eps_growth_yearly": 0
        },
        "20034": {
            "year_quarter": 20034,
            "year": 2003,
            "quarter": 4,
            "eps": null,
            "eps_growth_year": null,
            "eps_4q": null,
            "eps_4q_growth_year": null,
            "roe": null,
            "roe_4q": 0,
            "gross_profit": null,
            "gross_margin": null,
            "gross_margin_4q_avg": 0,
            "net_income": null,
            "net_income_4q": null,
            "revenue": null,
            "revenue_4q": null,
            "common_shares": 237000,
            "book_valuer_per_share": 16.6,
            "book_valuer_per_share_4q_avg": 4.15,
            "equity": 393462,
            "current_ratio": 216.75,
            "debt_ratio": 34.99,
            "inventory_turnover_ratio": null,
            "account_receivable_turnover_ratio": null,
            "reinvestment_rate": null,
            "research_to_sale_ratio": null,
            "price_fair": 0,
            "eps_avg_yearly": 0,
            "eps_latest_yearly": 0,
            "eps_growth_yearly": 0
        },
        "20041": {
            "year_quarter": 20041,
            "year": 2004,
            "quarter": 1,
            "eps": null,
            "eps_growth_year": null,
            "eps_4q": null,
            "eps_4q_growth_year": null,
            "roe": null,
            "roe_4q": 0,
            "gross_profit": null,
            "gross_margin": null,
            "gross_margin_4q_avg": 0,
            "net_income": null,
            "net_income_4q": null,
            "revenue": null,
            "revenue_4q": null,
            "common_shares": null,
            "book_valuer_per_share": null,
            "book_valuer_per_share_4q_avg": 4.15,
            "equity": null,
            "current_ratio": null,
            "debt_ratio": null,
            "inventory_turnover_ratio": null,
            "account_receivable_turnover_ratio": null,
            "reinvestment_rate": null,
            "research_to_sale_ratio": null,
            "price_fair": 0,
            "eps_avg_yearly": 0,
            "eps_latest_yearly": 0,
            "eps_growth_yearly": 0
        },
        "20042": {
            "year_quarter": 20042,
            "year": 2004,
            "quarter": 2,
            "eps": null,
            "eps_growth_year": null,
            "eps_4q": null,
            "eps_4q_growth_year": null,
            "roe": null,
            "roe_4q": 0,
            "gross_profit": null,
            "gross_margin": null,
            "gross_margin_4q_avg": 0,
            "net_income": null,
            "net_income_4q": null,
            "revenue": null,
            "revenue_4q": null,
            "common_shares": null,
            "book_valuer_per_share": null,
            "book_valuer_per_share_4q_avg": 4.15,
            "equity": null,
            "current_ratio": null,
            "debt_ratio": null,
            "inventory_turnover_ratio": null,
            "account_receivable_turnover_ratio": null,
            "reinvestment_rate": null,
            "research_to_sale_ratio": null,
            "price_fair": 0,
            "eps_avg_yearly": 0,
            "eps_latest_yearly": 0,
            "eps_growth_yearly": 0
        },
        "20043": {
            "year_quarter": 20043,
            "year": 2004,
            "quarter": 3,
            "eps": null,
            "eps_growth_year": null,
            "eps_4q": null,
            "eps_4q_growth_year": null,
            "roe": null,
            "roe_4q": 0,
            "gross_profit": null,
            "gross_margin": null,
            "gross_margin_4q_avg": 0,
            "net_income": null,
            "net_income_4q": null,
            "revenue": null,
            "revenue_4q": null,
            "common_shares": null,
            "book_valuer_per_share": null,
            "book_valuer_per_share_4q_avg": 4.15,
            "equity": null,
            "current_ratio": null,
            "debt_ratio": null,
            "inventory_turnover_ratio": null,
            "account_receivable_turnover_ratio": null,
            "reinvestment_rate": null,
            "research_to_sale_ratio": null,
            "price_fair": 0,
            "eps_avg_yearly": 0,
            "eps_latest_yearly": 0,
            "eps_growth_yearly": 0
        },
        "20044": {
            "year_quarter": 20044,
            "year": 2004,
            "quarter": 4,
            "eps": null,
            "eps_growth_year": null,
            "eps_4q": null,
            "eps_4q_growth_year": null,
            "roe": null,
            "roe_4q": 0,
            "gross_profit": null,
            "gross_margin": null,
            "gross_margin_4q_avg": 0,
            "net_income": null,
            "net_income_4q": null,
            "revenue": null,
            "revenue_4q": null,
            "common_shares": 421528,
            "book_valuer_per_share": 21.81,
            "book_valuer_per_share_4q_avg": 5.45,
            "equity": 919450,
            "current_ratio": 364.34,
            "debt_ratio": 17.12,
            "inventory_turnover_ratio": null,
            "account_receivable_turnover_ratio": null,
            "reinvestment_rate": null,
            "research_to_sale_ratio": null,
            "price_fair": 0,
            "eps_avg_yearly": 0,
            "eps_latest_yearly": 0,
            "eps_growth_yearly": 0
        },
        "20051": {
            "year_quarter": 20051,
            "year": 2005,
            "quarter": 1,
            "eps": 1.75,
            "eps_growth_year": null,
            "eps_4q": null,
            "eps_4q_growth_year": null,
            "roe": 7.71,
            "roe_4q": 7.71,
            "gross_profit": 111054,
            "gross_margin": 38.59,
            "gross_margin_4q_avg": 9.65,
            "net_income": 73747,
            "net_income_4q": null,
            "revenue": 287749,
            "revenue_4q": null,
            "common_shares": 421528,
            "book_valuer_per_share": 23.54,
            "book_valuer_per_share_4q_avg": 11.34,
            "equity": 992348,
            "current_ratio": 379.05,
            "debt_ratio": 15.58,
            "inventory_turnover_ratio": 1.95,
            "account_receivable_turnover_ratio": null,
            "reinvestment_rate": null,
            "research_to_sale_ratio": null,
            "price_fair": 0,
            "eps_avg_yearly": 0,
            "eps_latest_yearly": 0,
            "eps_growth_yearly": 0
        },
        "20052": {
            "year_quarter": 20052,
            "year": 2005,
            "quarter": 2,
            "eps": 1.26,
            "eps_growth_year": null,
            "eps_4q": null,
            "eps_4q_growth_year": null,
            "roe": 7.87,
            "roe_4q": 15.58,
            "gross_profit": 115314,
            "gross_margin": 42.21,
            "gross_margin_4q_avg": 20.2,
            "net_income": 69576,
            "net_income_4q": null,
            "revenue": 273210,
            "revenue_4q": null,
            "common_shares": 550786,
            "book_valuer_per_share": 14.09,
            "book_valuer_per_share_4q_avg": 14.86,
            "equity": 776302,
            "current_ratio": 167.15,
            "debt_ratio": 36.03,
            "inventory_turnover_ratio": 1.89,
            "account_receivable_turnover_ratio": null,
            "reinvestment_rate": null,
            "research_to_sale_ratio": null,
            "price_fair": 15.12,
            "eps_avg_yearly": 5.04,
            "eps_latest_yearly": 5.04,
            "eps_growth_yearly": -112
        },
        "20053": {
            "year_quarter": 20053,
            "year": 2005,
            "quarter": 3,
            "eps": 1.64,
            "eps_growth_year": null,
            "eps_4q": null,
            "eps_4q_growth_year": null,
            "roe": 12.5,
            "roe_4q": 28.080000000000002,
            "gross_profit": 113105,
            "gross_margin": 38.93,
            "gross_margin_4q_avg": 29.93,
            "net_income": 103703,
            "net_income_4q": null,
            "revenue": 290499,
            "revenue_4q": null,
            "common_shares": 550786,
            "book_valuer_per_share": 16.03,
            "book_valuer_per_share_4q_avg": 18.87,
            "equity": 882891,
            "current_ratio": 217.24,
            "debt_ratio": 27.52,
            "inventory_turnover_ratio": 2,
            "account_receivable_turnover_ratio": null,
            "reinvestment_rate": null,
            "research_to_sale_ratio": null,
            "price_fair": 83.04,
            "eps_avg_yearly": 5.8,
            "eps_latest_yearly": 6.56,
            "eps_growth_yearly": 4.32
        },
        "20054": {
            "year_quarter": 20054,
            "year": 2005,
            "quarter": 4,
            "eps": 1.25,
            "eps_growth_year": null,
            "eps_4q": 5.71,
            "eps_4q_growth_year": null,
            "roe": 6.02,
            "roe_4q": 34.1,
            "gross_profit": 116026,
            "gross_margin": 41.62,
            "gross_margin_4q_avg": 40.34,
            "net_income": 69280,
            "net_income_4q": null,
            "revenue": 278776,
            "revenue_4q": null,
            "common_shares": 620426,
            "book_valuer_per_share": 22.85,
            "book_valuer_per_share_4q_avg": 19.13,
            "equity": 1417524,
            "current_ratio": 524.41,
            "debt_ratio": 13.29,
            "inventory_turnover_ratio": 1.13,
            "account_receivable_turnover_ratio": null,
            "reinvestment_rate": null,
            "research_to_sale_ratio": null,
            "price_fair": 16.6,
            "eps_avg_yearly": 5.53,
            "eps_latest_yearly": 5,
            "eps_growth_yearly": -28.83
        },
        "20061": {
            "year_quarter": 20061,
            "year": 2006,
            "quarter": 1,
            "eps": 0.64,
            "eps_growth_year": -63.43,
            "eps_4q": 4.53,
            "eps_4q_growth_year": null,
            "roe": 2.78,
            "roe_4q": 29.169999999999998,
            "gross_profit": 70406,
            "gross_margin": 31.32,
            "gross_margin_4q_avg": 38.52,
            "net_income": 39942,
            "net_income_4q": null,
            "revenue": 224800,
            "revenue_4q": null,
            "common_shares": 620426,
            "book_valuer_per_share": 23.45,
            "book_valuer_per_share_4q_avg": 19.11,
            "equity": 1454752,
            "current_ratio": 683.73,
            "debt_ratio": 9.59,
            "inventory_turnover_ratio": 0.93,
            "account_receivable_turnover_ratio": null,
            "reinvestment_rate": null,
            "research_to_sale_ratio": null,
            "price_fair": 14.37,
            "eps_avg_yearly": 4.79,
            "eps_latest_yearly": 2.56,
            "eps_growth_yearly": -70.42
        },
        "20062": {
            "year_quarter": 20062,
            "year": 2006,
            "quarter": 2,
            "eps": 0.31,
            "eps_growth_year": -75.4,
            "eps_4q": 3.26,
            "eps_4q_growth_year": null,
            "roe": 1.62,
            "roe_4q": 22.92,
            "gross_profit": 48536,
            "gross_margin": 26.27,
            "gross_margin_4q_avg": 34.54,
            "net_income": 22339,
            "net_income_4q": null,
            "revenue": 184780,
            "revenue_4q": null,
            "common_shares": 620426,
            "book_valuer_per_share": 20.91,
            "book_valuer_per_share_4q_avg": 20.81,
            "equity": 1297552,
            "current_ratio": 357.06,
            "debt_ratio": 18.29,
            "inventory_turnover_ratio": 1,
            "account_receivable_turnover_ratio": null,
            "reinvestment_rate": null,
            "research_to_sale_ratio": null,
            "price_fair": 12.24,
            "eps_avg_yearly": 4.08,
            "eps_latest_yearly": 1.24,
            "eps_growth_yearly": -97.59
        },
        "20063": {
            "year_quarter": 20063,
            "year": 2006,
            "quarter": 3,
            "eps": 0.58,
            "eps_growth_year": -64.63,
            "eps_4q": 2.41,
            "eps_4q_growth_year": null,
            "roe": 3.16,
            "roe_4q": 13.58,
            "gross_profit": 55854,
            "gross_margin": 21.12,
            "gross_margin_4q_avg": 30.08,
            "net_income": 41700,
            "net_income_4q": null,
            "revenue": 264509,
            "revenue_4q": null,
            "common_shares": 713722,
            "book_valuer_per_share": 18.84,
            "book_valuer_per_share_4q_avg": 21.51,
            "equity": 1344978,
            "current_ratio": 479.77,
            "debt_ratio": 12.61,
            "inventory_turnover_ratio": 1.51,
            "account_receivable_turnover_ratio": null,
            "reinvestment_rate": null,
            "research_to_sale_ratio": null,
            "price_fair": 11.36,
            "eps_avg_yearly": 3.79,
            "eps_latest_yearly": 2.32,
            "eps_growth_yearly": -23.26
        },
        "20064": {
            "year_quarter": 20064,
            "year": 2006,
            "quarter": 4,
            "eps": -0.04,
            "eps_growth_year": -103.2,
            "eps_4q": 1.41,
            "eps_4q_growth_year": -75.29,
            "roe": -0.23,
            "roe_4q": 7.33,
            "gross_profit": 31352,
            "gross_margin": 12.92,
            "gross_margin_4q_avg": 22.91,
            "net_income": -3030,
            "net_income_4q": null,
            "revenue": 242643,
            "revenue_4q": null,
            "common_shares": 713722,
            "book_valuer_per_share": 18.79,
            "book_valuer_per_share_4q_avg": 20.5,
            "equity": 1340792,
            "current_ratio": 510.74,
            "debt_ratio": 11.67,
            "inventory_turnover_ratio": 1,
            "account_receivable_turnover_ratio": null,
            "reinvestment_rate": null,
            "research_to_sale_ratio": null,
            "price_fair": 11.36,
            "eps_avg_yearly": 3.79,
            "eps_latest_yearly": 2.32,
            "eps_growth_yearly": -23.26
        },
        "20071": {
            "year_quarter": 20071,
            "year": 2007,
            "quarter": 1,
            "eps": 0.14,
            "eps_growth_year": -78.12,
            "eps_4q": 0.97,
            "eps_4q_growth_year": -78.47,
            "roe": 0.76,
            "roe_4q": 5.3100000000000005,
            "gross_profit": 22921,
            "gross_margin": 17.26,
            "gross_margin_4q_avg": 19.39,
            "net_income": 10236,
            "net_income_4q": null,
            "revenue": 132815,
            "revenue_4q": null,
            "common_shares": 713722,
            "book_valuer_per_share": 19,
            "book_valuer_per_share_4q_avg": 19.39,
            "equity": 1356316,
            "current_ratio": 513.2,
            "debt_ratio": 9.77,
            "inventory_turnover_ratio": 0.47,
            "account_receivable_turnover_ratio": null,
            "reinvestment_rate": null,
            "research_to_sale_ratio": null,
            "price_fair": 11.36,
            "eps_avg_yearly": 3.79,
            "eps_latest_yearly": 2.32,
            "eps_growth_yearly": -23.26
        },
        "20072": {
            "year_quarter": 20072,
            "year": 2007,
            "quarter": 2,
            "eps": -0.64,
            "eps_growth_year": -306.45,
            "eps_4q": 0.02,
            "eps_4q_growth_year": -99.43,
            "roe": -3.68,
            "roe_4q": 0.010000000000000231,
            "gross_profit": 38783,
            "gross_margin": 16.73,
            "gross_margin_4q_avg": 17.01,
            "net_income": -47587,
            "net_income_4q": null,
            "revenue": 231751,
            "revenue_4q": null,
            "common_shares": 713722,
            "book_valuer_per_share": 17.27,
            "book_valuer_per_share_4q_avg": 18.48,
            "equity": 1232852,
            "current_ratio": 289.45,
            "debt_ratio": 18.78,
            "inventory_turnover_ratio": 1.06,
            "account_receivable_turnover_ratio": null,
            "reinvestment_rate": null,
            "research_to_sale_ratio": null,
            "price_fair": 11.36,
            "eps_avg_yearly": 3.79,
            "eps_latest_yearly": 2.32,
            "eps_growth_yearly": -23.26
        },
        "20073": {
            "year_quarter": 20073,
            "year": 2007,
            "quarter": 3,
            "eps": 0.61,
            "eps_growth_year": 5.17,
            "eps_4q": 0.06,
            "eps_4q_growth_year": -97.31,
            "roe": 3.6,
            "roe_4q": 0.44999999999999996,
            "gross_profit": 72395,
            "gross_margin": 21.22,
            "gross_margin_4q_avg": 17.03,
            "net_income": 45182,
            "net_income_4q": null,
            "revenue": 341186,
            "revenue_4q": null,
            "common_shares": 741462,
            "book_valuer_per_share": 17.22,
            "book_valuer_per_share_4q_avg": 18.07,
            "equity": 1277000,
            "current_ratio": 232.09,
            "debt_ratio": 22.55,
            "inventory_turnover_ratio": 1.41,
            "account_receivable_turnover_ratio": null,
            "reinvestment_rate": null,
            "research_to_sale_ratio": null,
            "price_fair": 11.36,
            "eps_avg_yearly": 3.79,
            "eps_latest_yearly": 2.32,
            "eps_growth_yearly": -23.26
        },
        "20074": {
            "year_quarter": 20074,
            "year": 2007,
            "quarter": 4,
            "eps": 0.16,
            "eps_growth_year": null,
            "eps_4q": 0.26,
            "eps_4q_growth_year": -81.27,
            "roe": 0.94,
            "roe_4q": 1.6199999999999999,
            "gross_profit": 65545,
            "gross_margin": 25.01,
            "gross_margin_4q_avg": 20.06,
            "net_income": 12030,
            "net_income_4q": null,
            "revenue": 262107,
            "revenue_4q": null,
            "common_shares": 741462,
            "book_valuer_per_share": 17.44,
            "book_valuer_per_share_4q_avg": 17.73,
            "equity": 1293262,
            "current_ratio": 359.75,
            "debt_ratio": 18.06,
            "inventory_turnover_ratio": 0.68,
            "account_receivable_turnover_ratio": null,
            "reinvestment_rate": null,
            "research_to_sale_ratio": null,
            "price_fair": 10.01,
            "eps_avg_yearly": 3.34,
            "eps_latest_yearly": 0.64,
            "eps_growth_yearly": -62.09
        },
        "20081": {
            "year_quarter": 20081,
            "year": 2008,
            "quarter": 1,
            "eps": -0.64,
            "eps_growth_year": -557.14,
            "eps_4q": -0.51,
            "eps_4q_growth_year": -152.16,
            "roe": -3.73,
            "roe_4q": -2.87,
            "gross_profit": 23893,
            "gross_margin": 12.38,
            "gross_margin_4q_avg": 18.84,
            "net_income": -46775,
            "net_income_4q": null,
            "revenue": 193011,
            "revenue_4q": null,
            "common_shares": 741462,
            "book_valuer_per_share": 16.42,
            "book_valuer_per_share_4q_avg": 17.09,
            "equity": 1217728,
            "current_ratio": 330.13,
            "debt_ratio": 16.67,
            "inventory_turnover_ratio": 0.52,
            "account_receivable_turnover_ratio": null,
            "reinvestment_rate": null,
            "research_to_sale_ratio": null,
            "price_fair": 10.01,
            "eps_avg_yearly": 3.34,
            "eps_latest_yearly": 0.64,
            "eps_growth_yearly": -62.09
        },
        "20082": {
            "year_quarter": 20082,
            "year": 2008,
            "quarter": 2,
            "eps": 0.17,
            "eps_growth_year": null,
            "eps_4q": 0.31,
            "eps_4q_growth_year": 1588.04,
            "roe": 1.03,
            "roe_4q": 1.8399999999999999,
            "gross_profit": 39482,
            "gross_margin": 15.5,
            "gross_margin_4q_avg": 18.53,
            "net_income": 12498,
            "net_income_4q": null,
            "revenue": 254751,
            "revenue_4q": null,
            "common_shares": 741462,
            "book_valuer_per_share": 16.39,
            "book_valuer_per_share_4q_avg": 16.87,
            "equity": 1215424,
            "current_ratio": 276.98,
            "debt_ratio": 20.66,
            "inventory_turnover_ratio": 0.77,
            "account_receivable_turnover_ratio": null,
            "reinvestment_rate": null,
            "research_to_sale_ratio": null,
            "price_fair": 10.01,
            "eps_avg_yearly": 3.34,
            "eps_latest_yearly": 0.64,
            "eps_growth_yearly": -62.09
        },
        "20083": {
            "year_quarter": 20083,
            "year": 2008,
            "quarter": 3,
            "eps": 1.2,
            "eps_growth_year": 96.72,
            "eps_4q": 0.89,
            "eps_4q_growth_year": 1280.71,
            "roe": 6.88,
            "roe_4q": 5.119999999999999,
            "gross_profit": 122627,
            "gross_margin": 31.65,
            "gross_margin_4q_avg": 21.14,
            "net_income": 87514,
            "net_income_4q": null,
            "revenue": 387433,
            "revenue_4q": null,
            "common_shares": 741462,
            "book_valuer_per_share": 17.9,
            "book_valuer_per_share_4q_avg": 17.04,
            "equity": 1327045,
            "current_ratio": 247.23,
            "debt_ratio": 24.95,
            "inventory_turnover_ratio": 0.9,
            "account_receivable_turnover_ratio": null,
            "reinvestment_rate": null,
            "research_to_sale_ratio": null,
            "price_fair": 123.2,
            "eps_avg_yearly": 3.52,
            "eps_latest_yearly": 4.8,
            "eps_growth_yearly": 248.61
        },
        "20084": {
            "year_quarter": 20084,
            "year": 2008,
            "quarter": 4,
            "eps": -0.14,
            "eps_growth_year": -187.5,
            "eps_4q": 0.59,
            "eps_4q_growth_year": 123.36,
            "roe": -0.77,
            "roe_4q": 3.4099999999999997,
            "gross_profit": 31037,
            "gross_margin": 12.65,
            "gross_margin_4q_avg": 18.05,
            "net_income": -10085,
            "net_income_4q": null,
            "revenue": 245266,
            "revenue_4q": null,
            "common_shares": 741462,
            "book_valuer_per_share": 17.52,
            "book_valuer_per_share_4q_avg": 17.06,
            "equity": 1299123,
            "current_ratio": 345.92,
            "debt_ratio": 17.24,
            "inventory_turnover_ratio": 0.77,
            "account_receivable_turnover_ratio": 1.13,
            "reinvestment_rate": 41.23,
            "research_to_sale_ratio": null,
            "price_fair": 123.2,
            "eps_avg_yearly": 3.52,
            "eps_latest_yearly": 4.8,
            "eps_growth_yearly": 248.61
        },
        "20091": {
            "year_quarter": 20091,
            "year": 2009,
            "quarter": 1,
            "eps": -0.16,
            "eps_growth_year": null,
            "eps_4q": 1.05,
            "eps_4q_growth_year": null,
            "roe": -0.91,
            "roe_4q": 6.2299999999999995,
            "gross_profit": -1367,
            "gross_margin": -1.03,
            "gross_margin_4q_avg": 14.69,
            "net_income": -11887,
            "net_income_4q": null,
            "revenue": 133338,
            "revenue_4q": null,
            "common_shares": 741462,
            "book_valuer_per_share": 17.61,
            "book_valuer_per_share_4q_avg": 17.36,
            "equity": 1305531,
            "current_ratio": 508,
            "debt_ratio": 11.22,
            "inventory_turnover_ratio": 0.62,
            "account_receivable_turnover_ratio": 0.38,
            "reinvestment_rate": 47.22,
            "research_to_sale_ratio": null,
            "price_fair": 123.2,
            "eps_avg_yearly": 3.52,
            "eps_latest_yearly": 4.8,
            "eps_growth_yearly": 248.61
        },
        "20092": {
            "year_quarter": 20092,
            "year": 2009,
            "quarter": 2,
            "eps": -0.1,
            "eps_growth_year": -158.82,
            "eps_4q": 0.78,
            "eps_4q_growth_year": 150.17,
            "roe": -0.61,
            "roe_4q": 4.59,
            "gross_profit": 22849,
            "gross_margin": 14.39,
            "gross_margin_4q_avg": 14.42,
            "net_income": -7674,
            "net_income_4q": null,
            "revenue": 158745,
            "revenue_4q": null,
            "common_shares": 741462,
            "book_valuer_per_share": 16.52,
            "book_valuer_per_share_4q_avg": 17.39,
            "equity": 1224887,
            "current_ratio": 396.7,
            "debt_ratio": 14.69,
            "inventory_turnover_ratio": 0.76,
            "account_receivable_turnover_ratio": 0.61,
            "reinvestment_rate": 54.7,
            "research_to_sale_ratio": null,
            "price_fair": 115.6,
            "eps_avg_yearly": 3.3,
            "eps_latest_yearly": 4.8,
            "eps_growth_yearly": 300.13
        },
        "20093": {
            "year_quarter": 20093,
            "year": 2009,
            "quarter": 3,
            "eps": 0.03,
            "eps_growth_year": -97.5,
            "eps_4q": -0.32,
            "eps_4q_growth_year": -135.91,
            "roe": 0.21,
            "roe_4q": -2.08,
            "gross_profit": 35547,
            "gross_margin": 18.86,
            "gross_margin_4q_avg": 11.22,
            "net_income": 2531,
            "net_income_4q": null,
            "revenue": 188444,
            "revenue_4q": null,
            "common_shares": 741462,
            "book_valuer_per_share": 16.6,
            "book_valuer_per_share_4q_avg": 17.06,
            "equity": 1230978,
            "current_ratio": 358.17,
            "debt_ratio": 16.61,
            "inventory_turnover_ratio": 0.95,
            "account_receivable_turnover_ratio": 0.75,
            "reinvestment_rate": 72.69,
            "research_to_sale_ratio": null,
            "price_fair": 96.6,
            "eps_avg_yearly": 2.76,
            "eps_latest_yearly": 4.8,
            "eps_growth_yearly": 330.04
        },
        "20094": {
            "year_quarter": 20094,
            "year": 2009,
            "quarter": 4,
            "eps": -0.4,
            "eps_growth_year": null,
            "eps_4q": -0.63,
            "eps_4q_growth_year": -206.99,
            "roe": -2.4,
            "roe_4q": -3.71,
            "gross_profit": 3197,
            "gross_margin": 2,
            "gross_margin_4q_avg": 8.56,
            "net_income": -29151,
            "net_income_4q": null,
            "revenue": 159599,
            "revenue_4q": null,
            "common_shares": 741462,
            "book_valuer_per_share": 16.36,
            "book_valuer_per_share_4q_avg": 16.77,
            "equity": 1197148,
            "current_ratio": 378.29,
            "debt_ratio": 15.5,
            "inventory_turnover_ratio": 1.08,
            "account_receivable_turnover_ratio": 0.82,
            "reinvestment_rate": 398.96,
            "research_to_sale_ratio": null,
            "price_fair": 80.92,
            "eps_avg_yearly": 2.31,
            "eps_latest_yearly": 4.8,
            "eps_growth_yearly": 415.08
        },
        "20101": {
            "year_quarter": 20101,
            "year": 2010,
            "quarter": 1,
            "eps": 0.16,
            "eps_growth_year": null,
            "eps_4q": -0.31,
            "eps_4q_growth_year": -129.76,
            "roe": 0.94,
            "roe_4q": -1.8599999999999999,
            "gross_profit": 44687,
            "gross_margin": 20.51,
            "gross_margin_4q_avg": 13.94,
            "net_income": 11273,
            "net_income_4q": null,
            "revenue": 217875,
            "revenue_4q": null,
            "common_shares": 741462,
            "book_valuer_per_share": 16.5,
            "book_valuer_per_share_4q_avg": 16.5,
            "equity": 1211977,
            "current_ratio": 288.78,
            "debt_ratio": 21.68,
            "inventory_turnover_ratio": 1.03,
            "account_receivable_turnover_ratio": 0.52,
            "reinvestment_rate": 759.43,
            "research_to_sale_ratio": 4.65,
            "price_fair": 78.75,
            "eps_avg_yearly": 2.25,
            "eps_latest_yearly": 4.8,
            "eps_growth_yearly": 567.65
        },
        "20102": {
            "year_quarter": 20102,
            "year": 2010,
            "quarter": 2,
            "eps": 0.23,
            "eps_growth_year": null,
            "eps_4q": 0.03,
            "eps_4q_growth_year": -95.89,
            "roe": 1.4,
            "roe_4q": 0.14999999999999994,
            "gross_profit": 55513,
            "gross_margin": 19.52,
            "gross_margin_4q_avg": 15.22,
            "net_income": 17270,
            "net_income_4q": null,
            "revenue": 284381,
            "revenue_4q": null,
            "common_shares": 741462,
            "book_valuer_per_share": 17.08,
            "book_valuer_per_share_4q_avg": 16.64,
            "equity": 1253614,
            "current_ratio": 287.48,
            "debt_ratio": 21.76,
            "inventory_turnover_ratio": 1.07,
            "account_receivable_turnover_ratio": 0.55,
            "reinvestment_rate": 853.65,
            "research_to_sale_ratio": 5.03,
            "price_fair": 75.95,
            "eps_avg_yearly": 2.17,
            "eps_latest_yearly": 0.92,
            "eps_growth_yearly": 662.96
        },
        "20103": {
            "year_quarter": 20103,
            "year": 2010,
            "quarter": 3,
            "eps": 0.7,
            "eps_growth_year": 2236.52,
            "eps_4q": 0.7,
            "eps_4q_growth_year": null,
            "roe": 4.19,
            "roe_4q": 4.129999999999999,
            "gross_profit": 92060,
            "gross_margin": 24.6,
            "gross_margin_4q_avg": 16.66,
            "net_income": 53394,
            "net_income_4q": null,
            "revenue": 374172,
            "revenue_4q": null,
            "common_shares": 778043,
            "book_valuer_per_share": 16.78,
            "book_valuer_per_share_4q_avg": 16.68,
            "equity": 1293182,
            "current_ratio": 281.29,
            "debt_ratio": 23.07,
            "inventory_turnover_ratio": 1.31,
            "account_receivable_turnover_ratio": 0.61,
            "reinvestment_rate": 722.41,
            "research_to_sale_ratio": 3.22,
            "price_fair": 80.15,
            "eps_avg_yearly": 2.29,
            "eps_latest_yearly": 2.8,
            "eps_growth_yearly": 780.21
        },
        "20104": {
            "year_quarter": 20104,
            "year": 2010,
            "quarter": 4,
            "eps": 0.21,
            "eps_growth_year": null,
            "eps_4q": 1.28,
            "eps_4q_growth_year": null,
            "roe": 1.22,
            "roe_4q": 7.75,
            "gross_profit": 70796,
            "gross_margin": 20.46,
            "gross_margin_4q_avg": 21.27,
            "net_income": 15726,
            "net_income_4q": null,
            "revenue": 346040,
            "revenue_4q": null,
            "common_shares": 778043,
            "book_valuer_per_share": 16.55,
            "book_valuer_per_share_4q_avg": 16.73,
            "equity": 1290634,
            "current_ratio": 338.66,
            "debt_ratio": 19.32,
            "inventory_turnover_ratio": 1.31,
            "account_receivable_turnover_ratio": 0.52,
            "reinvestment_rate": 376.8,
            "research_to_sale_ratio": 5.27,
            "price_fair": 70,
            "eps_avg_yearly": 2,
            "eps_latest_yearly": 0.84,
            "eps_growth_yearly": 568.17
        },
        "20111": {
            "year_quarter": 20111,
            "year": 2011,
            "quarter": 1,
            "eps": 0.43,
            "eps_growth_year": 168.75,
            "eps_4q": 1.56,
            "eps_4q_growth_year": null,
            "roe": 2.49,
            "roe_4q": 9.3,
            "gross_profit": 79843,
            "gross_margin": 24.23,
            "gross_margin_4q_avg": 22.2,
            "net_income": 32697,
            "net_income_4q": null,
            "revenue": 329584,
            "revenue_4q": null,
            "common_shares": 778043,
            "book_valuer_per_share": 17.11,
            "book_valuer_per_share_4q_avg": 16.88,
            "equity": 1333514,
            "current_ratio": 308.92,
            "debt_ratio": 21.64,
            "inventory_turnover_ratio": 1.1,
            "account_receivable_turnover_ratio": 0.5,
            "reinvestment_rate": 436.54,
            "research_to_sale_ratio": 4.02,
            "price_fair": 68.37,
            "eps_avg_yearly": 1.95,
            "eps_latest_yearly": 1.72,
            "eps_growth_yearly": 543.31
        },
        "20112": {
            "year_quarter": 20112,
            "year": 2011,
            "quarter": 2,
            "eps": 0.07,
            "eps_growth_year": -69.99,
            "eps_4q": 1.36,
            "eps_4q_growth_year": 4142.41,
            "roe": 0.39,
            "roe_4q": 8.290000000000001,
            "gross_profit": 51618,
            "gross_margin": 20.96,
            "gross_margin_4q_avg": 22.56,
            "net_income": 5188,
            "net_income_4q": null,
            "revenue": 246243,
            "revenue_4q": null,
            "common_shares": 778043,
            "book_valuer_per_share": 16.63,
            "book_valuer_per_share_4q_avg": 16.77,
            "equity": 1296158,
            "current_ratio": 243.14,
            "debt_ratio": 26.39,
            "inventory_turnover_ratio": 0.63,
            "account_receivable_turnover_ratio": 0.39,
            "reinvestment_rate": 355.8,
            "research_to_sale_ratio": 5.77,
            "price_fair": 60,
            "eps_avg_yearly": 1.71,
            "eps_latest_yearly": 0.28,
            "eps_growth_yearly": 417.86
        },
        "20113": {
            "year_quarter": 20113,
            "year": 2011,
            "quarter": 3,
            "eps": 0.48,
            "eps_growth_year": -31.35,
            "eps_4q": 1.17,
            "eps_4q_growth_year": 67.6,
            "roe": 2.82,
            "roe_4q": 6.92,
            "gross_profit": 73162,
            "gross_margin": 21.28,
            "gross_margin_4q_avg": 21.73,
            "net_income": 37603,
            "net_income_4q": null,
            "revenue": 343882,
            "revenue_4q": null,
            "common_shares": 799344,
            "book_valuer_per_share": 17.1,
            "book_valuer_per_share_4q_avg": 16.85,
            "equity": 1370729,
            "current_ratio": 311.34,
            "debt_ratio": 20.06,
            "inventory_turnover_ratio": 0.87,
            "account_receivable_turnover_ratio": 0.54,
            "reinvestment_rate": 407.65,
            "research_to_sale_ratio": 4.21,
            "price_fair": 60.9,
            "eps_avg_yearly": 1.74,
            "eps_latest_yearly": 1.92,
            "eps_growth_yearly": 658.48
        },
        "20114": {
            "year_quarter": 20114,
            "year": 2011,
            "quarter": 4,
            "eps": 0.08,
            "eps_growth_year": -64.01,
            "eps_4q": 1.04,
            "eps_4q_growth_year": -18.09,
            "roe": 0.4,
            "roe_4q": 6.1,
            "gross_profit": 28003,
            "gross_margin": 12.96,
            "gross_margin_4q_avg": 19.86,
            "net_income": 5460,
            "net_income_4q": null,
            "revenue": 216060,
            "revenue_4q": null,
            "common_shares": 799344,
            "book_valuer_per_share": 17.3,
            "book_valuer_per_share_4q_avg": 17.04,
            "equity": 1386156,
            "current_ratio": 318.01,
            "debt_ratio": 18.35,
            "inventory_turnover_ratio": 0.81,
            "account_receivable_turnover_ratio": 0.34,
            "reinvestment_rate": 362.75,
            "research_to_sale_ratio": 5.08,
            "price_fair": 59.5,
            "eps_avg_yearly": 1.7,
            "eps_latest_yearly": 0.32,
            "eps_growth_yearly": 653.7
        },
        "20121": {
            "year_quarter": 20121,
            "year": 2012,
            "quarter": 1,
            "eps": 0.04,
            "eps_growth_year": -90.7,
            "eps_4q": 0.66,
            "eps_4q_growth_year": -57.59,
            "roe": 0.17,
            "roe_4q": 3.78,
            "gross_profit": 40951,
            "gross_margin": 18.7,
            "gross_margin_4q_avg": 18.48,
            "net_income": 2387,
            "net_income_4q": null,
            "revenue": 218994,
            "revenue_4q": null,
            "common_shares": 799344,
            "book_valuer_per_share": 17.04,
            "book_valuer_per_share_4q_avg": 17.02,
            "equity": 1364483,
            "current_ratio": 299.09,
            "debt_ratio": 19.84,
            "inventory_turnover_ratio": 0.83,
            "account_receivable_turnover_ratio": 0.41,
            "reinvestment_rate": 270.3,
            "research_to_sale_ratio": 5.01,
            "price_fair": 53.51,
            "eps_avg_yearly": 1.53,
            "eps_latest_yearly": 0.16,
            "eps_growth_yearly": 558.85
        },
        "20122": {
            "year_quarter": 20122,
            "year": 2012,
            "quarter": 2,
            "eps": -0.03,
            "eps_growth_year": -146.66,
            "eps_4q": 0.55,
            "eps_4q_growth_year": -59.5,
            "roe": -0.24,
            "roe_4q": 3.15,
            "gross_profit": 35595,
            "gross_margin": 15.24,
            "gross_margin_4q_avg": 17.05,
            "net_income": -3218,
            "net_income_4q": null,
            "revenue": 233556,
            "revenue_4q": null,
            "common_shares": 799344,
            "book_valuer_per_share": 16.51,
            "book_valuer_per_share_4q_avg": 16.99,
            "equity": 1305745,
            "current_ratio": 230.23,
            "debt_ratio": 26.76,
            "inventory_turnover_ratio": 0.83,
            "account_receivable_turnover_ratio": 0.47,
            "reinvestment_rate": 298.67,
            "research_to_sale_ratio": 5.11,
            "price_fair": 53.51,
            "eps_avg_yearly": 1.53,
            "eps_latest_yearly": 0.16,
            "eps_growth_yearly": 558.85
        },
        "20123": {
            "year_quarter": 20123,
            "year": 2012,
            "quarter": 3,
            "eps": -0,
            "eps_growth_year": -100.21,
            "eps_4q": 0.08,
            "eps_4q_growth_year": -93.49,
            "roe": -0.03,
            "roe_4q": 0.30000000000000004,
            "gross_profit": 36178,
            "gross_margin": 13.81,
            "gross_margin_4q_avg": 15.18,
            "net_income": -358,
            "net_income_4q": null,
            "revenue": 261977,
            "revenue_4q": null,
            "common_shares": 820204,
            "book_valuer_per_share": 15.96,
            "book_valuer_per_share_4q_avg": 16.7,
            "equity": 1286926,
            "current_ratio": 267.54,
            "debt_ratio": 22.43,
            "inventory_turnover_ratio": 0.93,
            "account_receivable_turnover_ratio": 0.47,
            "reinvestment_rate": 461.66,
            "research_to_sale_ratio": 3.02,
            "price_fair": 39.2,
            "eps_avg_yearly": 1.12,
            "eps_latest_yearly": 0.16,
            "eps_growth_yearly": 325.76
        },
        "20124": {
            "year_quarter": 20124,
            "year": 2012,
            "quarter": 4,
            "eps": 0.16,
            "eps_growth_year": 117.93,
            "eps_4q": 0.17,
            "eps_4q_growth_year": -84.12,
            "roe": 1.03,
            "roe_4q": 0.93,
            "gross_profit": 62039,
            "gross_margin": 22.4,
            "gross_margin_4q_avg": 17.54,
            "net_income": 13284,
            "net_income_4q": null,
            "revenue": 276935,
            "revenue_4q": null,
            "common_shares": 820204,
            "book_valuer_per_share": 16.14,
            "book_valuer_per_share_4q_avg": 16.41,
            "equity": 1299369,
            "current_ratio": 269.8,
            "debt_ratio": 22.67,
            "inventory_turnover_ratio": 0.92,
            "account_receivable_turnover_ratio": 0.47,
            "reinvestment_rate": 391.6,
            "research_to_sale_ratio": 3.81,
            "price_fair": 39.2,
            "eps_avg_yearly": 1.12,
            "eps_latest_yearly": 0.16,
            "eps_growth_yearly": 325.76
        },
        "20131": {
            "year_quarter": 20131,
            "year": 2013,
            "quarter": 1,
            "eps": 0.1,
            "eps_growth_year": 150,
            "eps_4q": 0.23,
            "eps_4q_growth_year": -64.75,
            "roe": 0.63,
            "roe_4q": 1.3900000000000001,
            "gross_profit": 51271,
            "gross_margin": 23.74,
            "gross_margin_4q_avg": 18.8,
            "net_income": 8234,
            "net_income_4q": null,
            "revenue": 215924,
            "revenue_4q": null,
            "common_shares": 820204,
            "book_valuer_per_share": 16.46,
            "book_valuer_per_share_4q_avg": 16.27,
            "equity": 1324978,
            "current_ratio": 346.8,
            "debt_ratio": 16.59,
            "inventory_turnover_ratio": 0.69,
            "account_receivable_turnover_ratio": 0.45,
            "reinvestment_rate": 41.95,
            "research_to_sale_ratio": 4.59,
            "price_fair": 36.4,
            "eps_avg_yearly": 1.04,
            "eps_latest_yearly": 0.4,
            "eps_growth_yearly": 272.9
        },
        "20132": {
            "year_quarter": 20132,
            "year": 2013,
            "quarter": 2,
            "eps": 0.02,
            "eps_growth_year": null,
            "eps_4q": 0.28,
            "eps_4q_growth_year": -48.59,
            "roe": 0.15,
            "roe_4q": 1.78,
            "gross_profit": 35392,
            "gross_margin": 16.29,
            "gross_margin_4q_avg": 19.06,
            "net_income": 2000,
            "net_income_4q": null,
            "revenue": 217309,
            "revenue_4q": null,
            "common_shares": 820204,
            "book_valuer_per_share": 16.33,
            "book_valuer_per_share_4q_avg": 16.22,
            "equity": 1314450,
            "current_ratio": 312.35,
            "debt_ratio": 18.43,
            "inventory_turnover_ratio": 0.77,
            "account_receivable_turnover_ratio": 0.6,
            "reinvestment_rate": 50.46,
            "research_to_sale_ratio": 4.66,
            "price_fair": 33.04,
            "eps_avg_yearly": 0.94,
            "eps_latest_yearly": 0.08,
            "eps_growth_yearly": 213.61
        },
        "20133": {
            "year_quarter": 20133,
            "year": 2013,
            "quarter": 3,
            "eps": -0.03,
            "eps_growth_year": null,
            "eps_4q": 0.25,
            "eps_4q_growth_year": 228.43,
            "roe": -0.21,
            "roe_4q": 1.6,
            "gross_profit": 26577,
            "gross_margin": 12.15,
            "gross_margin_4q_avg": 18.65,
            "net_income": -2767,
            "net_income_4q": null,
            "revenue": 218808,
            "revenue_4q": null,
            "common_shares": 840112,
            "book_valuer_per_share": 15.91,
            "book_valuer_per_share_4q_avg": 16.21,
            "equity": 1312321,
            "current_ratio": 338.1,
            "debt_ratio": 17.03,
            "inventory_turnover_ratio": 0.71,
            "account_receivable_turnover_ratio": 0.6,
            "reinvestment_rate": 58.99,
            "research_to_sale_ratio": 4.39,
            "price_fair": 33.04,
            "eps_avg_yearly": 0.94,
            "eps_latest_yearly": 0.08,
            "eps_growth_yearly": 213.61
        },
        "20134": {
            "year_quarter": 20134,
            "year": 2013,
            "quarter": 4,
            "eps": -0.07,
            "eps_growth_year": -145.05,
            "eps_4q": 0.02,
            "eps_4q_growth_year": -90.07,
            "roe": -0.47,
            "roe_4q": 0.10000000000000009,
            "gross_profit": 30571,
            "gross_margin": 15.33,
            "gross_margin_4q_avg": 16.88,
            "net_income": -6108,
            "net_income_4q": null,
            "revenue": 199380,
            "revenue_4q": null,
            "common_shares": 840112,
            "book_valuer_per_share": 15.91,
            "book_valuer_per_share_4q_avg": 16.15,
            "equity": 1312274,
            "current_ratio": 434.21,
            "debt_ratio": 13.06,
            "inventory_turnover_ratio": 0.62,
            "account_receivable_turnover_ratio": 0.53,
            "reinvestment_rate": -188.51,
            "research_to_sale_ratio": 4.69,
            "price_fair": 33.04,
            "eps_avg_yearly": 0.94,
            "eps_latest_yearly": 0.08,
            "eps_growth_yearly": 213.61
        },
        "20141": {
            "year_quarter": 20141,
            "year": 2014,
            "quarter": 1,
            "eps": 0.06,
            "eps_growth_year": -40,
            "eps_4q": -0.03,
            "eps_4q_growth_year": -111.22,
            "roe": 0.36,
            "roe_4q": -0.16999999999999996,
            "gross_profit": 32386,
            "gross_margin": 14.55,
            "gross_margin_4q_avg": 14.58,
            "net_income": 4717,
            "net_income_4q": null,
            "revenue": 222612,
            "revenue_4q": null,
            "common_shares": 840112,
            "book_valuer_per_share": 16.03,
            "book_valuer_per_share_4q_avg": 16.05,
            "equity": 1322557,
            "current_ratio": 459.24,
            "debt_ratio": 12.61,
            "inventory_turnover_ratio": 0.87,
            "account_receivable_turnover_ratio": 0.57,
            "reinvestment_rate": -221.96,
            "research_to_sale_ratio": 2.85,
            "price_fair": 33.04,
            "eps_avg_yearly": 0.94,
            "eps_latest_yearly": 0.08,
            "eps_growth_yearly": 213.61
        },
        "20142": {
            "year_quarter": 20142,
            "year": 2014,
            "quarter": 2,
            "eps": -0.01,
            "eps_growth_year": -150,
            "eps_4q": -0.06,
            "eps_4q_growth_year": -119.67,
            "roe": -0.03,
            "roe_4q": -0.35,
            "gross_profit": 44379,
            "gross_margin": 20.74,
            "gross_margin_4q_avg": 15.69,
            "net_income": -442,
            "net_income_4q": null,
            "revenue": 213942,
            "revenue_4q": null,
            "common_shares": 840112,
            "book_valuer_per_share": 15.65,
            "book_valuer_per_share_4q_avg": 15.88,
            "equity": 1290525,
            "current_ratio": 367.3,
            "debt_ratio": 15.83,
            "inventory_turnover_ratio": 0.87,
            "account_receivable_turnover_ratio": 0.52,
            "reinvestment_rate": -275.58,
            "research_to_sale_ratio": 4.55,
            "price_fair": 33.13,
            "eps_avg_yearly": 0.95,
            "eps_latest_yearly": 0.08,
            "eps_growth_yearly": 217.9
        },
        "20143": {
            "year_quarter": 20143,
            "year": 2014,
            "quarter": 3,
            "eps": 0.18,
            "eps_growth_year": null,
            "eps_4q": 0.16,
            "eps_4q_growth_year": -35.24,
            "roe": 1.17,
            "roe_4q": 1.03,
            "gross_profit": 41858,
            "gross_margin": 21.57,
            "gross_margin_4q_avg": 18.05,
            "net_income": 15237,
            "net_income_4q": null,
            "revenue": 194093,
            "revenue_4q": null,
            "common_shares": 840112,
            "book_valuer_per_share": 16,
            "book_valuer_per_share_4q_avg": 15.9,
            "equity": 1319416,
            "current_ratio": 428.76,
            "debt_ratio": 13.7,
            "inventory_turnover_ratio": 0.78,
            "account_receivable_turnover_ratio": 0.47,
            "reinvestment_rate": -347.36,
            "research_to_sale_ratio": 4.3,
            "price_fair": 25.03,
            "eps_avg_yearly": 0.72,
            "eps_latest_yearly": 0.08,
            "eps_growth_yearly": 142.96
        },
        "20144": {
            "year_quarter": 20144,
            "year": 2014,
            "quarter": 4,
            "eps": 0.19,
            "eps_growth_year": null,
            "eps_4q": 0.43,
            "eps_4q_growth_year": 2515.62,
            "roe": 1.2,
            "roe_4q": 2.7,
            "gross_profit": 33085,
            "gross_margin": 18.83,
            "gross_margin_4q_avg": 18.92,
            "net_income": 16035,
            "net_income_4q": null,
            "revenue": 175665,
            "revenue_4q": null,
            "common_shares": 840112,
            "book_valuer_per_share": 16.35,
            "book_valuer_per_share_4q_avg": 16.01,
            "equity": 1348296,
            "current_ratio": 528.68,
            "debt_ratio": 11.37,
            "inventory_turnover_ratio": 0.83,
            "account_receivable_turnover_ratio": 0.45,
            "reinvestment_rate": -285.09,
            "research_to_sale_ratio": 3.94,
            "price_fair": 24.68,
            "eps_avg_yearly": 0.71,
            "eps_latest_yearly": 0.76,
            "eps_growth_yearly": 180.74
        },
        "20151": {
            "year_quarter": 20151,
            "year": 2015,
            "quarter": 1,
            "eps": -0.05,
            "eps_growth_year": -183.33,
            "eps_4q": 0.32,
            "eps_4q_growth_year": null,
            "roe": -0.31,
            "roe_4q": 2.03,
            "gross_profit": 26102,
            "gross_margin": 17,
            "gross_margin_4q_avg": 19.54,
            "net_income": -4180,
            "net_income_4q": null,
            "revenue": 153531,
            "revenue_4q": null,
            "common_shares": 840112,
            "book_valuer_per_share": 16.22,
            "book_valuer_per_share_4q_avg": 16.06,
            "equity": 1337815,
            "current_ratio": 486.19,
            "debt_ratio": 12.42,
            "inventory_turnover_ratio": 0.86,
            "account_receivable_turnover_ratio": 0.45,
            "reinvestment_rate": -432.8,
            "research_to_sale_ratio": 4.08,
            "price_fair": 19.6,
            "eps_avg_yearly": 0.56,
            "eps_latest_yearly": 0.76,
            "eps_growth_yearly": 146.69
        },
        "20152": {
            "year_quarter": 20152,
            "year": 2015,
            "quarter": 2,
            "eps": -0.1,
            "eps_growth_year": null,
            "eps_4q": 0.22,
            "eps_4q_growth_year": null,
            "roe": -0.66,
            "roe_4q": 1.4,
            "gross_profit": 21758,
            "gross_margin": 15.96,
            "gross_margin_4q_avg": 18.34,
            "net_income": -8606,
            "net_income_4q": null,
            "revenue": 136298,
            "revenue_4q": null,
            "common_shares": 840112,
            "book_valuer_per_share": 15.41,
            "book_valuer_per_share_4q_avg": 16,
            "equity": 1271212,
            "current_ratio": 396.3,
            "debt_ratio": 15.12,
            "inventory_turnover_ratio": 0.86,
            "account_receivable_turnover_ratio": 0.47,
            "reinvestment_rate": -610.73,
            "research_to_sale_ratio": 5.77,
            "price_fair": 21.23,
            "eps_avg_yearly": 0.61,
            "eps_latest_yearly": 0.76,
            "eps_growth_yearly": 226.96
        },
        "20153": {
            "year_quarter": 20153,
            "year": 2015,
            "quarter": 3,
            "eps": 0.34,
            "eps_growth_year": 88.89,
            "eps_4q": 0.38,
            "eps_4q_growth_year": 132.29,
            "roe": 2.15,
            "roe_4q": 2.38,
            "gross_profit": 28470,
            "gross_margin": 21.27,
            "gross_margin_4q_avg": 18.27,
            "net_income": 27887,
            "net_income_4q": null,
            "revenue": 133822,
            "revenue_4q": null,
            "common_shares": 824852,
            "book_valuer_per_share": 16.03,
            "book_valuer_per_share_4q_avg": 16,
            "equity": 1321836,
            "current_ratio": 593.85,
            "debt_ratio": 10.22,
            "inventory_turnover_ratio": 0.95,
            "account_receivable_turnover_ratio": 0.5,
            "reinvestment_rate": -776.51,
            "research_to_sale_ratio": 6.53,
            "price_fair": 1.03,
            "eps_avg_yearly": 0.34,
            "eps_latest_yearly": 0.76,
            "eps_growth_yearly": -196.22
        },
        "20154": {
            "year_quarter": 20154,
            "year": 2015,
            "quarter": 4,
            "eps": 0.06,
            "eps_growth_year": -68.57,
            "eps_4q": 0.24,
            "eps_4q_growth_year": -43.34,
            "roe": 0.38,
            "roe_4q": 1.5599999999999996,
            "gross_profit": 32025,
            "gross_margin": 24.08,
            "gross_margin_4q_avg": 19.58,
            "net_income": 5040,
            "net_income_4q": null,
            "revenue": 132992,
            "revenue_4q": null,
            "common_shares": 824852,
            "book_valuer_per_share": 16.04,
            "book_valuer_per_share_4q_avg": 15.93,
            "equity": 1323397,
            "current_ratio": 546.54,
            "debt_ratio": 11.12,
            "inventory_turnover_ratio": 1.01,
            "account_receivable_turnover_ratio": 0.56,
            "reinvestment_rate": -870.38,
            "research_to_sale_ratio": 8.7,
            "price_fair": 0.98,
            "eps_avg_yearly": 0.33,
            "eps_latest_yearly": 0.24,
            "eps_growth_yearly": -195.44
        },
        "20161": {
            "year_quarter": 20161,
            "year": 2016,
            "quarter": 1,
            "eps": -0.17,
            "eps_growth_year": null,
            "eps_4q": 0.13,
            "eps_4q_growth_year": -61.05,
            "roe": -1.06,
            "roe_4q": 0.8099999999999997,
            "gross_profit": 19657,
            "gross_margin": 20.4,
            "gross_margin_4q_avg": 20.43,
            "net_income": -13942,
            "net_income_4q": null,
            "revenue": 96340,
            "revenue_4q": null,
            "common_shares": 824852,
            "book_valuer_per_share": 15.8,
            "book_valuer_per_share_4q_avg": 15.82,
            "equity": 1303579,
            "current_ratio": 986.17,
            "debt_ratio": 6.05,
            "inventory_turnover_ratio": 0.74,
            "account_receivable_turnover_ratio": 0.5,
            "reinvestment_rate": -1094.47,
            "research_to_sale_ratio": 10.78,
            "price_fair": 1.11,
            "eps_avg_yearly": 0.37,
            "eps_latest_yearly": 0.24,
            "eps_growth_yearly": -194.3
        },
        "20162": {
            "year_quarter": 20162,
            "year": 2016,
            "quarter": 2,
            "eps": -0.12,
            "eps_growth_year": null,
            "eps_4q": 0.11,
            "eps_4q_growth_year": -52.96,
            "roe": -0.8,
            "roe_4q": 0.6699999999999999,
            "gross_profit": 9092,
            "gross_margin": 9.02,
            "gross_margin_4q_avg": 18.69,
            "net_income": -10291,
            "net_income_4q": null,
            "revenue": 100783,
            "revenue_4q": null,
            "common_shares": 824852,
            "book_valuer_per_share": 15.37,
            "book_valuer_per_share_4q_avg": 15.81,
            "equity": 1267584,
            "current_ratio": 914.39,
            "debt_ratio": 6.52,
            "inventory_turnover_ratio": 0.9,
            "account_receivable_turnover_ratio": 0.59,
            "reinvestment_rate": -1323.36,
            "research_to_sale_ratio": 14.13,
            "price_fair": 1.11,
            "eps_avg_yearly": 0.37,
            "eps_latest_yearly": 0.24,
            "eps_growth_yearly": -194.3
        },
        "20163": {
            "year_quarter": 20163,
            "year": 2016,
            "quarter": 3,
            "eps": -0.06,
            "eps_growth_year": -117.65,
            "eps_4q": -0.34,
            "eps_4q_growth_year": -189.26,
            "roe": -0.35,
            "roe_4q": -1.83,
            "gross_profit": 31125,
            "gross_margin": 23.18,
            "gross_margin_4q_avg": 19.17,
            "net_income": -4181,
            "net_income_4q": null,
            "revenue": 134286,
            "revenue_4q": null,
            "common_shares": 701124,
            "book_valuer_per_share": 16.15,
            "book_valuer_per_share_4q_avg": 15.84,
            "equity": 1120027,
            "current_ratio": 307.23,
            "debt_ratio": 19.47,
            "inventory_turnover_ratio": 1.13,
            "account_receivable_turnover_ratio": 0.72,
            "reinvestment_rate": -1410.38,
            "research_to_sale_ratio": 9.41,
            "price_fair": 1.11,
            "eps_avg_yearly": 0.37,
            "eps_latest_yearly": 0.24,
            "eps_growth_yearly": -194.3
        },
        "20164": {
            "year_quarter": 20164,
            "year": 2016,
            "quarter": 4,
            "eps": 0.53,
            "eps_growth_year": 771.8,
            "eps_4q": 0.12,
            "eps_4q_growth_year": -49.32,
            "roe": 3.27,
            "roe_4q": 1.06,
            "gross_profit": 33821,
            "gross_margin": 27.77,
            "gross_margin_4q_avg": 20.09,
            "net_income": 37012,
            "net_income_4q": null,
            "revenue": 121775,
            "revenue_4q": null,
            "common_shares": 701124,
            "book_valuer_per_share": 16.46,
            "book_valuer_per_share_4q_avg": 15.95,
            "equity": 1143608,
            "current_ratio": 371.87,
            "debt_ratio": 18.8,
            "inventory_turnover_ratio": 0.97,
            "account_receivable_turnover_ratio": 0.59,
            "reinvestment_rate": -1096.9,
            "research_to_sale_ratio": 8.54,
            "price_fair": 1.11,
            "eps_avg_yearly": 0.37,
            "eps_latest_yearly": 0.24,
            "eps_growth_yearly": -194.3
        },
        "20171": {
            "year_quarter": 20171,
            "year": 2017,
            "quarter": 1,
            "eps": -0.53,
            "eps_growth_year": null,
            "eps_4q": -0.2,
            "eps_4q_growth_year": -259.49,
            "roe": -3.28,
            "roe_4q": -1.1599999999999997,
            "gross_profit": 13851,
            "gross_margin": 13.49,
            "gross_margin_4q_avg": 18.37,
            "net_income": -36484,
            "net_income_4q": null,
            "revenue": 102707,
            "revenue_4q": null,
            "common_shares": 701124,
            "book_valuer_per_share": 15.53,
            "book_valuer_per_share_4q_avg": 15.88,
            "equity": 1078976,
            "current_ratio": 314.72,
            "debt_ratio": 21.85,
            "inventory_turnover_ratio": 1.04,
            "account_receivable_turnover_ratio": 0.54,
            "reinvestment_rate": -973.85,
            "research_to_sale_ratio": 12.57,
            "price_fair": 1.08,
            "eps_avg_yearly": 0.36,
            "eps_latest_yearly": 0.24,
            "eps_growth_yearly": -209.06
        },
        "20172": {
            "year_quarter": 20172,
            "year": 2017,
            "quarter": 2,
            "eps": 0.14,
            "eps_growth_year": null,
            "eps_4q": 0.09,
            "eps_4q_growth_year": -18.93,
            "roe": 0.89,
            "roe_4q": 0.5300000000000004,
            "gross_profit": 30391,
            "gross_margin": 28.16,
            "gross_margin_4q_avg": 23.15,
            "net_income": 9592,
            "net_income_4q": null,
            "revenue": 107916,
            "revenue_4q": null,
            "common_shares": 701124,
            "book_valuer_per_share": 15.66,
            "book_valuer_per_share_4q_avg": 15.95,
            "equity": 1088185,
            "current_ratio": 316.76,
            "debt_ratio": 22.16,
            "inventory_turnover_ratio": 0.88,
            "account_receivable_turnover_ratio": 0.64,
            "reinvestment_rate": -736.91,
            "research_to_sale_ratio": 10.81,
            "price_fair": 1.5,
            "eps_avg_yearly": 0.5,
            "eps_latest_yearly": 0.24,
            "eps_growth_yearly": -153.59
        },
        "20173": {
            "year_quarter": 20173,
            "year": 2017,
            "quarter": 3,
            "eps": 0.42,
            "eps_growth_year": null,
            "eps_4q": 0.56,
            "eps_4q_growth_year": null,
            "roe": 2.64,
            "roe_4q": 3.5200000000000005,
            "gross_profit": 64819,
            "gross_margin": 38.33,
            "gross_margin_4q_avg": 26.94,
            "net_income": 29135,
            "net_income_4q": null,
            "revenue": 169102,
            "revenue_4q": null,
            "common_shares": 701124,
            "book_valuer_per_share": 16.16,
            "book_valuer_per_share_4q_avg": 15.95,
            "equity": 1122593,
            "current_ratio": 301.49,
            "debt_ratio": 23.65,
            "inventory_turnover_ratio": 1.15,
            "account_receivable_turnover_ratio": 0.83,
            "reinvestment_rate": -358.31,
            "research_to_sale_ratio": 8.55,
            "price_fair": 31.27,
            "eps_avg_yearly": 0.89,
            "eps_latest_yearly": 1.68,
            "eps_growth_yearly": 164.27
        },
        "20174": {
            "year_quarter": 20174,
            "year": 2017,
            "quarter": 4,
            "eps": 0.41,
            "eps_growth_year": -22.45,
            "eps_4q": 0.45,
            "eps_4q_growth_year": 259.91,
            "roe": 2.52,
            "roe_4q": 2.77,
            "gross_profit": 68773,
            "gross_margin": 37.85,
            "gross_margin_4q_avg": 29.46,
            "net_income": 28702,
            "net_income_4q": null,
            "revenue": 181712,
            "revenue_4q": null,
            "common_shares": 701124,
            "book_valuer_per_share": 16.58,
            "book_valuer_per_share_4q_avg": 15.98,
            "equity": 1151664,
            "current_ratio": 277.03,
            "debt_ratio": 25.88,
            "inventory_turnover_ratio": 1.45,
            "account_receivable_turnover_ratio": 0.74,
            "reinvestment_rate": -223.76,
            "research_to_sale_ratio": 7.81,
            "price_fair": 37.8,
            "eps_avg_yearly": 1.08,
            "eps_latest_yearly": 1.64,
            "eps_growth_yearly": 120.82
        },
        "20181": {
            "year_quarter": 20181,
            "year": 2018,
            "quarter": 1,
            "eps": 0.09,
            "eps_growth_year": null,
            "eps_4q": 1.06,
            "eps_4q_growth_year": null,
            "roe": 0.51,
            "roe_4q": 6.56,
            "gross_profit": 43105,
            "gross_margin": 35.04,
            "gross_margin_4q_avg": 34.85,
            "net_income": 5921,
            "net_income_4q": null,
            "revenue": 123025,
            "revenue_4q": null,
            "common_shares": 701124,
            "book_valuer_per_share": 16.75,
            "book_valuer_per_share_4q_avg": 16.29,
            "equity": 1163586,
            "current_ratio": 278.84,
            "debt_ratio": 25.19,
            "inventory_turnover_ratio": 1.05,
            "account_receivable_turnover_ratio": 0.55,
            "reinvestment_rate": -221.46,
            "research_to_sale_ratio": 9.54,
            "price_fair": 32.76,
            "eps_avg_yearly": 0.94,
            "eps_latest_yearly": 0.36,
            "eps_growth_yearly": 34.22
        },
        "20182": {
            "year_quarter": 20182,
            "year": 2018,
            "quarter": 2,
            "eps": 0.5,
            "eps_growth_year": 257.14,
            "eps_4q": 1.41,
            "eps_4q_growth_year": 1553.59,
            "roe": 2.96,
            "roe_4q": 8.63,
            "gross_profit": 36503,
            "gross_margin": 31.4,
            "gross_margin_4q_avg": 35.66,
            "net_income": 34449,
            "net_income_4q": null,
            "revenue": 116267,
            "revenue_4q": null,
            "common_shares": 701124,
            "book_valuer_per_share": 16.8,
            "book_valuer_per_share_4q_avg": 16.57,
            "equity": 1166963,
            "current_ratio": 268,
            "debt_ratio": 26.95,
            "inventory_turnover_ratio": 1,
            "account_receivable_turnover_ratio": 0.67,
            "reinvestment_rate": -162.46,
            "research_to_sale_ratio": 13.29,
            "price_fair": 38.97,
            "eps_avg_yearly": 1.11,
            "eps_latest_yearly": 2,
            "eps_growth_yearly": 332.22
        },
        "20183": {
            "year_quarter": 20183,
            "year": 2018,
            "quarter": 3,
            "eps": 0.42,
            "eps_growth_year": 0,
            "eps_4q": 1.42,
            "eps_4q_growth_year": 150.51,
            "roe": 2.49,
            "roe_4q": 8.48,
            "gross_profit": 62864,
            "gross_margin": 41.93,
            "gross_margin_4q_avg": 36.56,
            "net_income": 29264,
            "net_income_4q": null,
            "revenue": 149915,
            "revenue_4q": null,
            "common_shares": 701124,
            "book_valuer_per_share": 17.05,
            "book_valuer_per_share_4q_avg": 16.8,
            "equity": 1184832,
            "current_ratio": 275.8,
            "debt_ratio": 25.87,
            "inventory_turnover_ratio": 1.18,
            "account_receivable_turnover_ratio": 0.8,
            "reinvestment_rate": -150.94,
            "research_to_sale_ratio": 10.33,
            "price_fair": 41.8,
            "eps_avg_yearly": 1.19,
            "eps_latest_yearly": 1.68,
            "eps_growth_yearly": 275.62
        },
        "20184": {
            "year_quarter": 20184,
            "year": 2018,
            "quarter": 4,
            "eps": 0.09,
            "eps_growth_year": -77.99,
            "eps_4q": 1.09,
            "eps_4q_growth_year": 145.44,
            "roe": 0.53,
            "roe_4q": 6.49,
            "gross_profit": 34567,
            "gross_margin": 32.5,
            "gross_margin_4q_avg": 35.22,
            "net_income": 6318,
            "net_income_4q": null,
            "revenue": 106370,
            "revenue_4q": null,
            "common_shares": 701124,
            "book_valuer_per_share": 17.17,
            "book_valuer_per_share_4q_avg": 16.94,
            "equity": 1193319,
            "current_ratio": 276.79,
            "debt_ratio": 24.41,
            "inventory_turnover_ratio": 1.15,
            "account_receivable_turnover_ratio": 0.55,
            "reinvestment_rate": -110.82,
            "research_to_sale_ratio": 17.53,
            "price_fair": 39.8,
            "eps_avg_yearly": 1.14,
            "eps_latest_yearly": 0.36,
            "eps_growth_yearly": 227.54
        },
        "20191": {
            "year_quarter": 20191,
            "year": 2019,
            "quarter": 1,
            "eps": -0.02,
            "eps_growth_year": -122.22,
            "eps_4q": 0.99,
            "eps_4q_growth_year": -6.11,
            "roe": -0.1,
            "roe_4q": 5.880000000000001,
            "gross_profit": 21517,
            "gross_margin": 30.82,
            "gross_margin_4q_avg": 34.16,
            "net_income": -1161,
            "net_income_4q": null,
            "revenue": 69807,
            "revenue_4q": null,
            "common_shares": 701124,
            "book_valuer_per_share": 17.26,
            "book_valuer_per_share_4q_avg": 17.07,
            "equity": 1199456,
            "current_ratio": 307.92,
            "debt_ratio": 25.88,
            "inventory_turnover_ratio": 0.91,
            "account_receivable_turnover_ratio": 0.52,
            "reinvestment_rate": -104.54,
            "research_to_sale_ratio": 26.89,
            "price_fair": 39.8,
            "eps_avg_yearly": 1.14,
            "eps_latest_yearly": 0.36,
            "eps_growth_yearly": 227.54
        },
        "20192": {
            "year_quarter": 20192,
            "year": 2019,
            "quarter": 2,
            "eps": 0.26,
            "eps_growth_year": -48,
            "eps_4q": 0.75,
            "eps_4q_growth_year": -47.11,
            "roe": 1.51,
            "roe_4q": 4.43,
            "gross_profit": 39678,
            "gross_margin": 35.21,
            "gross_margin_4q_avg": 35.12,
            "net_income": 17997,
            "net_income_4q": null,
            "revenue": 112683,
            "revenue_4q": null,
            "common_shares": 701124,
            "book_valuer_per_share": 16.9,
            "book_valuer_per_share_4q_avg": 17.1,
            "equity": 1184925,
            "current_ratio": 293.89,
            "debt_ratio": 26.81,
            "inventory_turnover_ratio": 1.43,
            "account_receivable_turnover_ratio": 0.94,
            "reinvestment_rate": -86.48,
            "research_to_sale_ratio": 8.33,
            "price_fair": 39.8,
            "eps_avg_yearly": 1.14,
            "eps_latest_yearly": 0.36,
            "eps_growth_yearly": 227.54
        },
        "20193": {
            "year_quarter": 20193,
            "year": 2019,
            "quarter": 3,
            "eps": 0.35,
            "eps_growth_year": -16.67,
            "eps_4q": 0.68,
            "eps_4q_growth_year": -51.67,
            "roe": 2.08,
            "roe_4q": 4.02,
            "gross_profit": 58150,
            "gross_margin": 39.32,
            "gross_margin_4q_avg": 34.46,
            "net_income": 24808,
            "net_income_4q": null,
            "revenue": 147893,
            "revenue_4q": null,
            "common_shares": 701124,
            "book_valuer_per_share": 17.1,
            "book_valuer_per_share_4q_avg": 17.11,
            "equity": 1199166,
            "current_ratio": 266.59,
            "debt_ratio": 27.89,
            "inventory_turnover_ratio": 1.81,
            "account_receivable_turnover_ratio": 0.82,
            "reinvestment_rate": -60.19,
            "research_to_sale_ratio": 12.68,
            "price_fair": 40.95,
            "eps_avg_yearly": 1.17,
            "eps_latest_yearly": 1.4,
            "eps_growth_yearly": 216.41
        },
        "20194": {
            "year_quarter": 20194,
            "year": 2019,
            "quarter": 4,
            "eps": -0.09,
            "eps_growth_year": -200.67,
            "eps_4q": 0.5,
            "eps_4q_growth_year": -54.04,
            "roe": -0.54,
            "roe_4q": 2.9499999999999997,
            "gross_profit": 38288,
            "gross_margin": 35.05,
            "gross_margin_4q_avg": 35.1,
            "net_income": -6418,
            "net_income_4q": null,
            "revenue": 109233,
            "revenue_4q": null,
            "common_shares": 701124,
            "book_valuer_per_share": 17,
            "book_valuer_per_share_4q_avg": 17.07,
            "equity": 1192052,
            "current_ratio": 266.7,
            "debt_ratio": 27.75,
            "inventory_turnover_ratio": 1.55,
            "account_receivable_turnover_ratio": 0.61,
            "reinvestment_rate": -64.66,
            "research_to_sale_ratio": 18.69,
            "price_fair": 45.6,
            "eps_avg_yearly": 1.3,
            "eps_latest_yearly": 1.4,
            "eps_growth_yearly": 294.38
        },
        "20201": {
            "year_quarter": 20201,
            "year": 2020,
            "quarter": 1,
            "eps": -0.05,
            "eps_growth_year": null,
            "eps_4q": 0.47,
            "eps_4q_growth_year": -52.42,
            "roe": -0.28,
            "roe_4q": 2.77,
            "gross_profit": 21564,
            "gross_margin": 27.5,
            "gross_margin_4q_avg": 34.27,
            "net_income": -3323,
            "net_income_4q": null,
            "revenue": 78421,
            "revenue_4q": null,
            "common_shares": 701124,
            "book_valuer_per_share": 16.41,
            "book_valuer_per_share_4q_avg": 16.85,
            "equity": 1150354,
            "current_ratio": 241.59,
            "debt_ratio": 30.46,
            "inventory_turnover_ratio": 1.36,
            "account_receivable_turnover_ratio": 0.62,
            "reinvestment_rate": -54.55,
            "research_to_sale_ratio": 20.89,
            "price_fair": 45.6,
            "eps_avg_yearly": 1.3,
            "eps_latest_yearly": 1.4,
            "eps_growth_yearly": 294.38
        },
        "20202": {
            "year_quarter": 20202,
            "year": 2020,
            "quarter": 2,
            "eps": -0.38,
            "eps_growth_year": -246.15,
            "eps_4q": -0.16,
            "eps_4q_growth_year": -121.98,
            "roe": -2.34,
            "roe_4q": -1.08,
            "gross_profit": 7858,
            "gross_margin": 15.09,
            "gross_margin_4q_avg": 29.24,
            "net_income": -26585,
            "net_income_4q": null,
            "revenue": 52079,
            "revenue_4q": null,
            "common_shares": 701124,
            "book_valuer_per_share": 15.96,
            "book_valuer_per_share_4q_avg": 16.62,
            "equity": 1118342,
            "current_ratio": 252.62,
            "debt_ratio": 28.96,
            "inventory_turnover_ratio": 1.09,
            "account_receivable_turnover_ratio": 0.57,
            "reinvestment_rate": -58.56,
            "research_to_sale_ratio": 36.23,
            "price_fair": 45.6,
            "eps_avg_yearly": 1.3,
            "eps_latest_yearly": 1.4,
            "eps_growth_yearly": 294.38
        },
        "20203": {
            "year_quarter": 20203,
            "year": 2020,
            "quarter": 3,
            "eps": -0.12,
            "eps_growth_year": -134.29,
            "eps_4q": -0.64,
            "eps_4q_growth_year": -193.43,
            "roe": -0.76,
            "roe_4q": -3.92,
            "gross_profit": 29608,
            "gross_margin": 36.04,
            "gross_margin_4q_avg": 28.42,
            "net_income": -8470,
            "net_income_4q": null,
            "revenue": 82144,
            "revenue_4q": null,
            "common_shares": 701124,
            "book_valuer_per_share": 15.9,
            "book_valuer_per_share_4q_avg": 16.32,
            "equity": 1114456,
            "current_ratio": 265.21,
            "debt_ratio": 27.54,
            "inventory_turnover_ratio": 1.23,
            "account_receivable_turnover_ratio": 0.97,
            "reinvestment_rate": -51.06,
            "research_to_sale_ratio": 21.06,
            "price_fair": 45.6,
            "eps_avg_yearly": 1.3,
            "eps_latest_yearly": 1.4,
            "eps_growth_yearly": 294.38
        },
        "20204": {
            "year_quarter": 20204,
            "year": 2020,
            "quarter": 4,
            "eps": -0.19,
            "eps_growth_year": null,
            "eps_4q": -0.74,
            "eps_4q_growth_year": -246.96,
            "roe": -1.21,
            "roe_4q": -4.59,
            "gross_profit": 20101,
            "gross_margin": 26.08,
            "gross_margin_4q_avg": 26.18,
            "net_income": -13373,
            "net_income_4q": null,
            "revenue": 77077,
            "revenue_4q": null,
            "common_shares": 701124,
            "book_valuer_per_share": 15.76,
            "book_valuer_per_share_4q_avg": 16.01,
            "equity": 1104976,
            "current_ratio": 254.52,
            "debt_ratio": 28.3,
            "inventory_turnover_ratio": 1.45,
            "account_receivable_turnover_ratio": 0.78,
            "reinvestment_rate": 68.49,
            "research_to_sale_ratio": 29.44,
            "price_fair": 45.6,
            "eps_avg_yearly": 1.3,
            "eps_latest_yearly": 1.4,
            "eps_growth_yearly": 294.38
        },
        "20211": {
            "year_quarter": 20211,
            "year": 2021,
            "quarter": 1,
            "eps": -0.09,
            "eps_growth_year": null,
            "eps_4q": -0.78,
            "eps_4q_growth_year": -265.82,
            "roe": -0.58,
            "roe_4q": -4.89,
            "gross_profit": 8482,
            "gross_margin": 15.89,
            "gross_margin_4q_avg": 23.28,
            "net_income": -6382,
            "net_income_4q": null,
            "revenue": 53375,
            "revenue_4q": null,
            "common_shares": 701124,
            "book_valuer_per_share": 15.7,
            "book_valuer_per_share_4q_avg": 15.83,
            "equity": 1100089,
            "current_ratio": 259.41,
            "debt_ratio": 28.09,
            "inventory_turnover_ratio": 1.36,
            "account_receivable_turnover_ratio": 0.54,
            "reinvestment_rate": 49.36,
            "research_to_sale_ratio": 27.31,
            "price_fair": 45.6,
            "eps_avg_yearly": 1.3,
            "eps_latest_yearly": 1.4,
            "eps_growth_yearly": 294.38
        },
        "20212": {
            "year_quarter": 20212,
            "year": 2021,
            "quarter": 2,
            "eps": -0.18,
            "eps_growth_year": null,
            "eps_4q": -0.58,
            "eps_4q_growth_year": null,
            "roe": -1.15,
            "roe_4q": -3.7,
            "gross_profit": 5159,
            "gross_margin": 12.84,
            "gross_margin_4q_avg": 22.71,
            "net_income": -12471,
            "net_income_4q": null,
            "revenue": 40183,
            "revenue_4q": null,
            "common_shares": 701124,
            "book_valuer_per_share": 15.19,
            "book_valuer_per_share_4q_avg": 15.64,
            "equity": 1064652,
            "current_ratio": 245.36,
            "debt_ratio": 29.15,
            "inventory_turnover_ratio": 1.13,
            "account_receivable_turnover_ratio": 0.48,
            "reinvestment_rate": 55.28,
            "research_to_sale_ratio": 41.83,
            "price_fair": 45.6,
            "eps_avg_yearly": 1.3,
            "eps_latest_yearly": 1.4,
            "eps_growth_yearly": 294.38
        },
        "20213": {
            "year_quarter": 20213,
            "year": 2021,
            "quarter": 3,
            "eps": -0.22,
            "eps_growth_year": null,
            "eps_4q": -0.68,
            "eps_4q_growth_year": null,
            "roe": -1.47,
            "roe_4q": -4.41,
            "gross_profit": 15443,
            "gross_margin": 26.12,
            "gross_margin_4q_avg": 20.23,
            "net_income": -15585,
            "net_income_4q": null,
            "revenue": 59134,
            "revenue_4q": null,
            "common_shares": 701124,
            "book_valuer_per_share": 14.96,
            "book_valuer_per_share_4q_avg": 15.4,
            "equity": 1048764,
            "current_ratio": 240.37,
            "debt_ratio": 29.45,
            "inventory_turnover_ratio": 1.63,
            "account_receivable_turnover_ratio": 0.71,
            "reinvestment_rate": 154.54,
            "research_to_sale_ratio": 32.63,
            "price_fair": 43.4,
            "eps_avg_yearly": 1.24,
            "eps_latest_yearly": 1.4,
            "eps_growth_yearly": 210.11
        },
        "20214": {
            "year_quarter": 20214,
            "year": 2021,
            "quarter": 4,
            "eps": -0.24,
            "eps_growth_year": null,
            "eps_4q": -0.74,
            "eps_4q_growth_year": null,
            "roe": -1.64,
            "roe_4q": -4.84,
            "gross_profit": 9388,
            "gross_margin": 20.01,
            "gross_margin_4q_avg": 18.72,
            "net_income": -17090,
            "net_income_4q": null,
            "revenue": 46905,
            "revenue_4q": null,
            "common_shares": 701124,
            "book_valuer_per_share": 14.75,
            "book_valuer_per_share_4q_avg": 15.15,
            "equity": 1033580,
            "current_ratio": 249.82,
            "debt_ratio": 28.36,
            "inventory_turnover_ratio": 1.45,
            "account_receivable_turnover_ratio": 0.61,
            "reinvestment_rate": 925.19,
            "research_to_sale_ratio": 44.62,
            "price_fair": 40.6,
            "eps_avg_yearly": 1.16,
            "eps_latest_yearly": 1.4,
            "eps_growth_yearly": 254.04
        },
        "20221": {
            "year_quarter": 20221,
            "year": 2022,
            "quarter": 1,
            "eps": 0.06,
            "eps_growth_year": null,
            "eps_4q": -0.58,
            "eps_4q_growth_year": null,
            "roe": 0.41,
            "roe_4q": -3.85,
            "gross_profit": 9434,
            "gross_margin": 18.84,
            "gross_margin_4q_avg": 19.45,
            "net_income": 4239,
            "net_income_4q": null,
            "revenue": 50081,
            "revenue_4q": null,
            "common_shares": 701124,
            "book_valuer_per_share": 14.91,
            "book_valuer_per_share_4q_avg": 14.95,
            "equity": 1045412,
            "current_ratio": 259.2,
            "debt_ratio": 27.79,
            "inventory_turnover_ratio": 1.42,
            "account_receivable_turnover_ratio": 0.79,
            "reinvestment_rate": 1197.7,
            "research_to_sale_ratio": 35.67,
            "price_fair": 47.6,
            "eps_avg_yearly": 1.36,
            "eps_latest_yearly": 1.4,
            "eps_growth_yearly": 395.6
        },
        "20222": {
            "year_quarter": 20222,
            "year": 2022,
            "quarter": 2,
            "eps": -0.02,
            "eps_growth_year": null,
            "eps_4q": -0.43,
            "eps_4q_growth_year": null,
            "roe": -0.17,
            "roe_4q": -2.87,
            "gross_profit": 3255,
            "gross_margin": 8.11,
            "gross_margin_4q_avg": 18.27,
            "net_income": -1741,
            "net_income_4q": null,
            "revenue": 40144,
            "revenue_4q": null,
            "common_shares": 701124,
            "book_valuer_per_share": 14.55,
            "book_valuer_per_share_4q_avg": 14.79,
            "equity": 1019589,
            "current_ratio": 245.01,
            "debt_ratio": 29.34,
            "inventory_turnover_ratio": 1.27,
            "account_receivable_turnover_ratio": 0.63,
            "reinvestment_rate": null,
            "research_to_sale_ratio": 47.88,
            "price_fair": 3.44,
            "eps_avg_yearly": 1.15,
            "eps_latest_yearly": 1.4,
            "eps_growth_yearly": -79.94
        },
        "20223": {
            "year_quarter": 20223,
            "year": 2022,
            "quarter": 3,
            "eps": 0.12,
            "eps_growth_year": null,
            "eps_4q": -0.08,
            "eps_4q_growth_year": null,
            "roe": 0.84,
            "roe_4q": -0.56,
            "gross_profit": 3285,
            "gross_margin": 8.53,
            "gross_margin_4q_avg": 13.87,
            "net_income": 8657,
            "net_income_4q": null,
            "revenue": 38518,
            "revenue_4q": null,
            "common_shares": 701124,
            "book_valuer_per_share": 14.69,
            "book_valuer_per_share_4q_avg": 14.73,
            "equity": 1029973,
            "current_ratio": 286.99,
            "debt_ratio": 24.49,
            "inventory_turnover_ratio": 1.24,
            "account_receivable_turnover_ratio": 0.66,
            "reinvestment_rate": null,
            "research_to_sale_ratio": 42.73,
            "price_fair": 2.64,
            "eps_avg_yearly": 0.88,
            "eps_latest_yearly": 1.4,
            "eps_growth_yearly": -87.91
        },
        "20224": {
            "year_quarter": 20224,
            "year": 2022,
            "quarter": 4,
            "eps": -0.46,
            "eps_growth_year": null,
            "eps_4q": -0.3,
            "eps_4q_growth_year": null,
            "roe": -3.19,
            "roe_4q": -2.11,
            "gross_profit": -4621,
            "gross_margin": -17.31,
            "gross_margin_4q_avg": 4.54,
            "net_income": -32350,
            "net_income_4q": null,
            "revenue": 26698,
            "revenue_4q": null,
            "common_shares": 701124,
            "book_valuer_per_share": 14.2,
            "book_valuer_per_share_4q_avg": 14.59,
            "equity": 995286,
            "current_ratio": 280.68,
            "debt_ratio": 24.5,
            "inventory_turnover_ratio": 1.2,
            "account_receivable_turnover_ratio": 0.61,
            "reinvestment_rate": null,
            "research_to_sale_ratio": 60.63,
            "price_fair": 49,
            "eps_avg_yearly": 1.4,
            "eps_latest_yearly": 1.4,
            "eps_growth_yearly": 138.46
        },
        "20231": {
            "year_quarter": 20231,
            "year": 2023,
            "quarter": 1,
            "eps": -0.3,
            "eps_growth_year": -600,
            "eps_4q": -0.67,
            "eps_4q_growth_year": null,
            "roe": -2.16,
            "roe_4q": -4.68,
            "gross_profit": -6572,
            "gross_margin": -28.5,
            "gross_margin_4q_avg": -7.29,
            "net_income": -21320,
            "net_income_4q": null,
            "revenue": 23057,
            "revenue_4q": null,
            "common_shares": 701124,
            "book_valuer_per_share": 13.91,
            "book_valuer_per_share_4q_avg": 14.34,
            "equity": 974915,
            "current_ratio": 288.92,
            "debt_ratio": 23.63,
            "inventory_turnover_ratio": 1.33,
            "account_receivable_turnover_ratio": 0.8,
            "reinvestment_rate": null,
            "research_to_sale_ratio": 78.82,
            "price_fair": 49,
            "eps_avg_yearly": 1.4,
            "eps_latest_yearly": 1.4,
            "eps_growth_yearly": 138.46
        },
        "20232": {
            "year_quarter": 20232,
            "year": 2023,
            "quarter": 2,
            "eps": -0.23,
            "eps_growth_year": null,
            "eps_4q": -0.87,
            "eps_4q_growth_year": null,
            "roe": -1.7,
            "roe_4q": -6.210000000000001,
            "gross_profit": -5586,
            "gross_margin": -20.24,
            "gross_margin_4q_avg": -14.38,
            "net_income": -16282,
            "net_income_4q": null,
            "revenue": 27596,
            "revenue_4q": null,
            "common_shares": 701124,
            "book_valuer_per_share": 13.4,
            "book_valuer_per_share_4q_avg": 14.05,
            "equity": 939021,
            "current_ratio": 264.9,
            "debt_ratio": 25.45,
            "inventory_turnover_ratio": 1.68,
            "account_receivable_turnover_ratio": 1.03,
            "reinvestment_rate": null,
            "research_to_sale_ratio": 66.03,
            "price_fair": 49,
            "eps_avg_yearly": 1.4,
            "eps_latest_yearly": 1.4,
            "eps_growth_yearly": 138.46
        },
        "20233": {
            "year_quarter": 20233,
            "year": 2023,
            "quarter": 3,
            "eps": -0.05,
            "eps_growth_year": -141.67,
            "eps_4q": -1.04,
            "eps_4q_growth_year": null,
            "roe": -0.34,
            "roe_4q": -7.390000000000001,
            "gross_profit": -1635,
            "gross_margin": -5.27,
            "gross_margin_4q_avg": -17.83,
            "net_income": -3162,
            "net_income_4q": null,
            "revenue": 31048,
            "revenue_4q": null,
            "common_shares": 701124,
            "book_valuer_per_share": 13.42,
            "book_valuer_per_share_4q_avg": 13.73,
            "equity": 940659,
            "current_ratio": 288.86,
            "debt_ratio": 23.96,
            "inventory_turnover_ratio": 1.89,
            "account_receivable_turnover_ratio": 1.01,
            "reinvestment_rate": null,
            "research_to_sale_ratio": 67.35,
            "price_fair": 0,
            "eps_avg_yearly": 0,
            "eps_latest_yearly": 0,
            "eps_growth_yearly": 0
        }
    },
    "months": {
        "2004-07": {
            "month": "2004-07",
            "price": "127.50",
            "revenue": 115553
        },
        "2004-09": {
            "month": "2004-09",
            "price": "124.01",
            "revenue": 102595
        },
        "2004-10": {
            "month": "2004-10",
            "price": "110.85",
            "revenue": 101309
        },
        "2004-11": {
            "month": "2004-11",
            "price": "112.63",
            "revenue": 111984
        },
        "2004-12": {
            "month": "2004-12",
            "price": "118.99",
            "revenue": 130714
        },
        "2005-01": {
            "month": "2005-01",
            "price": "118.34",
            "revenue": 102907
        },
        "2005-02": {
            "month": "2005-02",
            "price": "121.60",
            "revenue": 74012
        },
        "2005-03": {
            "month": "2005-03",
            "price": "122.72",
            "revenue": 109976
        },
        "2005-04": {
            "month": "2005-04",
            "price": "126.77",
            "revenue": 100572
        },
        "2005-05": {
            "month": "2005-05",
            "price": "127.84",
            "revenue": 88481
        },
        "2005-06": {
            "month": "2005-06",
            "price": "121.16",
            "revenue": 84156
        },
        "2005-07": {
            "month": "2005-07",
            "price": "105.87",
            "revenue": 86586
        },
        "2005-08": {
            "month": "2005-08",
            "price": "109.06",
            "revenue": 104688
        },
        "2005-09": {
            "month": "2005-09",
            "price": "112.33",
            "revenue": 99225
        },
        "2005-10": {
            "month": "2005-10",
            "price": "111.18",
            "revenue": 102600
        },
        "2005-11": {
            "month": "2005-11",
            "price": "94.64",
            "revenue": 101397
        },
        "2005-12": {
            "month": "2005-12",
            "price": "76.38",
            "revenue": 77618
        },
        "2006-01": {
            "month": "2006-01",
            "price": "73.56",
            "revenue": 65446
        },
        "2006-02": {
            "month": "2006-02",
            "price": "70.54",
            "revenue": 68171
        },
        "2006-03": {
            "month": "2006-03",
            "price": "70.55",
            "revenue": 91183
        },
        "2006-04": {
            "month": "2006-04",
            "price": "69.04",
            "revenue": 76838
        },
        "2006-05": {
            "month": "2006-05",
            "price": "58.92",
            "revenue": 67211
        },
        "2006-06": {
            "month": "2006-06",
            "price": "47.13",
            "revenue": 40732
        },
        "2006-07": {
            "month": "2006-07",
            "price": "41.54",
            "revenue": 54803
        },
        "2006-08": {
            "month": "2006-08",
            "price": "35.65",
            "revenue": 102203
        },
        "2006-09": {
            "month": "2006-09",
            "price": "33.52",
            "revenue": 107503
        },
        "2006-10": {
            "month": "2006-10",
            "price": "36.81",
            "revenue": 123997
        },
        "2006-11": {
            "month": "2006-11",
            "price": "35.22",
            "revenue": 63744
        },
        "2006-12": {
            "month": "2006-12",
            "price": "31.46",
            "revenue": 54902
        },
        "2007-01": {
            "month": "2007-01",
            "price": "31.25",
            "revenue": 39733
        },
        "2007-02": {
            "month": "2007-02",
            "price": "29.18",
            "revenue": 33485
        },
        "2007-03": {
            "month": "2007-03",
            "price": "27.73",
            "revenue": 59597
        },
        "2007-04": {
            "month": "2007-04",
            "price": "28.68",
            "revenue": 63710
        },
        "2007-05": {
            "month": "2007-05",
            "price": "24.14",
            "revenue": 69560
        },
        "2007-06": {
            "month": "2007-06",
            "price": "25.77",
            "revenue": 98482
        },
        "2007-07": {
            "month": "2007-07",
            "price": "29.73",
            "revenue": 84763
        },
        "2007-08": {
            "month": "2007-08",
            "price": "28.13",
            "revenue": 123884
        },
        "2007-09": {
            "month": "2007-09",
            "price": "23.59",
            "revenue": 132540
        },
        "2007-10": {
            "month": "2007-10",
            "price": "23.22",
            "revenue": 131435
        },
        "2007-11": {
            "month": "2007-11",
            "price": "17.42",
            "revenue": 94109
        },
        "2007-12": {
            "month": "2007-12",
            "price": "15.84",
            "revenue": 36563
        },
        "2008-01": {
            "month": "2008-01",
            "price": "15.73",
            "revenue": 46315
        },
        "2008-02": {
            "month": "2008-02",
            "price": "16.32",
            "revenue": 51559
        },
        "2008-03": {
            "month": "2008-03",
            "price": "16.21",
            "revenue": 64120
        },
        "2008-04": {
            "month": "2008-04",
            "price": "15.99",
            "revenue": 101996
        },
        "2008-05": {
            "month": "2008-05",
            "price": "15.55",
            "revenue": 80951
        },
        "2008-06": {
            "month": "2008-06",
            "price": "15.55",
            "revenue": 65843
        },
        "2008-07": {
            "month": "2008-07",
            "price": "10.72",
            "revenue": 103948
        },
        "2008-08": {
            "month": "2008-08",
            "price": "10.99",
            "revenue": 143440
        },
        "2008-09": {
            "month": "2008-09",
            "price": "10.56",
            "revenue": 143570
        },
        "2008-10": {
            "month": "2008-10",
            "price": "9.27",
            "revenue": 113751
        },
        "2008-11": {
            "month": "2008-11",
            "price": "8.58",
            "revenue": 56642
        },
        "2008-12": {
            "month": "2008-12",
            "price": "7.59",
            "revenue": 42495
        },
        "2009-01": {
            "month": "2009-01",
            "price": "7.50",
            "revenue": 34063
        },
        "2009-02": {
            "month": "2009-02",
            "price": "8.16",
            "revenue": 41779
        },
        "2009-03": {
            "month": "2009-03",
            "price": "9.19",
            "revenue": 57110
        },
        "2009-04": {
            "month": "2009-04",
            "price": "11.61",
            "revenue": 60412
        },
        "2009-05": {
            "month": "2009-05",
            "price": "11.52",
            "revenue": 48180
        },
        "2009-06": {
            "month": "2009-06",
            "price": "10.72",
            "revenue": 53721
        },
        "2009-07": {
            "month": "2009-07",
            "price": "10.89",
            "revenue": 58142
        },
        "2009-08": {
            "month": "2009-08",
            "price": "12.77",
            "revenue": 63273
        },
        "2009-09": {
            "month": "2009-09",
            "price": "16.28",
            "revenue": 63373
        },
        "2009-10": {
            "month": "2009-10",
            "price": "16.37",
            "revenue": 49094
        },
        "2009-11": {
            "month": "2009-11",
            "price": "15.11",
            "revenue": 56337
        },
        "2009-12": {
            "month": "2009-12",
            "price": "16.31",
            "revenue": 54526
        },
        "2010-01": {
            "month": "2010-01",
            "price": "16.92",
            "revenue": 72316
        },
        "2010-02": {
            "month": "2010-02",
            "price": "14.49",
            "revenue": 63568
        },
        "2010-03": {
            "month": "2010-03",
            "price": "17.95",
            "revenue": 82091
        },
        "2010-04": {
            "month": "2010-04",
            "price": "21.21",
            "revenue": 102685
        },
        "2010-05": {
            "month": "2010-05",
            "price": "20.40",
            "revenue": 92143
        },
        "2010-06": {
            "month": "2010-06",
            "price": "18.15",
            "revenue": 89844
        },
        "2010-07": {
            "month": "2010-07",
            "price": "17.87",
            "revenue": 104330
        },
        "2010-08": {
            "month": "2010-08",
            "price": "19.00",
            "revenue": 112356
        },
        "2010-09": {
            "month": "2010-09",
            "price": "18.49",
            "revenue": 157728
        },
        "2010-10": {
            "month": "2010-10",
            "price": "18.88",
            "revenue": 146666
        },
        "2010-11": {
            "month": "2010-11",
            "price": "24.16",
            "revenue": 117531
        },
        "2010-12": {
            "month": "2010-12",
            "price": "29.47",
            "revenue": 78567
        },
        "2011-01": {
            "month": "2011-01",
            "price": "27.13",
            "revenue": 105072
        },
        "2011-02": {
            "month": "2011-02",
            "price": "26.58",
            "revenue": 91393
        },
        "2011-03": {
            "month": "2011-03",
            "price": "29.14",
            "revenue": 132614
        },
        "2011-04": {
            "month": "2011-04",
            "price": "29.62",
            "revenue": 114882
        },
        "2011-05": {
            "month": "2011-05",
            "price": "27.30",
            "revenue": 81392
        },
        "2011-06": {
            "month": "2011-06",
            "price": "25.92",
            "revenue": 48908
        },
        "2011-07": {
            "month": "2011-07",
            "price": "21.48",
            "revenue": 79030
        },
        "2011-08": {
            "month": "2011-08",
            "price": "16.12",
            "revenue": 126529
        },
        "2011-09": {
            "month": "2011-09",
            "price": "14.80",
            "revenue": 136885
        },
        "2011-10": {
            "month": "2011-10",
            "price": "14.83",
            "revenue": 82640
        },
        "2011-11": {
            "month": "2011-11",
            "price": "13.46",
            "revenue": 73420
        },
        "2011-12": {
            "month": "2011-12",
            "price": "11.10",
            "revenue": 56256
        },
        "2012-01": {
            "month": "2012-01",
            "price": "11.32",
            "revenue": 43444
        },
        "2012-02": {
            "month": "2012-02",
            "price": "14.11",
            "revenue": 86290
        },
        "2012-03": {
            "month": "2012-03",
            "price": "14.33",
            "revenue": 85482
        },
        "2012-04": {
            "month": "2012-04",
            "price": "12.61",
            "revenue": 81494
        },
        "2012-05": {
            "month": "2012-05",
            "price": "11.88",
            "revenue": 78797
        },
        "2012-06": {
            "month": "2012-06",
            "price": "12.65",
            "revenue": 68718
        },
        "2012-07": {
            "month": "2012-07",
            "price": "13.07",
            "revenue": 79239
        },
        "2012-08": {
            "month": "2012-08",
            "price": "12.33",
            "revenue": 82214
        },
        "2012-09": {
            "month": "2012-09",
            "price": "11.59",
            "revenue": 99869
        },
        "2012-10": {
            "month": "2012-10",
            "price": "10.76",
            "revenue": 107494
        },
        "2012-11": {
            "month": "2012-11",
            "price": "9.40",
            "revenue": 98342
        },
        "2012-12": {
            "month": "2012-12",
            "price": "10.15",
            "revenue": 70736
        },
        "2013-01": {
            "month": "2013-01",
            "price": "10.36",
            "revenue": 74440
        },
        "2013-02": {
            "month": "2013-02",
            "price": "10.16",
            "revenue": 60564
        },
        "2013-03": {
            "month": "2013-03",
            "price": "10.24",
            "revenue": 81212
        },
        "2013-04": {
            "month": "2013-04",
            "price": "11.94",
            "revenue": 68609
        },
        "2013-05": {
            "month": "2013-05",
            "price": "12.11",
            "revenue": 75588
        },
        "2013-06": {
            "month": "2013-06",
            "price": "11.90",
            "revenue": 73790
        },
        "2013-07": {
            "month": "2013-07",
            "price": "11.65",
            "revenue": 80949
        },
        "2013-08": {
            "month": "2013-08",
            "price": "11.97",
            "revenue": 71086
        },
        "2013-09": {
            "month": "2013-09",
            "price": "12.77",
            "revenue": 67167
        },
        "2013-10": {
            "month": "2013-10",
            "price": "11.84",
            "revenue": 67848
        },
        "2013-11": {
            "month": "2013-11",
            "price": "11.65",
            "revenue": 64428
        },
        "2013-12": {
            "month": "2013-12",
            "price": "11.65",
            "revenue": 67306
        },
        "2014-01": {
            "month": "2014-01",
            "price": "12.46",
            "revenue": 64388
        },
        "2014-02": {
            "month": "2014-02",
            "price": "13.08",
            "revenue": 70870
        },
        "2014-03": {
            "month": "2014-03",
            "price": "13.81",
            "revenue": 87527
        },
        "2014-04": {
            "month": "2014-04",
            "price": "13.64",
            "revenue": 83159
        },
        "2014-05": {
            "month": "2014-05",
            "price": "12.60",
            "revenue": 72225
        },
        "2014-06": {
            "month": "2014-06",
            "price": "13.16",
            "revenue": 58615
        },
        "2014-07": {
            "month": "2014-07",
            "price": "13.20",
            "revenue": 60139
        },
        "2014-08": {
            "month": "2014-08",
            "price": "13.03",
            "revenue": 59723
        },
        "2014-09": {
            "month": "2014-09",
            "price": "13.16",
            "revenue": 75110
        },
        "2014-10": {
            "month": "2014-10",
            "price": "12.02",
            "revenue": 60264
        },
        "2014-11": {
            "month": "2014-11",
            "price": "10.93",
            "revenue": 57600
        },
        "2014-12": {
            "month": "2014-12",
            "price": "11.39",
            "revenue": 57021
        },
        "2015-01": {
            "month": "2015-01",
            "price": "11.68",
            "revenue": 58189
        },
        "2015-02": {
            "month": "2015-02",
            "price": "11.58",
            "revenue": 38047
        },
        "2015-03": {
            "month": "2015-03",
            "price": "12.10",
            "revenue": 57243
        },
        "2015-04": {
            "month": "2015-04",
            "price": "12.11",
            "revenue": 49175
        },
        "2015-05": {
            "month": "2015-05",
            "price": "11.05",
            "revenue": 42424
        },
        "2015-06": {
            "month": "2015-06",
            "price": "10.28",
            "revenue": 45172
        },
        "2015-07": {
            "month": "2015-07",
            "price": "9.34",
            "revenue": 45003
        },
        "2015-08": {
            "month": "2015-08",
            "price": "8.67",
            "revenue": 43157
        },
        "2015-09": {
            "month": "2015-09",
            "price": "8.14",
            "revenue": 45841
        },
        "2015-10": {
            "month": "2015-10",
            "price": "8.27",
            "revenue": 49189
        },
        "2015-11": {
            "month": "2015-11",
            "price": "7.98",
            "revenue": 50393
        },
        "2015-12": {
            "month": "2015-12",
            "price": "7.75",
            "revenue": 33491
        },
        "2016-01": {
            "month": "2016-01",
            "price": "8.16",
            "revenue": 37742
        },
        "2016-02": {
            "month": "2016-02",
            "price": "8.62",
            "revenue": 25253
        },
        "2016-03": {
            "month": "2016-03",
            "price": "8.80",
            "revenue": 33207
        },
        "2016-04": {
            "month": "2016-04",
            "price": "8.50",
            "revenue": 30116
        },
        "2016-05": {
            "month": "2016-05",
            "price": "7.87",
            "revenue": 37539
        },
        "2016-06": {
            "month": "2016-06",
            "price": "8.16",
            "revenue": 33271
        },
        "2016-07": {
            "month": "2016-07",
            "price": "8.58",
            "revenue": 40202
        },
        "2016-08": {
            "month": "2016-08",
            "price": "8.90",
            "revenue": 47304
        },
        "2016-09": {
            "month": "2016-09",
            "price": "8.93",
            "revenue": 46320
        },
        "2016-10": {
            "month": "2016-10",
            "price": "9.38",
            "revenue": 39274
        },
        "2016-11": {
            "month": "2016-11",
            "price": "8.91",
            "revenue": 43916
        },
        "2016-12": {
            "month": "2016-12",
            "price": "9.20",
            "revenue": 38508
        },
        "2017-01": {
            "month": "2017-01",
            "price": "9.04",
            "revenue": 36062
        },
        "2017-02": {
            "month": "2017-02",
            "price": "9.18",
            "revenue": 26968
        },
        "2017-03": {
            "month": "2017-03",
            "price": "10.65",
            "revenue": 39566
        },
        "2017-04": {
            "month": "2017-04",
            "price": "12.18",
            "revenue": 32327
        },
        "2017-05": {
            "month": "2017-05",
            "price": "11.34",
            "revenue": 33839
        },
        "2017-06": {
            "month": "2017-06",
            "price": "10.38",
            "revenue": 41736
        },
        "2017-07": {
            "month": "2017-07",
            "price": "10.53",
            "revenue": 49756
        },
        "2017-08": {
            "month": "2017-08",
            "price": "10.57",
            "revenue": 59415
        },
        "2017-09": {
            "month": "2017-09",
            "price": "12.47",
            "revenue": 59832
        },
        "2017-10": {
            "month": "2017-10",
            "price": "12.42",
            "revenue": 56812
        },
        "2017-11": {
            "month": "2017-11",
            "price": "15.03",
            "revenue": 68331
        },
        "2017-12": {
            "month": "2017-12",
            "price": "30.27",
            "revenue": 63576
        },
        "2018-01": {
            "month": "2018-01",
            "price": "34.20",
            "revenue": 55301
        },
        "2018-02": {
            "month": "2018-02",
            "price": "31.44",
            "revenue": 33701
        },
        "2018-03": {
            "month": "2018-03",
            "price": "30.43",
            "revenue": 34022
        },
        "2018-04": {
            "month": "2018-04",
            "price": "23.23",
            "revenue": 35807
        },
        "2018-05": {
            "month": "2018-05",
            "price": "22.87",
            "revenue": 37666
        },
        "2018-06": {
            "month": "2018-06",
            "price": "23.60",
            "revenue": 42795
        },
        "2018-07": {
            "month": "2018-07",
            "price": "18.58",
            "revenue": 55746
        },
        "2018-08": {
            "month": "2018-08",
            "price": "21.18",
            "revenue": 51108
        },
        "2018-09": {
            "month": "2018-09",
            "price": "18.41",
            "revenue": 43056
        },
        "2018-10": {
            "month": "2018-10",
            "price": "17.47",
            "revenue": 40901
        },
        "2018-11": {
            "month": "2018-11",
            "price": "17.49",
            "revenue": 42259
        },
        "2018-12": {
            "month": "2018-12",
            "price": "19.31",
            "revenue": 23557
        },
        "2019-01": {
            "month": "2019-01",
            "price": "17.18",
            "revenue": 32572
        },
        "2019-02": {
            "month": "2019-02",
            "price": "17.93",
            "revenue": 17421
        },
        "2019-03": {
            "month": "2019-03",
            "price": "18.10",
            "revenue": 19752
        },
        "2019-04": {
            "month": "2019-04",
            "price": "17.60",
            "revenue": 30278
        },
        "2019-05": {
            "month": "2019-05",
            "price": "14.86",
            "revenue": 29568
        },
        "2019-06": {
            "month": "2019-06",
            "price": "14.12",
            "revenue": 52898
        },
        "2019-07": {
            "month": "2019-07",
            "price": "15.53",
            "revenue": 52262
        },
        "2019-08": {
            "month": "2019-08",
            "price": "15.01",
            "revenue": 52229
        },
        "2019-09": {
            "month": "2019-09",
            "price": "17.07",
            "revenue": 43403
        },
        "2019-10": {
            "month": "2019-10",
            "price": "16.69",
            "revenue": 43671
        },
        "2019-11": {
            "month": "2019-11",
            "price": "15.96",
            "revenue": 34535
        },
        "2019-12": {
            "month": "2019-12",
            "price": "15.89",
            "revenue": 31026
        },
        "2020-01": {
            "month": "2020-01",
            "price": "15.69",
            "revenue": 37265
        },
        "2020-02": {
            "month": "2020-02",
            "price": "14.44",
            "revenue": 16381
        },
        "2020-03": {
            "month": "2020-03",
            "price": "11.26",
            "revenue": 24773
        },
        "2020-04": {
            "month": "2020-04",
            "price": "11.54",
            "revenue": 13711
        },
        "2020-05": {
            "month": "2020-05",
            "price": "12.64",
            "revenue": 15236
        },
        "2020-06": {
            "month": "2020-06",
            "price": "12.52",
            "revenue": 23132
        },
        "2020-07": {
            "month": "2020-07",
            "price": "12.60",
            "revenue": 30977
        },
        "2020-08": {
            "month": "2020-08",
            "price": "12.40",
            "revenue": 28163
        },
        "2020-09": {
            "month": "2020-09",
            "price": "12.67",
            "revenue": 23004
        },
        "2020-10": {
            "month": "2020-10",
            "price": "12.34",
            "revenue": 22415
        },
        "2020-11": {
            "month": "2020-11",
            "price": "12.20",
            "revenue": 33066
        },
        "2020-12": {
            "month": "2020-12",
            "price": "13.32",
            "revenue": 21445
        },
        "2021-01": {
            "month": "2021-01",
            "price": "13.01",
            "revenue": 22178
        },
        "2021-02": {
            "month": "2021-02",
            "price": "14.40",
            "revenue": 13584
        },
        "2021-03": {
            "month": "2021-03",
            "price": "15.18",
            "revenue": 33002
        },
        "2021-04": {
            "month": "2021-04",
            "price": "16.28",
            "revenue": 10606
        },
        "2021-05": {
            "month": "2021-05",
            "price": "13.49",
            "revenue": 15009
        },
        "2021-06": {
            "month": "2021-06",
            "price": "14.42",
            "revenue": 13761
        },
        "2021-07": {
            "month": "2021-07",
            "price": "16.15",
            "revenue": 15642
        },
        "2021-08": {
            "month": "2021-08",
            "price": "14.56",
            "revenue": 19708
        },
        "2021-09": {
            "month": "2021-09",
            "price": "15.71",
            "revenue": 24590
        },
        "2021-10": {
            "month": "2021-10",
            "price": "15.87",
            "revenue": 17550
        },
        "2021-11": {
            "month": "2021-11",
            "price": "18.90",
            "revenue": 16841
        },
        "2021-12": {
            "month": "2021-12",
            "price": "19.89",
            "revenue": 12515
        },
        "2022-01": {
            "month": "2022-01",
            "price": "18.13",
            "revenue": 15193
        },
        "2022-02": {
            "month": "2022-02",
            "price": "17.21",
            "revenue": 12599
        },
        "2022-03": {
            "month": "2022-03",
            "price": "16.40",
            "revenue": 22289
        },
        "2022-04": {
            "month": "2022-04",
            "price": "16.57",
            "revenue": 10640
        },
        "2022-05": {
            "month": "2022-05",
            "price": "16.67",
            "revenue": 15522
        },
        "2022-06": {
            "month": "2022-06",
            "price": "18.06",
            "revenue": 13982
        },
        "2022-07": {
            "month": "2022-07",
            "price": "16.58",
            "revenue": 10937
        },
        "2022-08": {
            "month": "2022-08",
            "price": "17.30",
            "revenue": 14287
        },
        "2022-09": {
            "month": "2022-09",
            "price": "15.86",
            "revenue": 13294
        },
        "2022-10": {
            "month": "2022-10",
            "price": "13.31",
            "revenue": 13144
        },
        "2022-11": {
            "month": "2022-11",
            "price": "13.57",
            "revenue": 7288
        },
        "2022-12": {
            "month": "2022-12",
            "price": "13.98",
            "revenue": 6265
        },
        "2023-01": {
            "month": "2023-01",
            "price": "13.38",
            "revenue": 7939
        },
        "2023-02": {
            "month": "2023-02",
            "price": "13.82",
            "revenue": 6646
        },
        "2023-03": {
            "month": "2023-03",
            "price": "14.10",
            "revenue": 12141
        },
        "2023-04": {
            "month": "2023-04",
            "price": "14.85",
            "revenue": 9226
        },
        "2023-05": {
            "month": "2023-05",
            "price": "14.07",
            "revenue": 10730
        },
        "2023-06": {
            "month": "2023-06",
            "price": "14.40",
            "revenue": 7641
        },
        "2023-07": {
            "month": "2023-07",
            "price": "14.60",
            "revenue": 12538
        },
        "2023-08": {
            "month": "2023-08",
            "price": "14.56",
            "revenue": 10469
        },
        "2023-09": {
            "month": "2023-09",
            "price": "14.30",
            "revenue": 8054
        },
        "2023-10": {
            "month": "2023-10",
            "price": "14.02",
            "revenue": 8299
        },
        "2023-11": {
            "month": "2023-11",
            "price": "14.20",
            "revenue": 11360
        },
        "2023-12": {
            "month": "2023-12",
            "price": "15.05",
            "revenue": 8477
        }
    }
}
