{
    "summary": {
        "stock_name": "奇偶",
        "stock_id": "3356",
        "category": "光電",
        "main_business": "數位監控系統",
        "website_url": "https://www.geovision.com.tw",
        "ceo": "王有傳",
        "pe_ratio": 16,
        "report_year_from": 2003,
        "report_year_to": 2023,
        "age": 21,
        "eps_negative_percentage": 5,
        "eps_growth_avg": {
            "last_all": 1.3,
            "last_2y": 23.9,
            "last_4y": 20.24,
            "last_8y": -11.83,
            "last_12y": -1.89,
            "last_16y": -5.34,
            "last_20y": null,
            "at_2006_last_3y": null,
            "at_2007_last_3y": 34.25,
            "at_2008_last_3y": 7.56,
            "at_2009_last_3y": 1.32,
            "at_2010_last_3y": -15.7,
            "at_2011_last_3y": -0.59,
            "at_2012_last_3y": 2.74,
            "at_2013_last_3y": 13,
            "at_2014_last_3y": 18,
            "at_2015_last_3y": -12.25,
            "at_2016_last_3y": -28.16,
            "at_2017_last_3y": -54.74,
            "at_2018_last_3y": -65.28,
            "at_2019_last_3y": -77.55,
            "at_2020_last_3y": -23.5,
            "at_2021_last_3y": 13.6,
            "at_2022_last_3y": 0.3,
            "at_2023_last_3y": 42.93,
            "at_2024_last_3y": 42.93,
            "at_2006_last_all": 36.71,
            "at_2007_last_all": 34.25,
            "at_2008_last_all": 25.03,
            "at_2009_last_all": 15.08,
            "at_2010_last_all": 6.76,
            "at_2011_last_all": 16.83,
            "at_2012_last_all": 15.12,
            "at_2013_last_all": 14.25,
            "at_2014_last_all": 10.85,
            "at_2015_last_all": 7.13,
            "at_2016_last_all": 1.81,
            "at_2017_last_all": -5.47,
            "at_2018_last_all": -5.47,
            "at_2019_last_all": -9.8,
            "at_2020_last_all": -2.94,
            "at_2021_last_all": -2.1,
            "at_2022_last_all": -4.18,
            "at_2023_last_all": 1.3,
            "at_2024_last_all": 1.3
        },
        "latest_eps": 2.75,
        "latest_price": 44.35,
        "latest_roe": 13.22,
        "latest_gross_margin": 49.21,
        "latest_equity": 1991785,
        "latest_revenue": 317217,
        "latest_gross_profit": 156095,
        "latest_net_income": 33325,
        "latest_debt_ratio": 23.61,
        "latest_current_ratio": 450.38,
        "latest_account_receivable_turnover_ratio": 2.61,
        "latest_inventory_turnover_ratio": 0.26,
        "latest_reinvestment_rate": -22.65,
        "latest_research_to_sale_ratio": 10.47
    },
    "eps_dividends": {
        "2001": {
            "cash": 0,
            "stock": 0,
            "eps": 0
        },
        "2002": {
            "cash": 0,
            "stock": 0,
            "eps": 0
        },
        "2003": {
            "cash": 0,
            "stock": 5.9,
            "eps": 5.08
        },
        "2004": {
            "cash": 0,
            "stock": 7,
            "eps": 9.9
        },
        "2005": {
            "cash": 3.3,
            "stock": 2.2,
            "eps": 8.94
        },
        "2006": {
            "cash": 7.5,
            "stock": 0,
            "eps": 11.17
        },
        "2007": {
            "cash": 8.8,
            "stock": 0,
            "eps": 14.17
        },
        "2008": {
            "cash": 11,
            "stock": 0,
            "eps": 12.49
        },
        "2009": {
            "cash": 10,
            "stock": 0,
            "eps": 8.16
        },
        "2010": {
            "cash": 8,
            "stock": 0,
            "eps": 4.64
        },
        "2011": {
            "cash": 12,
            "stock": 1.3,
            "eps": 8.69
        },
        "2012": {
            "cash": 0,
            "stock": 0,
            "eps": 8.82
        },
        "2013": {
            "cash": 6.7,
            "stock": 1,
            "eps": 9.38
        },
        "2014": {
            "cash": 7.2,
            "stock": 1,
            "eps": 7.21
        },
        "2015": {
            "cash": 5.4,
            "stock": 1,
            "eps": 4.78
        },
        "2016": {
            "cash": 4,
            "stock": 0.1,
            "eps": 1.81
        },
        "2017": {
            "cash": 1,
            "stock": 1.5,
            "eps": -2.16
        },
        "2018": {
            "cash": 0,
            "stock": 0,
            "eps": 0.78
        },
        "2019": {
            "cash": 0,
            "stock": 0,
            "eps": 0.23
        },
        "2020": {
            "cash": 0,
            "stock": 0,
            "eps": 1.77
        },
        "2021": {
            "cash": 1,
            "stock": 0,
            "eps": 1.97
        },
        "2022": {
            "cash": 1.2,
            "stock": 0,
            "eps": 1.19
        },
        "2023": {
            "cash": 2.8,
            "stock": 0,
            "eps": 2.39
        }
    },
    "dividends": {
        "2003-06-13": {
            "cash": 0,
            "stock": 5.9
        },
        "2004-03-24": {
            "cash": 0,
            "stock": 7
        },
        "2005-03-29": {
            "cash": 3.3,
            "stock": 2.2
        },
        "2006-03-28": {
            "cash": 7.5,
            "stock": 0
        },
        "2007-03-20": {
            "cash": 8.8,
            "stock": 0
        },
        "2008-03-20": {
            "cash": 11,
            "stock": 0
        },
        "2009-03-20": {
            "cash": 10,
            "stock": 0
        },
        "2010-03-18": {
            "cash": 8,
            "stock": 0
        },
        "2011-01-01": {
            "cash": 7,
            "stock": 0.3
        },
        "2011-03-18": {
            "cash": 5,
            "stock": 1
        },
        "2013-03-20": {
            "cash": 6.7,
            "stock": 1
        },
        "2014-08-27": {
            "cash": 7.2,
            "stock": 1
        },
        "2015-11-05": {
            "cash": 5.4,
            "stock": 1
        },
        "2016-09-23": {
            "cash": 4,
            "stock": 0.1
        },
        "2017-12-08": {
            "cash": 1,
            "stock": 1.5
        },
        "2021-08-24": {
            "cash": 1,
            "stock": 0
        },
        "2022-10-31": {
            "cash": 1.2,
            "stock": 0
        },
        "2023-02-24": {
            "cash": 1.4,
            "stock": 0
        },
        "2023-10-31": {
            "cash": 1.4,
            "stock": 0
        }
    },
    "prices": {
        "200101": "無",
        "200102": "無",
        "200103": "無",
        "200104": "無",
        "200105": "無",
        "200106": "無",
        "200107": "無",
        "200108": "無",
        "200109": "無",
        "200110": "無",
        "200111": "無",
        "200112": "無",
        "200201": "無",
        "200202": "無",
        "200203": "無",
        "200204": "無",
        "200205": "無",
        "200206": "無",
        "200207": "無",
        "200208": "無",
        "200209": "無",
        "200210": "無",
        "200211": "無",
        "200212": "無",
        "200301": "無",
        "200302": "無",
        "200303": "無",
        "200304": "無",
        "200305": "無",
        "200306": "無",
        "200307": "無",
        "200308": "無",
        "200309": "無",
        "200310": "無",
        "200311": "無",
        "200312": "無",
        "200401": "無",
        "200402": "無",
        "200403": "無",
        "200404": "無",
        "200405": "無",
        "200406": "147.03",
        "200407": "86.50",
        "200408": "81.30",
        "200409": "84.44",
        "200410": "83.44",
        "200411": "78.52",
        "200412": "77.16",
        "200501": "72.99",
        "200502": "80.90",
        "200503": "73.52",
        "200504": "108.45",
        "200505": "95.90",
        "200506": "101.78",
        "200507": "111.40",
        "200508": "100.39",
        "200509": "94.17",
        "200510": "95.71",
        "200511": "92.64",
        "200512": "99.94",
        "200601": "107.47",
        "200602": "108.62",
        "200603": "116.11",
        "200604": "125.42",
        "200605": "135.21",
        "200606": "120.91",
        "200607": "112.76",
        "200608": "115.52",
        "200609": "123.57",
        "200610": "127.75",
        "200611": "139.52",
        "200612": "147.95",
        "200701": "154.66",
        "200702": "155.17",
        "200703": "153.04",
        "200704": "157.55",
        "200705": "161.36",
        "200706": "191.25",
        "200707": "216.41",
        "200708": "224.46",
        "200709": "268.53",
        "200710": "273.86",
        "200711": "265.23",
        "200712": "261.71",
        "200801": "238.45",
        "200802": "196.82",
        "200803": "196.26",
        "200804": "228.19",
        "200805": "229.10",
        "200806": "199.38",
        "200807": "172.57",
        "200808": "171.17",
        "200809": "144.26",
        "200810": "124.00",
        "200811": "118.30",
        "200812": "111.65",
        "200901": "113.57",
        "200902": "112.98",
        "200903": "127.48",
        "200904": "138.86",
        "200905": "147.58",
        "200906": "146.78",
        "200907": "143.22",
        "200908": "130.20",
        "200909": "126.41",
        "200910": "127.36",
        "200911": "127.57",
        "200912": "129.61",
        "201001": "136.90",
        "201002": "126.79",
        "201003": "127.35",
        "201004": "129.19",
        "201005": "116.93",
        "201006": "108.76",
        "201007": "108.86",
        "201008": "103.30",
        "201009": "100.58",
        "201010": "99.29",
        "201011": "98.57",
        "201012": "103.89",
        "201101": "100.56",
        "201102": "101.06",
        "201103": "109.41",
        "201104": "124.53",
        "201105": "125.74",
        "201106": "120.90",
        "201107": "122.19",
        "201108": "97.05",
        "201109": "94.68",
        "201110": "101.04",
        "201111": "100.41",
        "201112": "99.92",
        "201201": "112.67",
        "201202": "124.30",
        "201203": "141.09",
        "201204": "125.95",
        "201205": "115.55",
        "201206": "111.90",
        "201207": "113.98",
        "201208": "113.30",
        "201209": "115.18",
        "201210": "113.18",
        "201211": "113.82",
        "201212": "118.69",
        "201301": "119.52",
        "201302": "125.15",
        "201303": "127.60",
        "201304": "133.48",
        "201305": "134.02",
        "201306": "134.00",
        "201307": "145.11",
        "201308": "158.31",
        "201309": "157.18",
        "201310": "175.41",
        "201311": "190.93",
        "201312": "186.70",
        "201401": "183.36",
        "201402": "183.15",
        "201403": "199.21",
        "201404": "178.38",
        "201405": "154.81",
        "201406": "155.95",
        "201407": "144.09",
        "201408": "118.31",
        "201409": "109.79",
        "201410": "107.07",
        "201411": "105.55",
        "201412": "104.62",
        "201501": "109.18",
        "201502": "114.54",
        "201503": "113.30",
        "201504": "113.60",
        "201505": "102.98",
        "201506": "95.59",
        "201507": "90.71",
        "201508": "79.88",
        "201509": "86.23",
        "201510": "81.62",
        "201511": "77.71",
        "201512": "71.99",
        "201601": "70.51",
        "201602": "73.21",
        "201603": "75.32",
        "201604": "70.45",
        "201605": "60.08",
        "201606": "60.36",
        "201607": "60.70",
        "201608": "55.77",
        "201609": "50.65",
        "201610": "46.71",
        "201611": "44.01",
        "201612": "46.16",
        "201701": "44.60",
        "201702": "43.12",
        "201703": "43.74",
        "201704": "43.10",
        "201705": "39.14",
        "201706": "39.90",
        "201707": "40.22",
        "201708": "39.30",
        "201709": "40.17",
        "201710": "42.82",
        "201711": "36.93",
        "201712": "39.10",
        "201801": "37.97",
        "201802": "34.35",
        "201803": "31.61",
        "201804": "27.72",
        "201805": "27.70",
        "201806": "31.93",
        "201807": "30.84",
        "201808": "29.41",
        "201809": "27.39",
        "201810": "22.70",
        "201811": "24.15",
        "201812": "31.31",
        "201901": "29.55",
        "201902": "34.37",
        "201903": "34.65",
        "201904": "34.14",
        "201905": "31.90",
        "201906": "33.49",
        "201907": "31.87",
        "201908": "30.79",
        "201909": "31.18",
        "201910": "32.54",
        "201911": "31.48",
        "201912": "30.36",
        "202001": "28.52",
        "202002": "26.11",
        "202003": "21.45",
        "202004": "20.26",
        "202005": "22.52",
        "202006": "22.90",
        "202007": "23.00",
        "202008": "22.71",
        "202009": "25.16",
        "202010": "24.50",
        "202011": "25.95",
        "202012": "29.10",
        "202101": "28.91",
        "202102": "27.59",
        "202103": "28.31",
        "202104": "32.50",
        "202105": "27.85",
        "202106": "30.74",
        "202107": "38.42",
        "202108": "36.77",
        "202109": "35.47",
        "202110": "30.54",
        "202111": "31.32",
        "202112": "30.89",
        "202201": "30.36",
        "202202": "29.65",
        "202203": "28.38",
        "202204": "29.03",
        "202205": "32.20",
        "202206": "31.04",
        "202207": "28.21",
        "202208": "28.99",
        "202209": "31.20",
        "202210": "32.00",
        "202211": "41.97",
        "202212": "43.26",
        "202301": "38.70",
        "202302": "40.09",
        "202303": "42.75",
        "202304": "39.76",
        "202305": "39.60",
        "202306": "47.12",
        "202307": "54.75",
        "202308": "48.25",
        "202309": "46.78",
        "202310": "42.42",
        "202311": "42.95",
        "202312": "44.07"
    },
    "quarters": {
        "20011": {
            "year_quarter": 20011,
            "year": 2001,
            "quarter": 1,
            "eps": null,
            "eps_growth_year": null,
            "eps_4q": null,
            "eps_4q_growth_year": null,
            "roe": null,
            "roe_4q": 0,
            "gross_profit": null,
            "gross_margin": null,
            "gross_margin_4q_avg": 0,
            "net_income": null,
            "net_income_4q": null,
            "revenue": null,
            "revenue_4q": null,
            "common_shares": null,
            "book_valuer_per_share": null,
            "book_valuer_per_share_4q_avg": 0,
            "equity": null,
            "current_ratio": null,
            "debt_ratio": null,
            "inventory_turnover_ratio": null,
            "account_receivable_turnover_ratio": null,
            "reinvestment_rate": null,
            "research_to_sale_ratio": null,
            "price_fair": 0,
            "eps_avg_yearly": 0,
            "eps_latest_yearly": 0,
            "eps_growth_yearly": 0
        },
        "20012": {
            "year_quarter": 20012,
            "year": 2001,
            "quarter": 2,
            "eps": null,
            "eps_growth_year": null,
            "eps_4q": null,
            "eps_4q_growth_year": null,
            "roe": null,
            "roe_4q": 0,
            "gross_profit": null,
            "gross_margin": null,
            "gross_margin_4q_avg": 0,
            "net_income": null,
            "net_income_4q": null,
            "revenue": null,
            "revenue_4q": null,
            "common_shares": null,
            "book_valuer_per_share": null,
            "book_valuer_per_share_4q_avg": 0,
            "equity": null,
            "current_ratio": null,
            "debt_ratio": null,
            "inventory_turnover_ratio": null,
            "account_receivable_turnover_ratio": null,
            "reinvestment_rate": null,
            "research_to_sale_ratio": null,
            "price_fair": 0,
            "eps_avg_yearly": 0,
            "eps_latest_yearly": 0,
            "eps_growth_yearly": 0
        },
        "20013": {
            "year_quarter": 20013,
            "year": 2001,
            "quarter": 3,
            "eps": null,
            "eps_growth_year": null,
            "eps_4q": null,
            "eps_4q_growth_year": null,
            "roe": null,
            "roe_4q": 0,
            "gross_profit": null,
            "gross_margin": null,
            "gross_margin_4q_avg": 0,
            "net_income": null,
            "net_income_4q": null,
            "revenue": null,
            "revenue_4q": null,
            "common_shares": null,
            "book_valuer_per_share": null,
            "book_valuer_per_share_4q_avg": 0,
            "equity": null,
            "current_ratio": null,
            "debt_ratio": null,
            "inventory_turnover_ratio": null,
            "account_receivable_turnover_ratio": null,
            "reinvestment_rate": null,
            "research_to_sale_ratio": null,
            "price_fair": 0,
            "eps_avg_yearly": 0,
            "eps_latest_yearly": 0,
            "eps_growth_yearly": 0
        },
        "20014": {
            "year_quarter": 20014,
            "year": 2001,
            "quarter": 4,
            "eps": null,
            "eps_growth_year": null,
            "eps_4q": null,
            "eps_4q_growth_year": null,
            "roe": null,
            "roe_4q": 0,
            "gross_profit": null,
            "gross_margin": null,
            "gross_margin_4q_avg": 0,
            "net_income": null,
            "net_income_4q": null,
            "revenue": null,
            "revenue_4q": null,
            "common_shares": 23518,
            "book_valuer_per_share": 19.62,
            "book_valuer_per_share_4q_avg": 4.91,
            "equity": 46133,
            "current_ratio": 219.62,
            "debt_ratio": 39.78,
            "inventory_turnover_ratio": null,
            "account_receivable_turnover_ratio": null,
            "reinvestment_rate": null,
            "research_to_sale_ratio": null,
            "price_fair": 0,
            "eps_avg_yearly": 0,
            "eps_latest_yearly": 0,
            "eps_growth_yearly": 0
        },
        "20021": {
            "year_quarter": 20021,
            "year": 2002,
            "quarter": 1,
            "eps": null,
            "eps_growth_year": null,
            "eps_4q": null,
            "eps_4q_growth_year": null,
            "roe": null,
            "roe_4q": 0,
            "gross_profit": null,
            "gross_margin": null,
            "gross_margin_4q_avg": 0,
            "net_income": null,
            "net_income_4q": null,
            "revenue": null,
            "revenue_4q": null,
            "common_shares": null,
            "book_valuer_per_share": null,
            "book_valuer_per_share_4q_avg": 4.91,
            "equity": null,
            "current_ratio": null,
            "debt_ratio": null,
            "inventory_turnover_ratio": null,
            "account_receivable_turnover_ratio": null,
            "reinvestment_rate": null,
            "research_to_sale_ratio": null,
            "price_fair": 0,
            "eps_avg_yearly": 0,
            "eps_latest_yearly": 0,
            "eps_growth_yearly": 0
        },
        "20022": {
            "year_quarter": 20022,
            "year": 2002,
            "quarter": 2,
            "eps": null,
            "eps_growth_year": null,
            "eps_4q": null,
            "eps_4q_growth_year": null,
            "roe": null,
            "roe_4q": 0,
            "gross_profit": null,
            "gross_margin": null,
            "gross_margin_4q_avg": 0,
            "net_income": null,
            "net_income_4q": null,
            "revenue": null,
            "revenue_4q": null,
            "common_shares": null,
            "book_valuer_per_share": null,
            "book_valuer_per_share_4q_avg": 4.91,
            "equity": null,
            "current_ratio": null,
            "debt_ratio": null,
            "inventory_turnover_ratio": null,
            "account_receivable_turnover_ratio": null,
            "reinvestment_rate": null,
            "research_to_sale_ratio": null,
            "price_fair": 0,
            "eps_avg_yearly": 0,
            "eps_latest_yearly": 0,
            "eps_growth_yearly": 0
        },
        "20023": {
            "year_quarter": 20023,
            "year": 2002,
            "quarter": 3,
            "eps": null,
            "eps_growth_year": null,
            "eps_4q": null,
            "eps_4q_growth_year": null,
            "roe": null,
            "roe_4q": 0,
            "gross_profit": null,
            "gross_margin": null,
            "gross_margin_4q_avg": 0,
            "net_income": null,
            "net_income_4q": null,
            "revenue": null,
            "revenue_4q": null,
            "common_shares": null,
            "book_valuer_per_share": null,
            "book_valuer_per_share_4q_avg": 4.91,
            "equity": null,
            "current_ratio": null,
            "debt_ratio": null,
            "inventory_turnover_ratio": null,
            "account_receivable_turnover_ratio": null,
            "reinvestment_rate": null,
            "research_to_sale_ratio": null,
            "price_fair": 0,
            "eps_avg_yearly": 0,
            "eps_latest_yearly": 0,
            "eps_growth_yearly": 0
        },
        "20024": {
            "year_quarter": 20024,
            "year": 2002,
            "quarter": 4,
            "eps": null,
            "eps_growth_year": null,
            "eps_4q": null,
            "eps_4q_growth_year": null,
            "roe": null,
            "roe_4q": 0,
            "gross_profit": null,
            "gross_margin": null,
            "gross_margin_4q_avg": 0,
            "net_income": null,
            "net_income_4q": null,
            "revenue": null,
            "revenue_4q": null,
            "common_shares": 117039,
            "book_valuer_per_share": 18.44,
            "book_valuer_per_share_4q_avg": 4.61,
            "equity": 215795,
            "current_ratio": 567.11,
            "debt_ratio": 16.9,
            "inventory_turnover_ratio": null,
            "account_receivable_turnover_ratio": null,
            "reinvestment_rate": null,
            "research_to_sale_ratio": null,
            "price_fair": 0,
            "eps_avg_yearly": 0,
            "eps_latest_yearly": 0,
            "eps_growth_yearly": 0
        },
        "20031": {
            "year_quarter": 20031,
            "year": 2003,
            "quarter": 1,
            "eps": null,
            "eps_growth_year": null,
            "eps_4q": null,
            "eps_4q_growth_year": null,
            "roe": null,
            "roe_4q": 0,
            "gross_profit": null,
            "gross_margin": null,
            "gross_margin_4q_avg": 0,
            "net_income": null,
            "net_income_4q": null,
            "revenue": null,
            "revenue_4q": null,
            "common_shares": null,
            "book_valuer_per_share": null,
            "book_valuer_per_share_4q_avg": 4.61,
            "equity": null,
            "current_ratio": null,
            "debt_ratio": null,
            "inventory_turnover_ratio": null,
            "account_receivable_turnover_ratio": null,
            "reinvestment_rate": null,
            "research_to_sale_ratio": null,
            "price_fair": 0,
            "eps_avg_yearly": 0,
            "eps_latest_yearly": 0,
            "eps_growth_yearly": 0
        },
        "20032": {
            "year_quarter": 20032,
            "year": 2003,
            "quarter": 2,
            "eps": null,
            "eps_growth_year": null,
            "eps_4q": null,
            "eps_4q_growth_year": null,
            "roe": null,
            "roe_4q": 0,
            "gross_profit": null,
            "gross_margin": null,
            "gross_margin_4q_avg": 0,
            "net_income": null,
            "net_income_4q": null,
            "revenue": null,
            "revenue_4q": null,
            "common_shares": null,
            "book_valuer_per_share": null,
            "book_valuer_per_share_4q_avg": 4.61,
            "equity": null,
            "current_ratio": null,
            "debt_ratio": null,
            "inventory_turnover_ratio": null,
            "account_receivable_turnover_ratio": null,
            "reinvestment_rate": null,
            "research_to_sale_ratio": null,
            "price_fair": 0,
            "eps_avg_yearly": 0,
            "eps_latest_yearly": 0,
            "eps_growth_yearly": 0
        },
        "20033": {
            "year_quarter": 20033,
            "year": 2003,
            "quarter": 3,
            "eps": 2.93,
            "eps_growth_year": null,
            "eps_4q": null,
            "eps_4q_growth_year": null,
            "roe": 15.72,
            "roe_4q": 15.72,
            "gross_profit": 111177,
            "gross_margin": 66.12,
            "gross_margin_4q_avg": 16.53,
            "net_income": 59270,
            "net_income_4q": null,
            "revenue": 168136,
            "revenue_4q": null,
            "common_shares": 202235,
            "book_valuer_per_share": 18.64,
            "book_valuer_per_share_4q_avg": 9.27,
            "equity": 376932,
            "current_ratio": 572.54,
            "debt_ratio": 15.73,
            "inventory_turnover_ratio": 0.77,
            "account_receivable_turnover_ratio": null,
            "reinvestment_rate": null,
            "research_to_sale_ratio": null,
            "price_fair": 0,
            "eps_avg_yearly": 0,
            "eps_latest_yearly": 0,
            "eps_growth_yearly": 0
        },
        "20034": {
            "year_quarter": 20034,
            "year": 2003,
            "quarter": 4,
            "eps": 2.15,
            "eps_growth_year": null,
            "eps_4q": null,
            "eps_4q_growth_year": null,
            "roe": 10.87,
            "roe_4q": 26.59,
            "gross_profit": 97971,
            "gross_margin": 58.46,
            "gross_margin_4q_avg": 31.15,
            "net_income": 43393,
            "net_income_4q": null,
            "revenue": 167592,
            "revenue_4q": null,
            "common_shares": 202235,
            "book_valuer_per_share": 20.82,
            "book_valuer_per_share_4q_avg": 9.87,
            "equity": 421115,
            "current_ratio": 539.94,
            "debt_ratio": 17.76,
            "inventory_turnover_ratio": 0.9,
            "account_receivable_turnover_ratio": null,
            "reinvestment_rate": null,
            "research_to_sale_ratio": null,
            "price_fair": 25.8,
            "eps_avg_yearly": 8.6,
            "eps_latest_yearly": 8.6,
            "eps_growth_yearly": -106.48
        },
        "20041": {
            "year_quarter": 20041,
            "year": 2004,
            "quarter": 1,
            "eps": 3.41,
            "eps_growth_year": null,
            "eps_4q": null,
            "eps_4q_growth_year": null,
            "roe": 15.15,
            "roe_4q": 41.74,
            "gross_profit": 123981,
            "gross_margin": 63.7,
            "gross_margin_4q_avg": 47.07,
            "net_income": 69013,
            "net_income_4q": null,
            "revenue": 194630,
            "revenue_4q": null,
            "common_shares": 202235,
            "book_valuer_per_share": 24.24,
            "book_valuer_per_share_4q_avg": 15.93,
            "equity": 490127,
            "current_ratio": 475.41,
            "debt_ratio": 19.87,
            "inventory_turnover_ratio": 0.79,
            "account_receivable_turnover_ratio": null,
            "reinvestment_rate": null,
            "research_to_sale_ratio": null,
            "price_fair": 389.2,
            "eps_avg_yearly": 11.12,
            "eps_latest_yearly": 13.64,
            "eps_growth_yearly": 63.97
        },
        "20042": {
            "year_quarter": 20042,
            "year": 2004,
            "quarter": 2,
            "eps": 2.39,
            "eps_growth_year": null,
            "eps_4q": 6.9,
            "eps_4q_growth_year": null,
            "roe": 17,
            "roe_4q": 58.739999999999995,
            "gross_profit": 130396,
            "gross_margin": 62.74,
            "gross_margin_4q_avg": 62.76,
            "net_income": 91036,
            "net_income_4q": null,
            "revenue": 207849,
            "revenue_4q": null,
            "common_shares": 202235,
            "book_valuer_per_share": 28.72,
            "book_valuer_per_share_4q_avg": 23.11,
            "equity": 580860,
            "current_ratio": 778.59,
            "debt_ratio": 14.73,
            "inventory_turnover_ratio": 0.8,
            "account_receivable_turnover_ratio": null,
            "reinvestment_rate": null,
            "research_to_sale_ratio": null,
            "price_fair": 135.28,
            "eps_avg_yearly": 10.6,
            "eps_latest_yearly": 9.56,
            "eps_growth_yearly": 2.76
        },
        "20043": {
            "year_quarter": 20043,
            "year": 2004,
            "quarter": 3,
            "eps": 2.14,
            "eps_growth_year": -26.96,
            "eps_4q": 7.48,
            "eps_4q_growth_year": null,
            "roe": 13.11,
            "roe_4q": 56.129999999999995,
            "gross_profit": 130090,
            "gross_margin": 67.86,
            "gross_margin_4q_avg": 63.19,
            "net_income": 81519,
            "net_income_4q": null,
            "revenue": 191696,
            "revenue_4q": null,
            "common_shares": 380614,
            "book_valuer_per_share": 17.4,
            "book_valuer_per_share_4q_avg": 22.8,
            "equity": 662428,
            "current_ratio": 1064.41,
            "debt_ratio": 10.28,
            "inventory_turnover_ratio": 0.67,
            "account_receivable_turnover_ratio": null,
            "reinvestment_rate": null,
            "research_to_sale_ratio": null,
            "price_fair": 30.27,
            "eps_avg_yearly": 10.09,
            "eps_latest_yearly": 8.56,
            "eps_growth_yearly": -8.39
        },
        "20044": {
            "year_quarter": 20044,
            "year": 2004,
            "quarter": 4,
            "eps": 1.96,
            "eps_growth_year": -8.84,
            "eps_4q": 8.31,
            "eps_4q_growth_year": null,
            "roe": 10.68,
            "roe_4q": 55.94,
            "gross_profit": 146694,
            "gross_margin": 64.66,
            "gross_margin_4q_avg": 64.74,
            "net_income": 74574,
            "net_income_4q": null,
            "revenue": 226859,
            "revenue_4q": null,
            "common_shares": 380614,
            "book_valuer_per_share": 19.28,
            "book_valuer_per_share_4q_avg": 22.41,
            "equity": 733664,
            "current_ratio": 1256.7,
            "debt_ratio": 7.46,
            "inventory_turnover_ratio": 1.05,
            "account_receivable_turnover_ratio": null,
            "reinvestment_rate": null,
            "research_to_sale_ratio": null,
            "price_fair": 28.92,
            "eps_avg_yearly": 9.64,
            "eps_latest_yearly": 7.84,
            "eps_growth_yearly": -13.44
        },
        "20051": {
            "year_quarter": 20051,
            "year": 2005,
            "quarter": 1,
            "eps": 2.19,
            "eps_growth_year": -35.78,
            "eps_4q": 8.67,
            "eps_4q_growth_year": null,
            "roe": 10.78,
            "roe_4q": 51.57,
            "gross_profit": 136318,
            "gross_margin": 64.11,
            "gross_margin_4q_avg": 64.84,
            "net_income": 83526,
            "net_income_4q": null,
            "revenue": 212646,
            "revenue_4q": null,
            "common_shares": 380614,
            "book_valuer_per_share": 21.45,
            "book_valuer_per_share_4q_avg": 21.71,
            "equity": 816321,
            "current_ratio": 785.29,
            "debt_ratio": 13.94,
            "inventory_turnover_ratio": 1.11,
            "account_receivable_turnover_ratio": null,
            "reinvestment_rate": null,
            "research_to_sale_ratio": null,
            "price_fair": 28.48,
            "eps_avg_yearly": 9.49,
            "eps_latest_yearly": 8.76,
            "eps_growth_yearly": -3.38
        },
        "20052": {
            "year_quarter": 20052,
            "year": 2005,
            "quarter": 2,
            "eps": 1.92,
            "eps_growth_year": -19.67,
            "eps_4q": 6.9,
            "eps_4q_growth_year": 0.08,
            "roe": 11.73,
            "roe_4q": 46.3,
            "gross_profit": 156327,
            "gross_margin": 64.32,
            "gross_margin_4q_avg": 65.24,
            "net_income": 92339,
            "net_income_4q": null,
            "revenue": 243047,
            "revenue_4q": null,
            "common_shares": 380614,
            "book_valuer_per_share": 19.9,
            "book_valuer_per_share_4q_avg": 19.51,
            "equity": 757429,
            "current_ratio": 396.89,
            "debt_ratio": 25.5,
            "inventory_turnover_ratio": 1.18,
            "account_receivable_turnover_ratio": null,
            "reinvestment_rate": null,
            "research_to_sale_ratio": null,
            "price_fair": 27.7,
            "eps_avg_yearly": 9.23,
            "eps_latest_yearly": 7.68,
            "eps_growth_yearly": -9.94
        },
        "20053": {
            "year_quarter": 20053,
            "year": 2005,
            "quarter": 3,
            "eps": 2.46,
            "eps_growth_year": 14.95,
            "eps_4q": 7.66,
            "eps_4q_growth_year": 2.4,
            "roe": 14.49,
            "roe_4q": 47.68,
            "gross_profit": 170004,
            "gross_margin": 64.69,
            "gross_margin_4q_avg": 64.45,
            "net_income": 118473,
            "net_income_4q": null,
            "revenue": 262814,
            "revenue_4q": null,
            "common_shares": 481252,
            "book_valuer_per_share": 18.25,
            "book_valuer_per_share_4q_avg": 19.72,
            "equity": 878329,
            "current_ratio": 658.16,
            "debt_ratio": 16.55,
            "inventory_turnover_ratio": 1.13,
            "account_receivable_turnover_ratio": null,
            "reinvestment_rate": null,
            "research_to_sale_ratio": null,
            "price_fair": 143.05,
            "eps_avg_yearly": 9.31,
            "eps_latest_yearly": 9.84,
            "eps_growth_yearly": 5.37
        },
        "20054": {
            "year_quarter": 20054,
            "year": 2005,
            "quarter": 4,
            "eps": 2.37,
            "eps_growth_year": 20.92,
            "eps_4q": 8.49,
            "eps_4q_growth_year": 2.21,
            "roe": 12.19,
            "roe_4q": 49.19,
            "gross_profit": 162056,
            "gross_margin": 66.9,
            "gross_margin_4q_avg": 65.01,
            "net_income": 113940,
            "net_income_4q": null,
            "revenue": 242242,
            "revenue_4q": null,
            "common_shares": 481252,
            "book_valuer_per_share": 20.6,
            "book_valuer_per_share_4q_avg": 20.05,
            "equity": 991357,
            "current_ratio": 912.44,
            "debt_ratio": 10.26,
            "inventory_turnover_ratio": 0.78,
            "account_receivable_turnover_ratio": null,
            "reinvestment_rate": null,
            "research_to_sale_ratio": null,
            "price_fair": 122.61,
            "eps_avg_yearly": 9.33,
            "eps_latest_yearly": 9.48,
            "eps_growth_yearly": 3.14
        },
        "20061": {
            "year_quarter": 20061,
            "year": 2006,
            "quarter": 1,
            "eps": 2.54,
            "eps_growth_year": 15.98,
            "eps_4q": 9.3,
            "eps_4q_growth_year": 7.24,
            "roe": 11.6,
            "roe_4q": 50.010000000000005,
            "gross_profit": 183632,
            "gross_margin": 65.1,
            "gross_margin_4q_avg": 65.25,
            "net_income": 122067,
            "net_income_4q": null,
            "revenue": 282055,
            "revenue_4q": null,
            "common_shares": 481252,
            "book_valuer_per_share": 23.14,
            "book_valuer_per_share_4q_avg": 20.47,
            "equity": 1113424,
            "current_ratio": 1043.41,
            "debt_ratio": 10.85,
            "inventory_turnover_ratio": 1.09,
            "account_receivable_turnover_ratio": null,
            "reinvestment_rate": null,
            "research_to_sale_ratio": null,
            "price_fair": 147.75,
            "eps_avg_yearly": 9.41,
            "eps_latest_yearly": 10.16,
            "eps_growth_yearly": 5.7
        },
        "20062": {
            "year_quarter": 20062,
            "year": 2006,
            "quarter": 2,
            "eps": 2.63,
            "eps_growth_year": 36.98,
            "eps_4q": 10,
            "eps_4q_growth_year": 44.94,
            "roe": 12.95,
            "roe_4q": 51.23,
            "gross_profit": 176318,
            "gross_margin": 65.09,
            "gross_margin_4q_avg": 65.45,
            "net_income": 126422,
            "net_income_4q": null,
            "revenue": 270898,
            "revenue_4q": null,
            "common_shares": 481252,
            "book_valuer_per_share": 17.45,
            "book_valuer_per_share_4q_avg": 19.86,
            "equity": 839572,
            "current_ratio": 248.96,
            "debt_ratio": 38.91,
            "inventory_turnover_ratio": 1.41,
            "account_receivable_turnover_ratio": null,
            "reinvestment_rate": null,
            "research_to_sale_ratio": null,
            "price_fair": 156.66,
            "eps_avg_yearly": 9.51,
            "eps_latest_yearly": 10.52,
            "eps_growth_yearly": 6.47
        },
        "20063": {
            "year_quarter": 20063,
            "year": 2006,
            "quarter": 3,
            "eps": 2.93,
            "eps_growth_year": 19.11,
            "eps_4q": 10.45,
            "eps_4q_growth_year": 36.43,
            "roe": 15.51,
            "roe_4q": 52.25,
            "gross_profit": 193224,
            "gross_margin": 67.16,
            "gross_margin_4q_avg": 66.06,
            "net_income": 141204,
            "net_income_4q": null,
            "revenue": 287701,
            "revenue_4q": null,
            "common_shares": 481252,
            "book_valuer_per_share": 20.4,
            "book_valuer_per_share_4q_avg": 20.4,
            "equity": 981742,
            "current_ratio": 913.43,
            "debt_ratio": 13.35,
            "inventory_turnover_ratio": 1.16,
            "account_receivable_turnover_ratio": null,
            "reinvestment_rate": null,
            "research_to_sale_ratio": null,
            "price_fair": 191.33,
            "eps_avg_yearly": 9.7,
            "eps_latest_yearly": 11.72,
            "eps_growth_yearly": 9.73
        },
        "20064": {
            "year_quarter": 20064,
            "year": 2006,
            "quarter": 4,
            "eps": 3.07,
            "eps_growth_year": 29.54,
            "eps_4q": 11.17,
            "eps_4q_growth_year": 31.58,
            "roe": 13.99,
            "roe_4q": 54.050000000000004,
            "gross_profit": 200606,
            "gross_margin": 66.64,
            "gross_margin_4q_avg": 66,
            "net_income": 147617,
            "net_income_4q": null,
            "revenue": 301016,
            "revenue_4q": null,
            "common_shares": 481252,
            "book_valuer_per_share": 23.46,
            "book_valuer_per_share_4q_avg": 21.11,
            "equity": 1128825,
            "current_ratio": 1237.02,
            "debt_ratio": 7.55,
            "inventory_turnover_ratio": 1.03,
            "account_receivable_turnover_ratio": null,
            "reinvestment_rate": null,
            "research_to_sale_ratio": null,
            "price_fair": 202.39,
            "eps_avg_yearly": 9.9,
            "eps_latest_yearly": 12.28,
            "eps_growth_yearly": 10.45
        },
        "20071": {
            "year_quarter": 20071,
            "year": 2007,
            "quarter": 1,
            "eps": 2.92,
            "eps_growth_year": 14.96,
            "eps_4q": 11.55,
            "eps_4q_growth_year": 24.19,
            "roe": 11.72,
            "roe_4q": 54.17,
            "gross_profit": 216651,
            "gross_margin": 66.07,
            "gross_margin_4q_avg": 66.24,
            "net_income": 140551,
            "net_income_4q": null,
            "revenue": 327927,
            "revenue_4q": null,
            "common_shares": 481252,
            "book_valuer_per_share": 26.39,
            "book_valuer_per_share_4q_avg": 21.93,
            "equity": 1270143,
            "current_ratio": 984.43,
            "debt_ratio": 13.46,
            "inventory_turnover_ratio": 1.09,
            "account_receivable_turnover_ratio": null,
            "reinvestment_rate": null,
            "research_to_sale_ratio": null,
            "price_fair": 183.53,
            "eps_avg_yearly": 10.02,
            "eps_latest_yearly": 11.68,
            "eps_growth_yearly": 8.31
        },
        "20072": {
            "year_quarter": 20072,
            "year": 2007,
            "quarter": 2,
            "eps": 3.6,
            "eps_growth_year": 36.88,
            "eps_4q": 12.52,
            "eps_4q_growth_year": 25.11,
            "roe": 15.56,
            "roe_4q": 56.78,
            "gross_profit": 243068,
            "gross_margin": 66.76,
            "gross_margin_4q_avg": 66.66,
            "net_income": 173354,
            "net_income_4q": null,
            "revenue": 364080,
            "revenue_4q": null,
            "common_shares": 481252,
            "book_valuer_per_share": 19.92,
            "book_valuer_per_share_4q_avg": 22.54,
            "equity": 958485,
            "current_ratio": 247.45,
            "debt_ratio": 41.39,
            "inventory_turnover_ratio": 1.24,
            "account_receivable_turnover_ratio": null,
            "reinvestment_rate": 0.38,
            "research_to_sale_ratio": null,
            "price_fair": 247.21,
            "eps_avg_yearly": 10.31,
            "eps_latest_yearly": 14.4,
            "eps_growth_yearly": 13.97
        },
        "20073": {
            "year_quarter": 20073,
            "year": 2007,
            "quarter": 3,
            "eps": 3.95,
            "eps_growth_year": 34.81,
            "eps_4q": 13.53,
            "eps_4q_growth_year": 29.45,
            "roe": 18.05,
            "roe_4q": 59.32,
            "gross_profit": 235931,
            "gross_margin": 66.99,
            "gross_margin_4q_avg": 66.62,
            "net_income": 190328,
            "net_income_4q": null,
            "revenue": 352205,
            "revenue_4q": null,
            "common_shares": 481252,
            "book_valuer_per_share": 23.91,
            "book_valuer_per_share_4q_avg": 23.42,
            "equity": 1150798,
            "current_ratio": 1001.5,
            "debt_ratio": 14.62,
            "inventory_turnover_ratio": 1.23,
            "account_receivable_turnover_ratio": null,
            "reinvestment_rate": -0,
            "research_to_sale_ratio": null,
            "price_fair": 272.03,
            "eps_avg_yearly": 10.66,
            "eps_latest_yearly": 15.8,
            "eps_growth_yearly": 15.52
        },
        "20074": {
            "year_quarter": 20074,
            "year": 2007,
            "quarter": 4,
            "eps": 3.7,
            "eps_growth_year": 20.52,
            "eps_4q": 14.19,
            "eps_4q_growth_year": 27,
            "roe": 14.33,
            "roe_4q": 59.660000000000004,
            "gross_profit": 263031,
            "gross_margin": 66.53,
            "gross_margin_4q_avg": 66.59,
            "net_income": 177822,
            "net_income_4q": null,
            "revenue": 395335,
            "revenue_4q": null,
            "common_shares": 481252,
            "book_valuer_per_share": 27.64,
            "book_valuer_per_share_4q_avg": 24.47,
            "equity": 1330334,
            "current_ratio": 1164.01,
            "debt_ratio": 8.2,
            "inventory_turnover_ratio": 1.17,
            "account_receivable_turnover_ratio": null,
            "reinvestment_rate": 0.13,
            "research_to_sale_ratio": null,
            "price_fair": 337.95,
            "eps_avg_yearly": 11.05,
            "eps_latest_yearly": 14.8,
            "eps_growth_yearly": 20.6
        },
        "20081": {
            "year_quarter": 20081,
            "year": 2008,
            "quarter": 1,
            "eps": 2.94,
            "eps_growth_year": 0.68,
            "eps_4q": 14.2,
            "eps_4q_growth_year": 22.94,
            "roe": 10.11,
            "roe_4q": 58.05,
            "gross_profit": 252820,
            "gross_margin": 66.12,
            "gross_margin_4q_avg": 66.6,
            "net_income": 141440,
            "net_income_4q": null,
            "revenue": 382382,
            "revenue_4q": null,
            "common_shares": 481252,
            "book_valuer_per_share": 30.5,
            "book_valuer_per_share_4q_avg": 25.49,
            "equity": 1467743,
            "current_ratio": 1037.61,
            "debt_ratio": 9.19,
            "inventory_turnover_ratio": 0.99,
            "account_receivable_turnover_ratio": null,
            "reinvestment_rate": 0.16,
            "research_to_sale_ratio": null,
            "price_fair": 109.28,
            "eps_avg_yearly": 10.93,
            "eps_latest_yearly": 11.76,
            "eps_growth_yearly": 0.81
        },
        "20082": {
            "year_quarter": 20082,
            "year": 2008,
            "quarter": 2,
            "eps": 3.56,
            "eps_growth_year": -1.11,
            "eps_4q": 14.15,
            "eps_4q_growth_year": 13.08,
            "roe": 13.74,
            "roe_4q": 56.230000000000004,
            "gross_profit": 281738,
            "gross_margin": 68.38,
            "gross_margin_4q_avg": 67.01,
            "net_income": 171237,
            "net_income_4q": null,
            "revenue": 412014,
            "revenue_4q": null,
            "common_shares": 481252,
            "book_valuer_per_share": 21.3,
            "book_valuer_per_share_4q_avg": 25.84,
            "equity": 1024904,
            "current_ratio": 215.36,
            "debt_ratio": 45.46,
            "inventory_turnover_ratio": 0.97,
            "account_receivable_turnover_ratio": null,
            "reinvestment_rate": 5.24,
            "research_to_sale_ratio": null,
            "price_fair": 264.36,
            "eps_avg_yearly": 11.22,
            "eps_latest_yearly": 14.24,
            "eps_growth_yearly": 13.56
        },
        "20083": {
            "year_quarter": 20083,
            "year": 2008,
            "quarter": 3,
            "eps": 3.53,
            "eps_growth_year": -10.63,
            "eps_4q": 13.72,
            "eps_4q_growth_year": 1.41,
            "roe": 15.28,
            "roe_4q": 53.459999999999994,
            "gross_profit": 279502,
            "gross_margin": 68.58,
            "gross_margin_4q_avg": 67.4,
            "net_income": 169924,
            "net_income_4q": null,
            "revenue": 407529,
            "revenue_4q": null,
            "common_shares": 481252,
            "book_valuer_per_share": 24.91,
            "book_valuer_per_share_4q_avg": 26.09,
            "equity": 1198607,
            "current_ratio": 624.14,
            "debt_ratio": 18.75,
            "inventory_turnover_ratio": 0.94,
            "account_receivable_turnover_ratio": null,
            "reinvestment_rate": 5.76,
            "research_to_sale_ratio": null,
            "price_fair": 300.36,
            "eps_avg_yearly": 11.57,
            "eps_latest_yearly": 14.12,
            "eps_growth_yearly": 15.97
        },
        "20084": {
            "year_quarter": 20084,
            "year": 2008,
            "quarter": 4,
            "eps": 2.46,
            "eps_growth_year": -33.51,
            "eps_4q": 12.49,
            "eps_4q_growth_year": -11.96,
            "roe": 9.38,
            "roe_4q": 48.51,
            "gross_profit": 231632,
            "gross_margin": 67.71,
            "gross_margin_4q_avg": 67.7,
            "net_income": 118320,
            "net_income_4q": null,
            "revenue": 342113,
            "revenue_4q": null,
            "common_shares": 481252,
            "book_valuer_per_share": 27.52,
            "book_valuer_per_share_4q_avg": 26.06,
            "equity": 1324274,
            "current_ratio": 765.16,
            "debt_ratio": 29.18,
            "inventory_turnover_ratio": 0.87,
            "account_receivable_turnover_ratio": null,
            "reinvestment_rate": 5.7,
            "research_to_sale_ratio": null,
            "price_fair": 239.59,
            "eps_avg_yearly": 11.69,
            "eps_latest_yearly": 9.84,
            "eps_growth_yearly": 10.49
        },
        "20091": {
            "year_quarter": 20091,
            "year": 2009,
            "quarter": 1,
            "eps": 2.31,
            "eps_growth_year": -21.43,
            "eps_4q": 11.88,
            "eps_4q_growth_year": -16.34,
            "roe": 8.04,
            "roe_4q": 46.440000000000005,
            "gross_profit": 221722,
            "gross_margin": 69.6,
            "gross_margin_4q_avg": 68.57,
            "net_income": 110961,
            "net_income_4q": null,
            "revenue": 318585,
            "revenue_4q": null,
            "common_shares": 481252,
            "book_valuer_per_share": 29.85,
            "book_valuer_per_share_4q_avg": 25.9,
            "equity": 1436473,
            "current_ratio": 724.78,
            "debt_ratio": 25.4,
            "inventory_turnover_ratio": 0.86,
            "account_receivable_turnover_ratio": null,
            "reinvestment_rate": 5.77,
            "research_to_sale_ratio": null,
            "price_fair": 187.94,
            "eps_avg_yearly": 11.72,
            "eps_latest_yearly": 9.24,
            "eps_growth_yearly": 6.03
        },
        "20092": {
            "year_quarter": 20092,
            "year": 2009,
            "quarter": 2,
            "eps": 1.73,
            "eps_growth_year": -51.4,
            "eps_4q": 10.05,
            "eps_4q_growth_year": -29,
            "roe": 6.71,
            "roe_4q": 39.410000000000004,
            "gross_profit": 209885,
            "gross_margin": 67.57,
            "gross_margin_4q_avg": 68.37,
            "net_income": 83017,
            "net_income_4q": null,
            "revenue": 310621,
            "revenue_4q": null,
            "common_shares": 481252,
            "book_valuer_per_share": 21.57,
            "book_valuer_per_share_4q_avg": 25.96,
            "equity": 1038283,
            "current_ratio": 237.42,
            "debt_ratio": 48.59,
            "inventory_turnover_ratio": 1.04,
            "account_receivable_turnover_ratio": 6.3,
            "reinvestment_rate": 5.67,
            "research_to_sale_ratio": null,
            "price_fair": 149.88,
            "eps_avg_yearly": 11.68,
            "eps_latest_yearly": 6.92,
            "eps_growth_yearly": 2.84
        },
        "20093": {
            "year_quarter": 20093,
            "year": 2009,
            "quarter": 3,
            "eps": 1.95,
            "eps_growth_year": -44.76,
            "eps_4q": 8.44,
            "eps_4q_growth_year": -38.47,
            "roe": 8.65,
            "roe_4q": 32.78,
            "gross_profit": 200497,
            "gross_margin": 64.97,
            "gross_margin_4q_avg": 67.46,
            "net_income": 93812,
            "net_income_4q": null,
            "revenue": 308618,
            "revenue_4q": null,
            "common_shares": 481252,
            "book_valuer_per_share": 23.52,
            "book_valuer_per_share_4q_avg": 25.62,
            "equity": 1131818,
            "current_ratio": 633.56,
            "debt_ratio": 29.78,
            "inventory_turnover_ratio": 1.06,
            "account_receivable_turnover_ratio": 3.19,
            "reinvestment_rate": 5.55,
            "research_to_sale_ratio": null,
            "price_fair": 34.64,
            "eps_avg_yearly": 11.55,
            "eps_latest_yearly": 7.8,
            "eps_growth_yearly": -1.01
        },
        "20094": {
            "year_quarter": 20094,
            "year": 2009,
            "quarter": 4,
            "eps": 2.17,
            "eps_growth_year": -11.79,
            "eps_4q": 8.16,
            "eps_4q_growth_year": -34.69,
            "roe": 8.81,
            "roe_4q": 32.21,
            "gross_profit": 218240,
            "gross_margin": 68.4,
            "gross_margin_4q_avg": 67.64,
            "net_income": 104272,
            "net_income_4q": null,
            "revenue": 319051,
            "revenue_4q": null,
            "common_shares": 481252,
            "book_valuer_per_share": 25.65,
            "book_valuer_per_share_4q_avg": 25.15,
            "equity": 1234454,
            "current_ratio": 844.41,
            "debt_ratio": 26.24,
            "inventory_turnover_ratio": 0.92,
            "account_receivable_turnover_ratio": 3.45,
            "reinvestment_rate": 5.44,
            "research_to_sale_ratio": null,
            "price_fair": 146.26,
            "eps_avg_yearly": 11.5,
            "eps_latest_yearly": 8.68,
            "eps_growth_yearly": 2.72
        },
        "20101": {
            "year_quarter": 20101,
            "year": 2010,
            "quarter": 1,
            "eps": null,
            "eps_growth_year": null,
            "eps_4q": null,
            "eps_4q_growth_year": null,
            "roe": null,
            "roe_4q": 24.17,
            "gross_profit": 198629,
            "gross_margin": null,
            "gross_margin_4q_avg": 50.24,
            "net_income": 63816,
            "net_income_4q": null,
            "revenue": 301416,
            "revenue_4q": null,
            "common_shares": 481252,
            "book_valuer_per_share": 27.02,
            "book_valuer_per_share_4q_avg": 24.44,
            "equity": 1309483,
            "current_ratio": 666.75,
            "debt_ratio": 27.77,
            "inventory_turnover_ratio": null,
            "account_receivable_turnover_ratio": null,
            "reinvestment_rate": null,
            "research_to_sale_ratio": null,
            "price_fair": 115.87,
            "eps_avg_yearly": 11.59,
            "eps_latest_yearly": 8.68,
            "eps_growth_yearly": 0.99
        },
        "20102": {
            "year_quarter": 20102,
            "year": 2010,
            "quarter": 2,
            "eps": 1.57,
            "eps_growth_year": -9.07,
            "eps_4q": 5.69,
            "eps_4q_growth_year": -43.39,
            "roe": 6.51,
            "roe_4q": 23.97,
            "gross_profit": 216523,
            "gross_margin": 65.49,
            "gross_margin_4q_avg": 49.72,
            "net_income": 75705,
            "net_income_4q": null,
            "revenue": 330607,
            "revenue_4q": null,
            "common_shares": 481252,
            "book_valuer_per_share": 20.65,
            "book_valuer_per_share_4q_avg": 24.21,
            "equity": 1015068,
            "current_ratio": 188.7,
            "debt_ratio": 47.34,
            "inventory_turnover_ratio": 0.67,
            "account_receivable_turnover_ratio": 2.31,
            "reinvestment_rate": 12.58,
            "research_to_sale_ratio": null,
            "price_fair": 116.63,
            "eps_avg_yearly": 11.66,
            "eps_latest_yearly": 8.68,
            "eps_growth_yearly": 0.05
        },
        "20103": {
            "year_quarter": 20103,
            "year": 2010,
            "quarter": 3,
            "eps": 2.45,
            "eps_growth_year": 25.66,
            "eps_4q": 6.19,
            "eps_4q_growth_year": -26.67,
            "roe": 10.79,
            "roe_4q": 26.11,
            "gross_profit": 216350,
            "gross_margin": 64.07,
            "gross_margin_4q_avg": 49.49,
            "net_income": 115839,
            "net_income_4q": null,
            "revenue": 337680,
            "revenue_4q": null,
            "common_shares": 481252,
            "book_valuer_per_share": 23.11,
            "book_valuer_per_share_4q_avg": 24.11,
            "equity": 1131491,
            "current_ratio": 277.6,
            "debt_ratio": 31.54,
            "inventory_turnover_ratio": 0.5,
            "account_receivable_turnover_ratio": 1.18,
            "reinvestment_rate": 12.77,
            "research_to_sale_ratio": 15.07,
            "price_fair": 262.82,
            "eps_avg_yearly": 11.53,
            "eps_latest_yearly": 9.8,
            "eps_growth_yearly": 12.8
        },
        "20104": {
            "year_quarter": 20104,
            "year": 2010,
            "quarter": 4,
            "eps": 0.62,
            "eps_growth_year": -71.34,
            "eps_4q": 4.65,
            "eps_4q_growth_year": -43.07,
            "roe": 2.45,
            "roe_4q": 19.75,
            "gross_profit": 206011,
            "gross_margin": 61.21,
            "gross_margin_4q_avg": 47.69,
            "net_income": 27991,
            "net_income_4q": null,
            "revenue": 336564,
            "revenue_4q": null,
            "common_shares": 481252,
            "book_valuer_per_share": 23.61,
            "book_valuer_per_share_4q_avg": 23.6,
            "equity": 1153411,
            "current_ratio": 293.46,
            "debt_ratio": 29.87,
            "inventory_turnover_ratio": 0.46,
            "account_receivable_turnover_ratio": 1.18,
            "reinvestment_rate": 12.71,
            "research_to_sale_ratio": 15.14,
            "price_fair": 32.48,
            "eps_avg_yearly": 10.83,
            "eps_latest_yearly": 2.48,
            "eps_growth_yearly": -9.9
        },
        "20111": {
            "year_quarter": 20111,
            "year": 2011,
            "quarter": 1,
            "eps": 2.57,
            "eps_growth_year": null,
            "eps_4q": 7.22,
            "eps_4q_growth_year": null,
            "roe": 9.96,
            "roe_4q": 29.71,
            "gross_profit": 231856,
            "gross_margin": 63.61,
            "gross_margin_4q_avg": 63.6,
            "net_income": 120952,
            "net_income_4q": null,
            "revenue": 364504,
            "revenue_4q": null,
            "common_shares": 481252,
            "book_valuer_per_share": 26.22,
            "book_valuer_per_share_4q_avg": 23.4,
            "equity": 1276448,
            "current_ratio": 286.3,
            "debt_ratio": 31.07,
            "inventory_turnover_ratio": 0.4,
            "account_receivable_turnover_ratio": 1.19,
            "reinvestment_rate": 13.22,
            "research_to_sale_ratio": 18.12,
            "price_fair": 375.4,
            "eps_avg_yearly": 10.73,
            "eps_latest_yearly": 10.28,
            "eps_growth_yearly": 81.35
        },
        "20112": {
            "year_quarter": 20112,
            "year": 2011,
            "quarter": 2,
            "eps": 1.82,
            "eps_growth_year": 15.78,
            "eps_4q": 6.95,
            "eps_4q_growth_year": 22.21,
            "roe": 7.9,
            "roe_4q": 31.099999999999998,
            "gross_profit": 247857,
            "gross_margin": 60.62,
            "gross_margin_4q_avg": 62.38,
            "net_income": 95017,
            "net_income_4q": null,
            "revenue": 408841,
            "revenue_4q": null,
            "common_shares": 481272,
            "book_valuer_per_share": 23.22,
            "book_valuer_per_share_4q_avg": 24.04,
            "equity": 1130455,
            "current_ratio": 217.97,
            "debt_ratio": 41.34,
            "inventory_turnover_ratio": 0.42,
            "account_receivable_turnover_ratio": 1.15,
            "reinvestment_rate": 13.18,
            "research_to_sale_ratio": 12.09,
            "price_fair": 357.6,
            "eps_avg_yearly": 10.22,
            "eps_latest_yearly": 7.28,
            "eps_growth_yearly": 66.36
        },
        "20113": {
            "year_quarter": 20113,
            "year": 2011,
            "quarter": 3,
            "eps": 2.24,
            "eps_growth_year": -8.56,
            "eps_4q": 6.94,
            "eps_4q_growth_year": 12.05,
            "roe": 9.78,
            "roe_4q": 30.09,
            "gross_profit": 251774,
            "gross_margin": 59.55,
            "gross_margin_4q_avg": 61.25,
            "net_income": 118096,
            "net_income_4q": null,
            "revenue": 422819,
            "revenue_4q": null,
            "common_shares": 532746,
            "book_valuer_per_share": 23.9,
            "book_valuer_per_share_4q_avg": 24.24,
            "equity": 1284778,
            "current_ratio": 309.28,
            "debt_ratio": 28.77,
            "inventory_turnover_ratio": 0.43,
            "account_receivable_turnover_ratio": 1.07,
            "reinvestment_rate": 14.48,
            "research_to_sale_ratio": 13.79,
            "price_fair": 340.5,
            "eps_avg_yearly": 9.73,
            "eps_latest_yearly": 8.96,
            "eps_growth_yearly": 70.18
        },
        "20114": {
            "year_quarter": 20114,
            "year": 2011,
            "quarter": 4,
            "eps": 2.06,
            "eps_growth_year": 230.67,
            "eps_4q": 8.1,
            "eps_4q_growth_year": 74.46,
            "roe": 7.78,
            "roe_4q": 35.42,
            "gross_profit": 272890,
            "gross_margin": 58.97,
            "gross_margin_4q_avg": 60.69,
            "net_income": 114155,
            "net_income_4q": null,
            "revenue": 462790,
            "revenue_4q": null,
            "common_shares": 561500,
            "book_valuer_per_share": 29.21,
            "book_valuer_per_share_4q_avg": 25.64,
            "equity": 1650346,
            "current_ratio": 557.79,
            "debt_ratio": 16.11,
            "inventory_turnover_ratio": 0.48,
            "account_receivable_turnover_ratio": 1.16,
            "reinvestment_rate": 20.75,
            "research_to_sale_ratio": 13.02,
            "price_fair": 324.1,
            "eps_avg_yearly": 9.26,
            "eps_latest_yearly": 8.24,
            "eps_growth_yearly": 69.69
        },
        "20121": {
            "year_quarter": 20121,
            "year": 2012,
            "quarter": 1,
            "eps": 1.81,
            "eps_growth_year": -29.57,
            "eps_4q": 7.71,
            "eps_4q_growth_year": 6.87,
            "roe": 5.85,
            "roe_4q": 31.309999999999995,
            "gross_profit": 247474,
            "gross_margin": 56.22,
            "gross_margin_4q_avg": 58.84,
            "net_income": 99368,
            "net_income_4q": null,
            "revenue": 440167,
            "revenue_4q": null,
            "common_shares": 561500,
            "book_valuer_per_share": 30.94,
            "book_valuer_per_share_4q_avg": 26.82,
            "equity": 1745043,
            "current_ratio": 573.77,
            "debt_ratio": 15.78,
            "inventory_turnover_ratio": 0.49,
            "account_receivable_turnover_ratio": 1.09,
            "reinvestment_rate": 20.98,
            "research_to_sale_ratio": 12.64,
            "price_fair": 312.8,
            "eps_avg_yearly": 8.94,
            "eps_latest_yearly": 7.24,
            "eps_growth_yearly": 72.09
        },
        "20122": {
            "year_quarter": 20122,
            "year": 2012,
            "quarter": 2,
            "eps": 2.14,
            "eps_growth_year": 17.64,
            "eps_4q": 7.96,
            "eps_4q_growth_year": 14.55,
            "roe": 7.63,
            "roe_4q": 31.04,
            "gross_profit": 287759,
            "gross_margin": 57.49,
            "gross_margin_4q_avg": 58.06,
            "net_income": 122843,
            "net_income_4q": null,
            "revenue": 500509,
            "revenue_4q": null,
            "common_shares": 561500,
            "book_valuer_per_share": 26.15,
            "book_valuer_per_share_4q_avg": 27.55,
            "equity": 1475077,
            "current_ratio": 256.15,
            "debt_ratio": 35.65,
            "inventory_turnover_ratio": 0.46,
            "account_receivable_turnover_ratio": 1.11,
            "reinvestment_rate": 14.56,
            "research_to_sale_ratio": 12.8,
            "price_fair": 298.6,
            "eps_avg_yearly": 8.53,
            "eps_latest_yearly": 8.56,
            "eps_growth_yearly": 71.28
        },
        "20123": {
            "year_quarter": 20123,
            "year": 2012,
            "quarter": 3,
            "eps": 2.31,
            "eps_growth_year": 2.9,
            "eps_4q": 8.21,
            "eps_4q_growth_year": 18.31,
            "roe": 8.6,
            "roe_4q": 29.86,
            "gross_profit": 293611,
            "gross_margin": 58.66,
            "gross_margin_4q_avg": 57.84,
            "net_income": 132420,
            "net_income_4q": null,
            "revenue": 500568,
            "revenue_4q": null,
            "common_shares": 578345,
            "book_valuer_per_share": 27.66,
            "book_valuer_per_share_4q_avg": 28.49,
            "equity": 1605855,
            "current_ratio": 591.63,
            "debt_ratio": 15.16,
            "inventory_turnover_ratio": 0.38,
            "account_receivable_turnover_ratio": 1.07,
            "reinvestment_rate": 13.36,
            "research_to_sale_ratio": 13.37,
            "price_fair": 286.4,
            "eps_avg_yearly": 8.18,
            "eps_latest_yearly": 9.24,
            "eps_growth_yearly": 73.79
        },
        "20124": {
            "year_quarter": 20124,
            "year": 2012,
            "quarter": 4,
            "eps": 2.56,
            "eps_growth_year": 24.28,
            "eps_4q": 8.77,
            "eps_4q_growth_year": 8.15,
            "roe": 8.75,
            "roe_4q": 30.83,
            "gross_profit": 322767,
            "gross_margin": 56.36,
            "gross_margin_4q_avg": 57.18,
            "net_income": 146851,
            "net_income_4q": null,
            "revenue": 572725,
            "revenue_4q": null,
            "common_shares": 578345,
            "book_valuer_per_share": 30.19,
            "book_valuer_per_share_4q_avg": 28.74,
            "equity": 1750779,
            "current_ratio": 729.3,
            "debt_ratio": 12.41,
            "inventory_turnover_ratio": 0.48,
            "account_receivable_turnover_ratio": 1.23,
            "reinvestment_rate": 11.35,
            "research_to_sale_ratio": 9.99,
            "price_fair": 287.4,
            "eps_avg_yearly": 8.21,
            "eps_latest_yearly": 10.24,
            "eps_growth_yearly": 85.54
        },
        "20131": {
            "year_quarter": 20131,
            "year": 2013,
            "quarter": 1,
            "eps": 2.45,
            "eps_growth_year": 35.36,
            "eps_4q": 9.45,
            "eps_4q_growth_year": 22.51,
            "roe": 7.72,
            "roe_4q": 32.7,
            "gross_profit": 274060,
            "gross_margin": 55.03,
            "gross_margin_4q_avg": 56.89,
            "net_income": 140511,
            "net_income_4q": null,
            "revenue": 497982,
            "revenue_4q": null,
            "common_shares": 578345,
            "book_valuer_per_share": 32.62,
            "book_valuer_per_share_4q_avg": 29.16,
            "equity": 1890438,
            "current_ratio": 508.99,
            "debt_ratio": 17.66,
            "inventory_turnover_ratio": 0.46,
            "account_receivable_turnover_ratio": 1.58,
            "reinvestment_rate": 0.04,
            "research_to_sale_ratio": 10.65,
            "price_fair": 288.8,
            "eps_avg_yearly": 8.25,
            "eps_latest_yearly": 9.8,
            "eps_growth_yearly": 86.05
        },
        "20132": {
            "year_quarter": 20132,
            "year": 2013,
            "quarter": 2,
            "eps": 2.48,
            "eps_growth_year": 15.75,
            "eps_4q": 9.12,
            "eps_4q_growth_year": 14.49,
            "roe": 8.8,
            "roe_4q": 33.87,
            "gross_profit": 333266,
            "gross_margin": 56.15,
            "gross_margin_4q_avg": 56.55,
            "net_income": 156256,
            "net_income_4q": null,
            "revenue": 593511,
            "revenue_4q": null,
            "common_shares": 578345,
            "book_valuer_per_share": 28.65,
            "book_valuer_per_share_4q_avg": 29.78,
            "equity": 1659684,
            "current_ratio": 272.29,
            "debt_ratio": 33.09,
            "inventory_turnover_ratio": 0.47,
            "account_receivable_turnover_ratio": 3.65,
            "reinvestment_rate": 0.3,
            "research_to_sale_ratio": 12.28,
            "price_fair": 296.3,
            "eps_avg_yearly": 8.47,
            "eps_latest_yearly": 9.92,
            "eps_growth_yearly": 93.58
        },
        "20133": {
            "year_quarter": 20133,
            "year": 2013,
            "quarter": 3,
            "eps": 2.36,
            "eps_growth_year": 2.36,
            "eps_4q": 9.38,
            "eps_4q_growth_year": 14.35,
            "roe": 8.63,
            "roe_4q": 33.9,
            "gross_profit": 329445,
            "gross_margin": 54.31,
            "gross_margin_4q_avg": 55.46,
            "net_income": 149548,
            "net_income_4q": null,
            "revenue": 606551,
            "revenue_4q": null,
            "common_shares": 636179,
            "book_valuer_per_share": 28.38,
            "book_valuer_per_share_4q_avg": 29.96,
            "equity": 1807565,
            "current_ratio": 423.25,
            "debt_ratio": 21.13,
            "inventory_turnover_ratio": 0.4,
            "account_receivable_turnover_ratio": 3.24,
            "reinvestment_rate": -0.04,
            "research_to_sale_ratio": 11.13,
            "price_fair": 300.4,
            "eps_avg_yearly": 8.58,
            "eps_latest_yearly": 9.44,
            "eps_growth_yearly": 88.56
        },
        "20134": {
            "year_quarter": 20134,
            "year": 2013,
            "quarter": 4,
            "eps": 2.09,
            "eps_growth_year": -18.18,
            "eps_4q": 9.15,
            "eps_4q_growth_year": 4.41,
            "roe": 7.07,
            "roe_4q": 32.22,
            "gross_profit": 304682,
            "gross_margin": 54.41,
            "gross_margin_4q_avg": 54.98,
            "net_income": 132500,
            "net_income_4q": null,
            "revenue": 559928,
            "revenue_4q": null,
            "common_shares": 636179,
            "book_valuer_per_share": 30.44,
            "book_valuer_per_share_4q_avg": 30.02,
            "equity": 1938125,
            "current_ratio": 522.09,
            "debt_ratio": 17.24,
            "inventory_turnover_ratio": 0.3,
            "account_receivable_turnover_ratio": 3.16,
            "reinvestment_rate": 0.09,
            "research_to_sale_ratio": 12.03,
            "price_fair": 299.6,
            "eps_avg_yearly": 8.56,
            "eps_latest_yearly": 8.36,
            "eps_growth_yearly": 82.07
        },
        "20141": {
            "year_quarter": 20141,
            "year": 2014,
            "quarter": 1,
            "eps": 2.33,
            "eps_growth_year": -4.9,
            "eps_4q": 9.26,
            "eps_4q_growth_year": -1.99,
            "roe": 7.35,
            "roe_4q": 31.85,
            "gross_profit": 302171,
            "gross_margin": 55.49,
            "gross_margin_4q_avg": 55.09,
            "net_income": 148016,
            "net_income_4q": null,
            "revenue": 544530,
            "revenue_4q": null,
            "common_shares": 636179,
            "book_valuer_per_share": 32.82,
            "book_valuer_per_share_4q_avg": 30.07,
            "equity": 2089355,
            "current_ratio": 606.79,
            "debt_ratio": 14.97,
            "inventory_turnover_ratio": 0.27,
            "account_receivable_turnover_ratio": 3.23,
            "reinvestment_rate": 0.11,
            "research_to_sale_ratio": 11.17,
            "price_fair": 301.37,
            "eps_avg_yearly": 8.61,
            "eps_latest_yearly": 9.32,
            "eps_growth_yearly": 79.66
        },
        "20142": {
            "year_quarter": 20142,
            "year": 2014,
            "quarter": 2,
            "eps": 1.48,
            "eps_growth_year": -40.32,
            "eps_4q": 7.65,
            "eps_4q_growth_year": -16.08,
            "roe": 5.41,
            "roe_4q": 28.46,
            "gross_profit": 296744,
            "gross_margin": 52.44,
            "gross_margin_4q_avg": 54.16,
            "net_income": 103322,
            "net_income_4q": null,
            "revenue": 565894,
            "revenue_4q": null,
            "common_shares": 636179,
            "book_valuer_per_share": 27.2,
            "book_valuer_per_share_4q_avg": 29.71,
            "equity": 1731434,
            "current_ratio": 285.14,
            "debt_ratio": 31.72,
            "inventory_turnover_ratio": 0.3,
            "account_receivable_turnover_ratio": 3.09,
            "reinvestment_rate": -7.47,
            "research_to_sale_ratio": 10.71,
            "price_fair": 295.49,
            "eps_avg_yearly": 8.44,
            "eps_latest_yearly": 5.92,
            "eps_growth_yearly": 65.56
        },
        "20143": {
            "year_quarter": 20143,
            "year": 2014,
            "quarter": 3,
            "eps": 1.58,
            "eps_growth_year": -33.05,
            "eps_4q": 7.08,
            "eps_4q_growth_year": -24.52,
            "roe": 6.15,
            "roe_4q": 25.98,
            "gross_profit": 288444,
            "gross_margin": 52.14,
            "gross_margin_4q_avg": 53.62,
            "net_income": 110050,
            "net_income_4q": null,
            "revenue": 553254,
            "revenue_4q": null,
            "common_shares": 699797,
            "book_valuer_per_share": 26.36,
            "book_valuer_per_share_4q_avg": 29.21,
            "equity": 1850282,
            "current_ratio": 659.66,
            "debt_ratio": 13.33,
            "inventory_turnover_ratio": 0.31,
            "account_receivable_turnover_ratio": 3.01,
            "reinvestment_rate": -6.77,
            "research_to_sale_ratio": 11.08,
            "price_fair": 287.88,
            "eps_avg_yearly": 8.23,
            "eps_latest_yearly": 6.32,
            "eps_growth_yearly": 53.24
        },
        "20144": {
            "year_quarter": 20144,
            "year": 2014,
            "quarter": 4,
            "eps": 1.82,
            "eps_growth_year": -13.08,
            "eps_4q": 7,
            "eps_4q_growth_year": -23.52,
            "roe": 6.63,
            "roe_4q": 25.54,
            "gross_profit": 290259,
            "gross_margin": 51.99,
            "gross_margin_4q_avg": 53.02,
            "net_income": 127264,
            "net_income_4q": null,
            "revenue": 558336,
            "revenue_4q": null,
            "common_shares": 699797,
            "book_valuer_per_share": 28.38,
            "book_valuer_per_share_4q_avg": 28.69,
            "equity": 1991581,
            "current_ratio": 668.4,
            "debt_ratio": 13.3,
            "inventory_turnover_ratio": 0.32,
            "account_receivable_turnover_ratio": 3.47,
            "reinvestment_rate": -5.13,
            "research_to_sale_ratio": 11.36,
            "price_fair": 298.38,
            "eps_avg_yearly": 8.53,
            "eps_latest_yearly": 7.28,
            "eps_growth_yearly": 75.71
        },
        "20151": {
            "year_quarter": 20151,
            "year": 2015,
            "quarter": 1,
            "eps": 1.12,
            "eps_growth_year": -51.93,
            "eps_4q": 6,
            "eps_4q_growth_year": -35.21,
            "roe": 3.86,
            "roe_4q": 22.05,
            "gross_profit": 282992,
            "gross_margin": 53.28,
            "gross_margin_4q_avg": 52.46,
            "net_income": 78299,
            "net_income_4q": null,
            "revenue": 531191,
            "revenue_4q": null,
            "common_shares": 699797,
            "book_valuer_per_share": 29.39,
            "book_valuer_per_share_4q_avg": 27.83,
            "equity": 2061742,
            "current_ratio": 666,
            "debt_ratio": 13.28,
            "inventory_turnover_ratio": 0.32,
            "account_receivable_turnover_ratio": 3.3,
            "reinvestment_rate": -5.52,
            "research_to_sale_ratio": 11.07,
            "price_fair": 24.49,
            "eps_avg_yearly": 8.16,
            "eps_latest_yearly": 4.48,
            "eps_growth_yearly": -12.54
        },
        "20152": {
            "year_quarter": 20152,
            "year": 2015,
            "quarter": 2,
            "eps": 1.19,
            "eps_growth_year": -19.59,
            "eps_4q": 5.18,
            "eps_4q_growth_year": -32.25,
            "roe": 4.33,
            "roe_4q": 20.97,
            "gross_profit": 254645,
            "gross_margin": 49.68,
            "gross_margin_4q_avg": 51.77,
            "net_income": 82770,
            "net_income_4q": null,
            "revenue": 512563,
            "revenue_4q": null,
            "common_shares": 699797,
            "book_valuer_per_share": 25.12,
            "book_valuer_per_share_4q_avg": 27.31,
            "equity": 1762912,
            "current_ratio": 307.12,
            "debt_ratio": 29.06,
            "inventory_turnover_ratio": 0.35,
            "account_receivable_turnover_ratio": 2.9,
            "reinvestment_rate": -4.74,
            "research_to_sale_ratio": 10.98,
            "price_fair": 24.02,
            "eps_avg_yearly": 8.01,
            "eps_latest_yearly": 4.76,
            "eps_growth_yearly": -3.68
        },
        "20153": {
            "year_quarter": 20153,
            "year": 2015,
            "quarter": 3,
            "eps": 1.67,
            "eps_growth_year": 5.7,
            "eps_4q": 5.42,
            "eps_4q_growth_year": -23.43,
            "roe": 7.03,
            "roe_4q": 21.849999999999998,
            "gross_profit": 251870,
            "gross_margin": 46.43,
            "gross_margin_4q_avg": 50.35,
            "net_income": 129358,
            "net_income_4q": null,
            "revenue": 542420,
            "revenue_4q": null,
            "common_shares": 699797,
            "book_valuer_per_share": 27.32,
            "book_valuer_per_share_4q_avg": 27.55,
            "equity": 1917600,
            "current_ratio": 354.77,
            "debt_ratio": 25.37,
            "inventory_turnover_ratio": 0.4,
            "account_receivable_turnover_ratio": 2.93,
            "reinvestment_rate": -3.8,
            "research_to_sale_ratio": 12.5,
            "price_fair": 78.63,
            "eps_avg_yearly": 7.86,
            "eps_latest_yearly": 6.68,
            "eps_growth_yearly": 0.64
        },
        "20154": {
            "year_quarter": 20154,
            "year": 2015,
            "quarter": 4,
            "eps": 0.8,
            "eps_growth_year": -55.9,
            "eps_4q": 4.54,
            "eps_4q_growth_year": -35.08,
            "roe": 3.17,
            "roe_4q": 18.39,
            "gross_profit": 248054,
            "gross_margin": 46.94,
            "gross_margin_4q_avg": 49.08,
            "net_income": 61964,
            "net_income_4q": null,
            "revenue": 528398,
            "revenue_4q": null,
            "common_shares": 775567,
            "book_valuer_per_share": 25.48,
            "book_valuer_per_share_4q_avg": 26.83,
            "equity": 1997519,
            "current_ratio": 606.27,
            "debt_ratio": 14.77,
            "inventory_turnover_ratio": 0.41,
            "account_receivable_turnover_ratio": 2.73,
            "reinvestment_rate": -9.49,
            "research_to_sale_ratio": 11.74,
            "price_fair": 22.64,
            "eps_avg_yearly": 7.55,
            "eps_latest_yearly": 3.2,
            "eps_growth_yearly": -10.38
        },
        "20161": {
            "year_quarter": 20161,
            "year": 2016,
            "quarter": 1,
            "eps": 0.61,
            "eps_growth_year": -45.54,
            "eps_4q": 4.14,
            "eps_4q_growth_year": -30.99,
            "roe": 2.21,
            "roe_4q": 16.740000000000002,
            "gross_profit": 235747,
            "gross_margin": 47.61,
            "gross_margin_4q_avg": 47.67,
            "net_income": 44557,
            "net_income_4q": null,
            "revenue": 495166,
            "revenue_4q": null,
            "common_shares": 775407,
            "book_valuer_per_share": 26.04,
            "book_valuer_per_share_4q_avg": 25.99,
            "equity": 2037822,
            "current_ratio": 426.62,
            "debt_ratio": 20.94,
            "inventory_turnover_ratio": 0.36,
            "account_receivable_turnover_ratio": 2.66,
            "reinvestment_rate": -9.76,
            "research_to_sale_ratio": 13.16,
            "price_fair": 21.74,
            "eps_avg_yearly": 7.25,
            "eps_latest_yearly": 2.44,
            "eps_growth_yearly": -13.28
        },
        "20162": {
            "year_quarter": 20162,
            "year": 2016,
            "quarter": 2,
            "eps": 0.69,
            "eps_growth_year": -42.02,
            "eps_4q": 3.72,
            "eps_4q_growth_year": -28.3,
            "roe": 2.59,
            "roe_4q": 15,
            "gross_profit": 235341,
            "gross_margin": 47.03,
            "gross_margin_4q_avg": 47,
            "net_income": 49547,
            "net_income_4q": null,
            "revenue": 500373,
            "revenue_4q": null,
            "common_shares": 775407,
            "book_valuer_per_share": 22.82,
            "book_valuer_per_share_4q_avg": 25.42,
            "equity": 1784826,
            "current_ratio": 259.31,
            "debt_ratio": 34.73,
            "inventory_turnover_ratio": 0.34,
            "account_receivable_turnover_ratio": 2.64,
            "reinvestment_rate": -10.02,
            "research_to_sale_ratio": 12.96,
            "price_fair": 20.66,
            "eps_avg_yearly": 6.89,
            "eps_latest_yearly": 2.76,
            "eps_growth_yearly": -14.56
        },
        "20163": {
            "year_quarter": 20163,
            "year": 2016,
            "quarter": 3,
            "eps": 0.12,
            "eps_growth_year": -92.81,
            "eps_4q": 2.18,
            "eps_4q_growth_year": -59.8,
            "roe": 0.3,
            "roe_4q": 8.27,
            "gross_profit": 215368,
            "gross_margin": 46.16,
            "gross_margin_4q_avg": 46.94,
            "net_income": 5394,
            "net_income_4q": null,
            "revenue": 466568,
            "revenue_4q": null,
            "common_shares": 787655,
            "book_valuer_per_share": 22.54,
            "book_valuer_per_share_4q_avg": 24.22,
            "equity": 1786215,
            "current_ratio": 240.23,
            "debt_ratio": 37.63,
            "inventory_turnover_ratio": 0.32,
            "account_receivable_turnover_ratio": 2.39,
            "reinvestment_rate": -10.77,
            "research_to_sale_ratio": 14.68,
            "price_fair": 19.01,
            "eps_avg_yearly": 6.34,
            "eps_latest_yearly": 0.48,
            "eps_growth_yearly": -37.2
        },
        "20164": {
            "year_quarter": 20164,
            "year": 2016,
            "quarter": 4,
            "eps": 0.39,
            "eps_growth_year": -51.21,
            "eps_4q": 1.8,
            "eps_4q_growth_year": -60.33,
            "roe": 1.44,
            "roe_4q": 6.54,
            "gross_profit": 175195,
            "gross_margin": 39.52,
            "gross_margin_4q_avg": 45.08,
            "net_income": 25778,
            "net_income_4q": null,
            "revenue": 443357,
            "revenue_4q": null,
            "common_shares": 787655,
            "book_valuer_per_share": 22.81,
            "book_valuer_per_share_4q_avg": 23.55,
            "equity": 1792381,
            "current_ratio": 219.9,
            "debt_ratio": 41.55,
            "inventory_turnover_ratio": 0.35,
            "account_receivable_turnover_ratio": 2.42,
            "reinvestment_rate": -10.11,
            "research_to_sale_ratio": 16.85,
            "price_fair": 152.67,
            "eps_avg_yearly": 5.8,
            "eps_latest_yearly": 1.56,
            "eps_growth_yearly": 16.35
        },
        "20171": {
            "year_quarter": 20171,
            "year": 2017,
            "quarter": 1,
            "eps": -1.24,
            "eps_growth_year": -303.28,
            "eps_4q": -0.03,
            "eps_4q_growth_year": -100.83,
            "roe": -5.89,
            "roe_4q": -1.5599999999999996,
            "gross_profit": 156270,
            "gross_margin": 39.3,
            "gross_margin_4q_avg": 43,
            "net_income": -101596,
            "net_income_4q": null,
            "revenue": 397672,
            "revenue_4q": null,
            "common_shares": 772595,
            "book_valuer_per_share": 21.27,
            "book_valuer_per_share_4q_avg": 22.36,
            "equity": 1658580,
            "current_ratio": 253.04,
            "debt_ratio": 34.86,
            "inventory_turnover_ratio": 0.3,
            "account_receivable_turnover_ratio": 2.27,
            "reinvestment_rate": 2.64,
            "research_to_sale_ratio": 17.93,
            "price_fair": 158,
            "eps_avg_yearly": 5.53,
            "eps_latest_yearly": 1.56,
            "eps_growth_yearly": 18.58
        },
        "20172": {
            "year_quarter": 20172,
            "year": 2017,
            "quarter": 2,
            "eps": -0.16,
            "eps_growth_year": -123.19,
            "eps_4q": -0.77,
            "eps_4q_growth_year": -120.69,
            "roe": -1.12,
            "roe_4q": -5.2700000000000005,
            "gross_profit": 123191,
            "gross_margin": 31.56,
            "gross_margin_4q_avg": 39.14,
            "net_income": -18009,
            "net_income_4q": null,
            "revenue": 390389,
            "revenue_4q": null,
            "common_shares": 772595,
            "book_valuer_per_share": 20.19,
            "book_valuer_per_share_4q_avg": 21.7,
            "equity": 1570298,
            "current_ratio": 225.53,
            "debt_ratio": 39.41,
            "inventory_turnover_ratio": 0.32,
            "account_receivable_turnover_ratio": 2.38,
            "reinvestment_rate": 3.19,
            "research_to_sale_ratio": 16.9,
            "price_fair": 154.13,
            "eps_avg_yearly": 5.21,
            "eps_latest_yearly": 1.56,
            "eps_growth_yearly": 19.56
        },
        "20173": {
            "year_quarter": 20173,
            "year": 2017,
            "quarter": 3,
            "eps": -0.08,
            "eps_growth_year": -166.67,
            "eps_4q": -0.94,
            "eps_4q_growth_year": -143.18,
            "roe": -0.77,
            "roe_4q": -6.34,
            "gross_profit": 145777,
            "gross_margin": 35.52,
            "gross_margin_4q_avg": 36.48,
            "net_income": -12065,
            "net_income_4q": null,
            "revenue": 410384,
            "revenue_4q": null,
            "common_shares": 772595,
            "book_valuer_per_share": 20.16,
            "book_valuer_per_share_4q_avg": 21.11,
            "equity": 1561926,
            "current_ratio": 238.96,
            "debt_ratio": 37.14,
            "inventory_turnover_ratio": 0.32,
            "account_receivable_turnover_ratio": 2.37,
            "reinvestment_rate": 4.27,
            "research_to_sale_ratio": 17.16,
            "price_fair": 159.15,
            "eps_avg_yearly": 4.89,
            "eps_latest_yearly": 1.56,
            "eps_growth_yearly": 22.55
        },
        "20174": {
            "year_quarter": 20174,
            "year": 2017,
            "quarter": 4,
            "eps": -0.68,
            "eps_growth_year": -274.45,
            "eps_4q": -1.96,
            "eps_4q_growth_year": -208.49,
            "roe": -4.33,
            "roe_4q": -12.11,
            "gross_profit": 138347,
            "gross_margin": 35.55,
            "gross_margin_4q_avg": 35.48,
            "net_income": -66605,
            "net_income_4q": null,
            "revenue": 389134,
            "revenue_4q": null,
            "common_shares": 894327,
            "book_valuer_per_share": 16.74,
            "book_valuer_per_share_4q_avg": 19.59,
            "equity": 1513046,
            "current_ratio": 225.43,
            "debt_ratio": 39.67,
            "inventory_turnover_ratio": 0.3,
            "account_receivable_turnover_ratio": 2.13,
            "reinvestment_rate": 4.43,
            "research_to_sale_ratio": 20.04,
            "price_fair": 161,
            "eps_avg_yearly": 4.6,
            "eps_latest_yearly": 1.56,
            "eps_growth_yearly": 28.24
        },
        "20181": {
            "year_quarter": 20181,
            "year": 2018,
            "quarter": 1,
            "eps": -0.62,
            "eps_growth_year": null,
            "eps_4q": -1.51,
            "eps_4q_growth_year": null,
            "roe": -4.1,
            "roe_4q": -10.32,
            "gross_profit": 132245,
            "gross_margin": 38.9,
            "gross_margin_4q_avg": 35.38,
            "net_income": -60487,
            "net_income_4q": null,
            "revenue": 339996,
            "revenue_4q": null,
            "common_shares": 894327,
            "book_valuer_per_share": 15.95,
            "book_valuer_per_share_4q_avg": 18.26,
            "equity": 1436503,
            "current_ratio": 206.66,
            "debt_ratio": 43.16,
            "inventory_turnover_ratio": 0.24,
            "account_receivable_turnover_ratio": 2.07,
            "reinvestment_rate": 4.79,
            "research_to_sale_ratio": 20.46,
            "price_fair": 145.98,
            "eps_avg_yearly": 4.17,
            "eps_latest_yearly": 1.56,
            "eps_growth_yearly": 26.64
        },
        "20182": {
            "year_quarter": 20182,
            "year": 2018,
            "quarter": 2,
            "eps": 0.74,
            "eps_growth_year": null,
            "eps_4q": -0.64,
            "eps_4q_growth_year": null,
            "roe": 3.97,
            "roe_4q": -5.229999999999999,
            "gross_profit": 125573,
            "gross_margin": 31.56,
            "gross_margin_4q_avg": 35.38,
            "net_income": 58579,
            "net_income_4q": null,
            "revenue": 397884,
            "revenue_4q": null,
            "common_shares": 894327,
            "book_valuer_per_share": 16.86,
            "book_valuer_per_share_4q_avg": 17.43,
            "equity": 1511460,
            "current_ratio": 214.32,
            "debt_ratio": 41.84,
            "inventory_turnover_ratio": 0.31,
            "account_receivable_turnover_ratio": 2.39,
            "reinvestment_rate": 6.59,
            "research_to_sale_ratio": 16.42,
            "price_fair": 139.86,
            "eps_avg_yearly": 4,
            "eps_latest_yearly": 1.56,
            "eps_growth_yearly": 43.89
        },
        "20183": {
            "year_quarter": 20183,
            "year": 2018,
            "quarter": 3,
            "eps": 0.64,
            "eps_growth_year": null,
            "eps_4q": 0.07,
            "eps_4q_growth_year": null,
            "roe": 3.64,
            "roe_4q": -0.8199999999999994,
            "gross_profit": 124230,
            "gross_margin": 33.19,
            "gross_margin_4q_avg": 34.8,
            "net_income": 56222,
            "net_income_4q": null,
            "revenue": 374354,
            "revenue_4q": null,
            "common_shares": 895867,
            "book_valuer_per_share": 17.52,
            "book_valuer_per_share_4q_avg": 16.77,
            "equity": 1578938,
            "current_ratio": 213.1,
            "debt_ratio": 42.54,
            "inventory_turnover_ratio": 0.32,
            "account_receivable_turnover_ratio": 2.04,
            "reinvestment_rate": 2.81,
            "research_to_sale_ratio": 15.04,
            "price_fair": 126.7,
            "eps_avg_yearly": 3.62,
            "eps_latest_yearly": 2.56,
            "eps_growth_yearly": 35.78
        },
        "20184": {
            "year_quarter": 20184,
            "year": 2018,
            "quarter": 4,
            "eps": 0.02,
            "eps_growth_year": null,
            "eps_4q": 0.76,
            "eps_4q_growth_year": null,
            "roe": 0.13,
            "roe_4q": 3.6400000000000006,
            "gross_profit": 111664,
            "gross_margin": 30.33,
            "gross_margin_4q_avg": 33.5,
            "net_income": 2093,
            "net_income_4q": null,
            "revenue": 368151,
            "revenue_4q": null,
            "common_shares": 895257,
            "book_valuer_per_share": 17.6,
            "book_valuer_per_share_4q_avg": 16.98,
            "equity": 1586091,
            "current_ratio": 210.93,
            "debt_ratio": 43.01,
            "inventory_turnover_ratio": 0.37,
            "account_receivable_turnover_ratio": 2.13,
            "reinvestment_rate": -0.14,
            "research_to_sale_ratio": 12.14,
            "price_fair": 8.7,
            "eps_avg_yearly": 2.9,
            "eps_latest_yearly": 0.08,
            "eps_growth_yearly": -9.04
        },
        "20191": {
            "year_quarter": 20191,
            "year": 2019,
            "quarter": 1,
            "eps": 0.22,
            "eps_growth_year": null,
            "eps_4q": 1.6,
            "eps_4q_growth_year": null,
            "roe": 1.27,
            "roe_4q": 9.01,
            "gross_profit": 135285,
            "gross_margin": 37.78,
            "gross_margin_4q_avg": 33.22,
            "net_income": 20261,
            "net_income_4q": null,
            "revenue": 358078,
            "revenue_4q": null,
            "common_shares": 896635,
            "book_valuer_per_share": 17.83,
            "book_valuer_per_share_4q_avg": 17.45,
            "equity": 1609545,
            "current_ratio": 203.92,
            "debt_ratio": 46.18,
            "inventory_turnover_ratio": 0.35,
            "account_receivable_turnover_ratio": 2.27,
            "reinvestment_rate": -1.26,
            "research_to_sale_ratio": 12,
            "price_fair": 88.9,
            "eps_avg_yearly": 2.54,
            "eps_latest_yearly": 0.88,
            "eps_growth_yearly": 406.34
        },
        "20192": {
            "year_quarter": 20192,
            "year": 2019,
            "quarter": 2,
            "eps": 0.34,
            "eps_growth_year": -54.05,
            "eps_4q": 1.2,
            "eps_4q_growth_year": null,
            "roe": 1.88,
            "roe_4q": 6.92,
            "gross_profit": 128737,
            "gross_margin": 37.43,
            "gross_margin_4q_avg": 34.68,
            "net_income": 30701,
            "net_income_4q": null,
            "revenue": 343923,
            "revenue_4q": null,
            "common_shares": 896635,
            "book_valuer_per_share": 18.27,
            "book_valuer_per_share_4q_avg": 17.81,
            "equity": 1648922,
            "current_ratio": 204.7,
            "debt_ratio": 45.75,
            "inventory_turnover_ratio": 0.36,
            "account_receivable_turnover_ratio": 2.25,
            "reinvestment_rate": -4.08,
            "research_to_sale_ratio": 10.72,
            "price_fair": 77,
            "eps_avg_yearly": 2.2,
            "eps_latest_yearly": 1.36,
            "eps_growth_yearly": 425.66
        },
        "20193": {
            "year_quarter": 20193,
            "year": 2019,
            "quarter": 3,
            "eps": 0.11,
            "eps_growth_year": -82.81,
            "eps_4q": 0.68,
            "eps_4q_growth_year": 921.74,
            "roe": 0.64,
            "roe_4q": 3.92,
            "gross_profit": 147481,
            "gross_margin": 41.26,
            "gross_margin_4q_avg": 36.7,
            "net_income": 10608,
            "net_income_4q": null,
            "revenue": 357426,
            "revenue_4q": null,
            "common_shares": 898713,
            "book_valuer_per_share": 18.34,
            "book_valuer_per_share_4q_avg": 18.01,
            "equity": 1659278,
            "current_ratio": 200.85,
            "debt_ratio": 46.47,
            "inventory_turnover_ratio": 0.35,
            "account_receivable_turnover_ratio": 2.41,
            "reinvestment_rate": -26.5,
            "research_to_sale_ratio": 12.25,
            "price_fair": 55.16,
            "eps_avg_yearly": 1.58,
            "eps_latest_yearly": 0.44,
            "eps_growth_yearly": 382.47
        },
        "20194": {
            "year_quarter": 20194,
            "year": 2019,
            "quarter": 4,
            "eps": -0.44,
            "eps_growth_year": -2909.23,
            "eps_4q": 0.22,
            "eps_4q_growth_year": -70.93,
            "roe": -2.37,
            "roe_4q": 1.42,
            "gross_profit": 137440,
            "gross_margin": 42.72,
            "gross_margin_4q_avg": 39.8,
            "net_income": -38758,
            "net_income_4q": null,
            "revenue": 321698,
            "revenue_4q": null,
            "common_shares": 898645,
            "book_valuer_per_share": 17.81,
            "book_valuer_per_share_4q_avg": 18.06,
            "equity": 1612742,
            "current_ratio": 216.35,
            "debt_ratio": 42.96,
            "inventory_turnover_ratio": 0.32,
            "account_receivable_turnover_ratio": 2.42,
            "reinvestment_rate": -85.68,
            "research_to_sale_ratio": 12.39,
            "price_fair": 48.84,
            "eps_avg_yearly": 1.4,
            "eps_latest_yearly": 0.44,
            "eps_growth_yearly": 448.12
        },
        "20201": {
            "year_quarter": 20201,
            "year": 2020,
            "quarter": 1,
            "eps": 0.54,
            "eps_growth_year": 145.45,
            "eps_4q": 0.54,
            "eps_4q_growth_year": -66.48,
            "roe": 2.95,
            "roe_4q": 3.1,
            "gross_profit": 152932,
            "gross_margin": 46.58,
            "gross_margin_4q_avg": 42,
            "net_income": 48252,
            "net_income_4q": null,
            "revenue": 328301,
            "revenue_4q": null,
            "common_shares": 898645,
            "book_valuer_per_share": 18.3,
            "book_valuer_per_share_4q_avg": 18.18,
            "equity": 1657097,
            "current_ratio": 236.13,
            "debt_ratio": 40.86,
            "inventory_turnover_ratio": 0.34,
            "account_receivable_turnover_ratio": 2.41,
            "reinvestment_rate": -262.02,
            "research_to_sale_ratio": 12.48,
            "price_fair": 44.28,
            "eps_avg_yearly": 1.27,
            "eps_latest_yearly": 0.44,
            "eps_growth_yearly": 516.01
        },
        "20202": {
            "year_quarter": 20202,
            "year": 2020,
            "quarter": 2,
            "eps": -0.12,
            "eps_growth_year": -135.29,
            "eps_4q": 0.09,
            "eps_4q_growth_year": -92.64,
            "roe": -0.62,
            "roe_4q": 0.6,
            "gross_profit": 103768,
            "gross_margin": 43.75,
            "gross_margin_4q_avg": 43.58,
            "net_income": -10229,
            "net_income_4q": null,
            "revenue": 237194,
            "revenue_4q": null,
            "common_shares": 898473,
            "book_valuer_per_share": 18.16,
            "book_valuer_per_share_4q_avg": 18.15,
            "equity": 1641289,
            "current_ratio": 226.79,
            "debt_ratio": 42.48,
            "inventory_turnover_ratio": 0.26,
            "account_receivable_turnover_ratio": 1.73,
            "reinvestment_rate": null,
            "research_to_sale_ratio": 18.63,
            "price_fair": 36.8,
            "eps_avg_yearly": 1.05,
            "eps_latest_yearly": 0.44,
            "eps_growth_yearly": 582.23
        },
        "20203": {
            "year_quarter": 20203,
            "year": 2020,
            "quarter": 3,
            "eps": 0.48,
            "eps_growth_year": 336.36,
            "eps_4q": 0.45,
            "eps_4q_growth_year": -33.11,
            "roe": 2.66,
            "roe_4q": 2.62,
            "gross_profit": 136984,
            "gross_margin": 46.43,
            "gross_margin_4q_avg": 44.87,
            "net_income": 44159,
            "net_income_4q": null,
            "revenue": 295018,
            "revenue_4q": null,
            "common_shares": 898473,
            "book_valuer_per_share": 18.6,
            "book_valuer_per_share_4q_avg": 18.22,
            "equity": 1682471,
            "current_ratio": 296.2,
            "debt_ratio": 32.55,
            "inventory_turnover_ratio": 0.28,
            "account_receivable_turnover_ratio": 2.56,
            "reinvestment_rate": -529.34,
            "research_to_sale_ratio": 15.43,
            "price_fair": 40.13,
            "eps_avg_yearly": 1.15,
            "eps_latest_yearly": 0.44,
            "eps_growth_yearly": 734.34
        },
        "20204": {
            "year_quarter": 20204,
            "year": 2020,
            "quarter": 4,
            "eps": 0.87,
            "eps_growth_year": null,
            "eps_4q": 1.77,
            "eps_4q_growth_year": 696.93,
            "roe": 4.6,
            "roe_4q": 9.59,
            "gross_profit": 138184,
            "gross_margin": 46.56,
            "gross_margin_4q_avg": 45.83,
            "net_income": 79095,
            "net_income_4q": null,
            "revenue": 296772,
            "revenue_4q": null,
            "common_shares": 898257,
            "book_valuer_per_share": 19.46,
            "book_valuer_per_share_4q_avg": 18.63,
            "equity": 1759768,
            "current_ratio": 337.57,
            "debt_ratio": 28.61,
            "inventory_turnover_ratio": 0.28,
            "account_receivable_turnover_ratio": 2.58,
            "reinvestment_rate": -174.27,
            "research_to_sale_ratio": 14.21,
            "price_fair": 51.33,
            "eps_avg_yearly": 1.47,
            "eps_latest_yearly": 3.48,
            "eps_growth_yearly": 638.51
        },
        "20211": {
            "year_quarter": 20211,
            "year": 2021,
            "quarter": 1,
            "eps": 0.51,
            "eps_growth_year": -5.56,
            "eps_4q": 1.74,
            "eps_4q_growth_year": 225.42,
            "roe": 2.57,
            "roe_4q": 9.21,
            "gross_profit": 127158,
            "gross_margin": 48.14,
            "gross_margin_4q_avg": 46.22,
            "net_income": 45859,
            "net_income_4q": null,
            "revenue": 264130,
            "revenue_4q": null,
            "common_shares": 898257,
            "book_valuer_per_share": 19.94,
            "book_valuer_per_share_4q_avg": 19.04,
            "equity": 1802999,
            "current_ratio": 461.71,
            "debt_ratio": 21,
            "inventory_turnover_ratio": 0.24,
            "account_receivable_turnover_ratio": 2.52,
            "reinvestment_rate": -65.24,
            "research_to_sale_ratio": 13.23,
            "price_fair": 54.2,
            "eps_avg_yearly": 1.55,
            "eps_latest_yearly": 2.04,
            "eps_growth_yearly": 523.65
        },
        "20212": {
            "year_quarter": 20212,
            "year": 2021,
            "quarter": 2,
            "eps": 0.5,
            "eps_growth_year": null,
            "eps_4q": 2.36,
            "eps_4q_growth_year": 2562.38,
            "roe": 2.53,
            "roe_4q": 12.36,
            "gross_profit": 153681,
            "gross_margin": 47.91,
            "gross_margin_4q_avg": 47.26,
            "net_income": 46122,
            "net_income_4q": null,
            "revenue": 320762,
            "revenue_4q": null,
            "common_shares": 898257,
            "book_valuer_per_share": 20.37,
            "book_valuer_per_share_4q_avg": 19.59,
            "equity": 1843316,
            "current_ratio": 404.34,
            "debt_ratio": 24.04,
            "inventory_turnover_ratio": 0.3,
            "account_receivable_turnover_ratio": 3.02,
            "reinvestment_rate": -58.67,
            "research_to_sale_ratio": 11.59,
            "price_fair": 56.18,
            "eps_avg_yearly": 1.61,
            "eps_latest_yearly": 2,
            "eps_growth_yearly": 457.21
        },
        "20213": {
            "year_quarter": 20213,
            "year": 2021,
            "quarter": 3,
            "eps": 0.27,
            "eps_growth_year": -43.75,
            "eps_4q": 2.15,
            "eps_4q_growth_year": 372.47,
            "roe": 1.29,
            "roe_4q": 10.989999999999998,
            "gross_profit": 152755,
            "gross_margin": 46.33,
            "gross_margin_4q_avg": 47.24,
            "net_income": 23397,
            "net_income_4q": null,
            "revenue": 329712,
            "revenue_4q": null,
            "common_shares": 898221,
            "book_valuer_per_share": 19.6,
            "book_valuer_per_share_4q_avg": 19.84,
            "equity": 1772223,
            "current_ratio": 367.57,
            "debt_ratio": 26.1,
            "inventory_turnover_ratio": 0.31,
            "account_receivable_turnover_ratio": 2.86,
            "reinvestment_rate": -52.59,
            "research_to_sale_ratio": 10.45,
            "price_fair": 54.13,
            "eps_avg_yearly": 1.55,
            "eps_latest_yearly": 1.08,
            "eps_growth_yearly": 385.96
        },
        "20214": {
            "year_quarter": 20214,
            "year": 2021,
            "quarter": 4,
            "eps": 0.69,
            "eps_growth_year": -20.7,
            "eps_4q": 1.97,
            "eps_4q_growth_year": 11.06,
            "roe": 3.55,
            "roe_4q": 9.94,
            "gross_profit": 150859,
            "gross_margin": 45.5,
            "gross_margin_4q_avg": 46.97,
            "net_income": 64019,
            "net_income_4q": null,
            "revenue": 331574,
            "revenue_4q": null,
            "common_shares": 898221,
            "book_valuer_per_share": 20.27,
            "book_valuer_per_share_4q_avg": 20.05,
            "equity": 1833756,
            "current_ratio": 296.76,
            "debt_ratio": 31.96,
            "inventory_turnover_ratio": 0.25,
            "account_receivable_turnover_ratio": 3.43,
            "reinvestment_rate": -35.96,
            "research_to_sale_ratio": 10.23,
            "price_fair": 58.38,
            "eps_avg_yearly": 1.67,
            "eps_latest_yearly": 2.76,
            "eps_growth_yearly": 409.59
        },
        "20221": {
            "year_quarter": 20221,
            "year": 2022,
            "quarter": 1,
            "eps": 0.58,
            "eps_growth_year": 13.73,
            "eps_4q": 2.04,
            "eps_4q_growth_year": 17.07,
            "roe": 2.86,
            "roe_4q": 10.23,
            "gross_profit": 135437,
            "gross_margin": 49.16,
            "gross_margin_4q_avg": 47.23,
            "net_income": 53348,
            "net_income_4q": null,
            "revenue": 275479,
            "revenue_4q": null,
            "common_shares": 898221,
            "book_valuer_per_share": 20.98,
            "book_valuer_per_share_4q_avg": 20.31,
            "equity": 1898987,
            "current_ratio": 468.85,
            "debt_ratio": 20.66,
            "inventory_turnover_ratio": 0.16,
            "account_receivable_turnover_ratio": 3.33,
            "reinvestment_rate": -27.84,
            "research_to_sale_ratio": 12.5,
            "price_fair": 60.45,
            "eps_avg_yearly": 1.73,
            "eps_latest_yearly": 2.32,
            "eps_growth_yearly": 366.56
        },
        "20222": {
            "year_quarter": 20222,
            "year": 2022,
            "quarter": 2,
            "eps": -0.24,
            "eps_growth_year": -148,
            "eps_4q": 1.3,
            "eps_4q_growth_year": -44.83,
            "roe": -1.04,
            "roe_4q": 6.659999999999999,
            "gross_profit": 170654,
            "gross_margin": 49.95,
            "gross_margin_4q_avg": 47.74,
            "net_income": -19223,
            "net_income_4q": null,
            "revenue": 341640,
            "revenue_4q": null,
            "common_shares": 898221,
            "book_valuer_per_share": 19.65,
            "book_valuer_per_share_4q_avg": 20.13,
            "equity": 1780509,
            "current_ratio": 448.03,
            "debt_ratio": 21.32,
            "inventory_turnover_ratio": 0.19,
            "account_receivable_turnover_ratio": 3.26,
            "reinvestment_rate": -34.6,
            "research_to_sale_ratio": 10.8,
            "price_fair": 60.45,
            "eps_avg_yearly": 1.73,
            "eps_latest_yearly": 2.32,
            "eps_growth_yearly": 366.56
        },
        "20223": {
            "year_quarter": 20223,
            "year": 2022,
            "quarter": 3,
            "eps": 0.48,
            "eps_growth_year": 77.78,
            "eps_4q": 1.52,
            "eps_4q_growth_year": -29.39,
            "roe": 2.47,
            "roe_4q": 7.84,
            "gross_profit": 140645,
            "gross_margin": 40.76,
            "gross_margin_4q_avg": 46.34,
            "net_income": 44921,
            "net_income_4q": null,
            "revenue": 345077,
            "revenue_4q": null,
            "common_shares": 898221,
            "book_valuer_per_share": 20.44,
            "book_valuer_per_share_4q_avg": 20.34,
            "equity": 1854158,
            "current_ratio": 439.03,
            "debt_ratio": 22.13,
            "inventory_turnover_ratio": 0.22,
            "account_receivable_turnover_ratio": 2.76,
            "reinvestment_rate": -33.83,
            "research_to_sale_ratio": 9.63,
            "price_fair": 57.54,
            "eps_avg_yearly": 1.64,
            "eps_latest_yearly": 2.32,
            "eps_growth_yearly": 408.62
        },
        "20224": {
            "year_quarter": 20224,
            "year": 2022,
            "quarter": 4,
            "eps": 0.37,
            "eps_growth_year": -46.9,
            "eps_4q": 1.19,
            "eps_4q_growth_year": -39.42,
            "roe": 1.9,
            "roe_4q": 6.1899999999999995,
            "gross_profit": 168174,
            "gross_margin": 47.18,
            "gross_margin_4q_avg": 46.76,
            "net_income": 35442,
            "net_income_4q": null,
            "revenue": 356429,
            "revenue_4q": null,
            "common_shares": 898221,
            "book_valuer_per_share": 20.73,
            "book_valuer_per_share_4q_avg": 20.45,
            "equity": 1881494,
            "current_ratio": 635.13,
            "debt_ratio": 15.94,
            "inventory_turnover_ratio": 0.22,
            "account_receivable_turnover_ratio": 2.91,
            "reinvestment_rate": -30.91,
            "research_to_sale_ratio": 9.41,
            "price_fair": 62.44,
            "eps_avg_yearly": 1.78,
            "eps_latest_yearly": 1.48,
            "eps_growth_yearly": 438.2
        },
        "20231": {
            "year_quarter": 20231,
            "year": 2023,
            "quarter": 1,
            "eps": 1,
            "eps_growth_year": 72.41,
            "eps_4q": 1.61,
            "eps_4q_growth_year": -21.14,
            "roe": 4.87,
            "roe_4q": 8.2,
            "gross_profit": 127282,
            "gross_margin": 44.86,
            "gross_margin_4q_avg": 45.69,
            "net_income": 90772,
            "net_income_4q": null,
            "revenue": 283718,
            "revenue_4q": null,
            "common_shares": 898221,
            "book_valuer_per_share": 20.31,
            "book_valuer_per_share_4q_avg": 20.28,
            "equity": 1845229,
            "current_ratio": 565.73,
            "debt_ratio": 17.64,
            "inventory_turnover_ratio": 0.2,
            "account_receivable_turnover_ratio": 2.75,
            "reinvestment_rate": -26.18,
            "research_to_sale_ratio": 11.27,
            "price_fair": 73.36,
            "eps_avg_yearly": 2.1,
            "eps_latest_yearly": 4,
            "eps_growth_yearly": 106.31
        },
        "20232": {
            "year_quarter": 20232,
            "year": 2023,
            "quarter": 2,
            "eps": 1.05,
            "eps_growth_year": null,
            "eps_4q": 2.9,
            "eps_4q_growth_year": 122.6,
            "roe": 5,
            "roe_4q": 14.240000000000002,
            "gross_profit": 146317,
            "gross_margin": 44.69,
            "gross_margin_4q_avg": 44.37,
            "net_income": 94738,
            "net_income_4q": null,
            "revenue": 327396,
            "revenue_4q": null,
            "common_shares": 898221,
            "book_valuer_per_share": 21.46,
            "book_valuer_per_share_4q_avg": 20.74,
            "equity": 1945311,
            "current_ratio": 471.84,
            "debt_ratio": 21.38,
            "inventory_turnover_ratio": 0.26,
            "account_receivable_turnover_ratio": 3.34,
            "reinvestment_rate": -22.7,
            "research_to_sale_ratio": 9.83,
            "price_fair": 83.3,
            "eps_avg_yearly": 2.38,
            "eps_latest_yearly": 4.2,
            "eps_growth_yearly": 86.49
        },
        "20233": {
            "year_quarter": 20233,
            "year": 2023,
            "quarter": 3,
            "eps": 0.34,
            "eps_growth_year": -29.17,
            "eps_4q": 2.75,
            "eps_4q_growth_year": 81.78,
            "roe": 1.69,
            "roe_4q": 13.459999999999999,
            "gross_profit": 156095,
            "gross_margin": 49.21,
            "gross_margin_4q_avg": 46.49,
            "net_income": 33325,
            "net_income_4q": null,
            "revenue": 317217,
            "revenue_4q": null,
            "common_shares": 898221,
            "book_valuer_per_share": 21.95,
            "book_valuer_per_share_4q_avg": 21.11,
            "equity": 1991785,
            "current_ratio": 450.38,
            "debt_ratio": 23.61,
            "inventory_turnover_ratio": 0.26,
            "account_receivable_turnover_ratio": 2.61,
            "reinvestment_rate": -22.65,
            "research_to_sale_ratio": 10.47,
            "price_fair": 86.52,
            "eps_avg_yearly": 2.47,
            "eps_latest_yearly": 1.36,
            "eps_growth_yearly": 86.5
        }
    },
    "months": {
        "2004-06": {
            "month": "2004-06",
            "price": "147.03",
            "revenue": 64958
        },
        "2004-07": {
            "month": "2004-07",
            "price": "86.50",
            "revenue": 66241
        },
        "2004-08": {
            "month": "2004-08",
            "price": "81.30",
            "revenue": 67624
        },
        "2004-09": {
            "month": "2004-09",
            "price": "84.44",
            "revenue": 57197
        },
        "2004-10": {
            "month": "2004-10",
            "price": "83.44",
            "revenue": 89051
        },
        "2004-11": {
            "month": "2004-11",
            "price": "78.52",
            "revenue": 71784
        },
        "2004-12": {
            "month": "2004-12",
            "price": "77.16",
            "revenue": 65844
        },
        "2005-01": {
            "month": "2005-01",
            "price": "72.99",
            "revenue": 79461
        },
        "2005-02": {
            "month": "2005-02",
            "price": "80.90",
            "revenue": 46808
        },
        "2005-03": {
            "month": "2005-03",
            "price": "73.52",
            "revenue": 86489
        },
        "2005-04": {
            "month": "2005-04",
            "price": "108.45",
            "revenue": 75051
        },
        "2005-05": {
            "month": "2005-05",
            "price": "95.90",
            "revenue": 78369
        },
        "2005-06": {
            "month": "2005-06",
            "price": "101.78",
            "revenue": 90056
        },
        "2005-07": {
            "month": "2005-07",
            "price": "111.40",
            "revenue": 84292
        },
        "2005-08": {
            "month": "2005-08",
            "price": "100.39",
            "revenue": 84539
        },
        "2005-09": {
            "month": "2005-09",
            "price": "94.17",
            "revenue": 103948
        },
        "2005-10": {
            "month": "2005-10",
            "price": "95.71",
            "revenue": 89873
        },
        "2005-11": {
            "month": "2005-11",
            "price": "92.64",
            "revenue": 94599
        },
        "2005-12": {
            "month": "2005-12",
            "price": "99.94",
            "revenue": 83566
        },
        "2006-01": {
            "month": "2006-01",
            "price": "107.47",
            "revenue": 92686
        },
        "2006-02": {
            "month": "2006-02",
            "price": "108.62",
            "revenue": 86891
        },
        "2006-03": {
            "month": "2006-03",
            "price": "116.11",
            "revenue": 109582
        },
        "2006-04": {
            "month": "2006-04",
            "price": "125.42",
            "revenue": 87336
        },
        "2006-05": {
            "month": "2006-05",
            "price": "135.21",
            "revenue": 90213
        },
        "2006-06": {
            "month": "2006-06",
            "price": "120.91",
            "revenue": 100488
        },
        "2006-07": {
            "month": "2006-07",
            "price": "112.76",
            "revenue": 93576
        },
        "2006-08": {
            "month": "2006-08",
            "price": "115.52",
            "revenue": 99476
        },
        "2006-09": {
            "month": "2006-09",
            "price": "123.57",
            "revenue": 97739
        },
        "2006-10": {
            "month": "2006-10",
            "price": "127.75",
            "revenue": 112468
        },
        "2006-11": {
            "month": "2006-11",
            "price": "139.52",
            "revenue": 110174
        },
        "2006-12": {
            "month": "2006-12",
            "price": "147.95",
            "revenue": 98635
        },
        "2007-01": {
            "month": "2007-01",
            "price": "154.66",
            "revenue": 101701
        },
        "2007-02": {
            "month": "2007-02",
            "price": "155.17",
            "revenue": 91362
        },
        "2007-03": {
            "month": "2007-03",
            "price": "153.04",
            "revenue": 123991
        },
        "2007-04": {
            "month": "2007-04",
            "price": "157.55",
            "revenue": 130344
        },
        "2007-05": {
            "month": "2007-05",
            "price": "161.36",
            "revenue": 116151
        },
        "2007-06": {
            "month": "2007-06",
            "price": "191.25",
            "revenue": 130002
        },
        "2007-07": {
            "month": "2007-07",
            "price": "216.41",
            "revenue": 132854
        },
        "2007-08": {
            "month": "2007-08",
            "price": "224.46",
            "revenue": 123962
        },
        "2007-09": {
            "month": "2007-09",
            "price": "268.53",
            "revenue": 126674
        },
        "2007-10": {
            "month": "2007-10",
            "price": "273.86",
            "revenue": 142289
        },
        "2007-11": {
            "month": "2007-11",
            "price": "265.23",
            "revenue": 146804
        },
        "2007-12": {
            "month": "2007-12",
            "price": "261.71",
            "revenue": 105484
        },
        "2008-01": {
            "month": "2008-01",
            "price": "238.45",
            "revenue": 133608
        },
        "2008-02": {
            "month": "2008-02",
            "price": "196.82",
            "revenue": 113021
        },
        "2008-03": {
            "month": "2008-03",
            "price": "196.26",
            "revenue": 135753
        },
        "2008-04": {
            "month": "2008-04",
            "price": "228.19",
            "revenue": 138601
        },
        "2008-05": {
            "month": "2008-05",
            "price": "229.10",
            "revenue": 122350
        },
        "2008-06": {
            "month": "2008-06",
            "price": "199.38",
            "revenue": 151062
        },
        "2008-07": {
            "month": "2008-07",
            "price": "172.57",
            "revenue": 132648
        },
        "2008-08": {
            "month": "2008-08",
            "price": "171.17",
            "revenue": 129198
        },
        "2008-09": {
            "month": "2008-09",
            "price": "144.26",
            "revenue": 145684
        },
        "2008-10": {
            "month": "2008-10",
            "price": "124.00",
            "revenue": 126326
        },
        "2008-11": {
            "month": "2008-11",
            "price": "118.30",
            "revenue": 113397
        },
        "2008-12": {
            "month": "2008-12",
            "price": "111.65",
            "revenue": 102761
        },
        "2009-01": {
            "month": "2009-01",
            "price": "113.57",
            "revenue": 104157
        },
        "2009-02": {
            "month": "2009-02",
            "price": "112.98",
            "revenue": 113030
        },
        "2009-03": {
            "month": "2009-03",
            "price": "127.48",
            "revenue": 101398
        },
        "2009-04": {
            "month": "2009-04",
            "price": "138.86",
            "revenue": 103158
        },
        "2009-05": {
            "month": "2009-05",
            "price": "147.58",
            "revenue": 103758
        },
        "2009-06": {
            "month": "2009-06",
            "price": "146.78",
            "revenue": 103705
        },
        "2009-07": {
            "month": "2009-07",
            "price": "143.22",
            "revenue": 99122
        },
        "2009-08": {
            "month": "2009-08",
            "price": "130.20",
            "revenue": 108918
        },
        "2009-09": {
            "month": "2009-09",
            "price": "126.41",
            "revenue": 100578
        },
        "2009-10": {
            "month": "2009-10",
            "price": "127.36",
            "revenue": 108097
        },
        "2009-11": {
            "month": "2009-11",
            "price": "127.57",
            "revenue": 121202
        },
        "2009-12": {
            "month": "2009-12",
            "price": "129.61",
            "revenue": 87311
        },
        "2010-01": {
            "month": "2010-01",
            "price": "136.90",
            "revenue": 87623
        },
        "2010-02": {
            "month": "2010-02",
            "price": "126.79",
            "revenue": 90443
        },
        "2010-03": {
            "month": "2010-03",
            "price": "127.35",
            "revenue": 123350
        },
        "2010-04": {
            "month": "2010-04",
            "price": "129.19",
            "revenue": 111088
        },
        "2010-05": {
            "month": "2010-05",
            "price": "116.93",
            "revenue": 104466
        },
        "2010-06": {
            "month": "2010-06",
            "price": "108.76",
            "revenue": 115054
        },
        "2010-07": {
            "month": "2010-07",
            "price": "108.86",
            "revenue": 115120
        },
        "2010-08": {
            "month": "2010-08",
            "price": "103.30",
            "revenue": 105871
        },
        "2010-09": {
            "month": "2010-09",
            "price": "100.58",
            "revenue": 116689
        },
        "2010-10": {
            "month": "2010-10",
            "price": "99.29",
            "revenue": 119752
        },
        "2010-11": {
            "month": "2010-11",
            "price": "98.57",
            "revenue": 126129
        },
        "2010-12": {
            "month": "2010-12",
            "price": "103.89",
            "revenue": 90683
        },
        "2011-01": {
            "month": "2011-01",
            "price": "100.56",
            "revenue": 112163
        },
        "2011-02": {
            "month": "2011-02",
            "price": "101.06",
            "revenue": 104330
        },
        "2011-03": {
            "month": "2011-03",
            "price": "109.41",
            "revenue": 148011
        },
        "2011-04": {
            "month": "2011-04",
            "price": "124.53",
            "revenue": 118346
        },
        "2011-05": {
            "month": "2011-05",
            "price": "125.74",
            "revenue": 130715
        },
        "2011-06": {
            "month": "2011-06",
            "price": "120.90",
            "revenue": 159779
        },
        "2011-07": {
            "month": "2011-07",
            "price": "122.19",
            "revenue": 129965
        },
        "2011-08": {
            "month": "2011-08",
            "price": "97.05",
            "revenue": 150214
        },
        "2011-09": {
            "month": "2011-09",
            "price": "94.68",
            "revenue": 142640
        },
        "2011-10": {
            "month": "2011-10",
            "price": "101.04",
            "revenue": 164146
        },
        "2011-11": {
            "month": "2011-11",
            "price": "100.41",
            "revenue": 170798
        },
        "2011-12": {
            "month": "2011-12",
            "price": "99.92",
            "revenue": 127861
        },
        "2012-01": {
            "month": "2012-01",
            "price": "112.67",
            "revenue": 125558
        },
        "2012-02": {
            "month": "2012-02",
            "price": "124.30",
            "revenue": 158580
        },
        "2012-03": {
            "month": "2012-03",
            "price": "141.09",
            "revenue": 156028
        },
        "2012-04": {
            "month": "2012-04",
            "price": "125.95",
            "revenue": 160216
        },
        "2012-05": {
            "month": "2012-05",
            "price": "115.55",
            "revenue": 172255
        },
        "2012-06": {
            "month": "2012-06",
            "price": "111.90",
            "revenue": 168037
        },
        "2012-07": {
            "month": "2012-07",
            "price": "113.98",
            "revenue": 166163
        },
        "2012-08": {
            "month": "2012-08",
            "price": "113.30",
            "revenue": 172518
        },
        "2012-09": {
            "month": "2012-09",
            "price": "115.18",
            "revenue": 161888
        },
        "2012-10": {
            "month": "2012-10",
            "price": "113.18",
            "revenue": 194362
        },
        "2012-11": {
            "month": "2012-11",
            "price": "113.82",
            "revenue": 198900
        },
        "2012-12": {
            "month": "2012-12",
            "price": "118.69",
            "revenue": 179477
        },
        "2013-01": {
            "month": "2013-01",
            "price": "119.52",
            "revenue": 167575
        },
        "2013-02": {
            "month": "2013-02",
            "price": "125.15",
            "revenue": 154323
        },
        "2013-03": {
            "month": "2013-03",
            "price": "127.60",
            "revenue": 176083
        },
        "2013-04": {
            "month": "2013-04",
            "price": "133.48",
            "revenue": 183689
        },
        "2013-05": {
            "month": "2013-05",
            "price": "134.02",
            "revenue": 207934
        },
        "2013-06": {
            "month": "2013-06",
            "price": "134.00",
            "revenue": 201888
        },
        "2013-07": {
            "month": "2013-07",
            "price": "145.11",
            "revenue": 212948
        },
        "2013-08": {
            "month": "2013-08",
            "price": "158.31",
            "revenue": 201879
        },
        "2013-09": {
            "month": "2013-09",
            "price": "157.18",
            "revenue": 191724
        },
        "2013-10": {
            "month": "2013-10",
            "price": "175.41",
            "revenue": 215237
        },
        "2013-11": {
            "month": "2013-11",
            "price": "190.93",
            "revenue": 169703
        },
        "2013-12": {
            "month": "2013-12",
            "price": "186.70",
            "revenue": 174989
        },
        "2014-01": {
            "month": "2014-01",
            "price": "183.36",
            "revenue": 181225
        },
        "2014-02": {
            "month": "2014-02",
            "price": "183.15",
            "revenue": 170247
        },
        "2014-03": {
            "month": "2014-03",
            "price": "199.21",
            "revenue": 193082
        },
        "2014-04": {
            "month": "2014-04",
            "price": "178.38",
            "revenue": 165702
        },
        "2014-05": {
            "month": "2014-05",
            "price": "154.81",
            "revenue": 210836
        },
        "2014-06": {
            "month": "2014-06",
            "price": "155.95",
            "revenue": 189357
        },
        "2014-07": {
            "month": "2014-07",
            "price": "144.09",
            "revenue": 191469
        },
        "2014-08": {
            "month": "2014-08",
            "price": "118.31",
            "revenue": 170995
        },
        "2014-09": {
            "month": "2014-09",
            "price": "109.79",
            "revenue": 190789
        },
        "2014-10": {
            "month": "2014-10",
            "price": "107.07",
            "revenue": 198337
        },
        "2014-11": {
            "month": "2014-11",
            "price": "105.55",
            "revenue": 185187
        },
        "2014-12": {
            "month": "2014-12",
            "price": "104.62",
            "revenue": 174812
        },
        "2015-01": {
            "month": "2015-01",
            "price": "109.18",
            "revenue": 173307
        },
        "2015-02": {
            "month": "2015-02",
            "price": "114.54",
            "revenue": 161051
        },
        "2015-03": {
            "month": "2015-03",
            "price": "113.30",
            "revenue": 195208
        },
        "2015-04": {
            "month": "2015-04",
            "price": "113.60",
            "revenue": 164397
        },
        "2015-05": {
            "month": "2015-05",
            "price": "102.98",
            "revenue": 165155
        },
        "2015-06": {
            "month": "2015-06",
            "price": "95.59",
            "revenue": 181576
        },
        "2015-07": {
            "month": "2015-07",
            "price": "90.71",
            "revenue": 196166
        },
        "2015-08": {
            "month": "2015-08",
            "price": "79.88",
            "revenue": 172481
        },
        "2015-09": {
            "month": "2015-09",
            "price": "86.23",
            "revenue": 173773
        },
        "2015-10": {
            "month": "2015-10",
            "price": "81.62",
            "revenue": 184713
        },
        "2015-11": {
            "month": "2015-11",
            "price": "77.71",
            "revenue": 180703
        },
        "2015-12": {
            "month": "2015-12",
            "price": "71.99",
            "revenue": 163064
        },
        "2016-01": {
            "month": "2016-01",
            "price": "70.51",
            "revenue": 167345
        },
        "2016-02": {
            "month": "2016-02",
            "price": "73.21",
            "revenue": 164324
        },
        "2016-03": {
            "month": "2016-03",
            "price": "75.32",
            "revenue": 163986
        },
        "2016-04": {
            "month": "2016-04",
            "price": "70.45",
            "revenue": 159581
        },
        "2016-05": {
            "month": "2016-05",
            "price": "60.08",
            "revenue": 169224
        },
        "2016-06": {
            "month": "2016-06",
            "price": "60.36",
            "revenue": 174189
        },
        "2016-07": {
            "month": "2016-07",
            "price": "60.70",
            "revenue": 142360
        },
        "2016-08": {
            "month": "2016-08",
            "price": "55.77",
            "revenue": 168271
        },
        "2016-09": {
            "month": "2016-09",
            "price": "50.65",
            "revenue": 153343
        },
        "2016-10": {
            "month": "2016-10",
            "price": "46.71",
            "revenue": 143664
        },
        "2016-11": {
            "month": "2016-11",
            "price": "44.01",
            "revenue": 158840
        },
        "2016-12": {
            "month": "2016-12",
            "price": "46.16",
            "revenue": 143448
        },
        "2017-01": {
            "month": "2017-01",
            "price": "44.60",
            "revenue": 117709
        },
        "2017-02": {
            "month": "2017-02",
            "price": "43.12",
            "revenue": 129447
        },
        "2017-03": {
            "month": "2017-03",
            "price": "43.74",
            "revenue": 150516
        },
        "2017-04": {
            "month": "2017-04",
            "price": "43.10",
            "revenue": 115024
        },
        "2017-05": {
            "month": "2017-05",
            "price": "39.14",
            "revenue": 127275
        },
        "2017-06": {
            "month": "2017-06",
            "price": "39.90",
            "revenue": 148091
        },
        "2017-07": {
            "month": "2017-07",
            "price": "40.22",
            "revenue": 126270
        },
        "2017-08": {
            "month": "2017-08",
            "price": "39.30",
            "revenue": 144906
        },
        "2017-09": {
            "month": "2017-09",
            "price": "40.17",
            "revenue": 139206
        },
        "2017-10": {
            "month": "2017-10",
            "price": "42.82",
            "revenue": 126320
        },
        "2017-11": {
            "month": "2017-11",
            "price": "36.93",
            "revenue": 136913
        },
        "2017-12": {
            "month": "2017-12",
            "price": "39.10",
            "revenue": 125901
        },
        "2018-01": {
            "month": "2018-01",
            "price": "37.97",
            "revenue": 115954
        },
        "2018-02": {
            "month": "2018-02",
            "price": "34.35",
            "revenue": 110316
        },
        "2018-03": {
            "month": "2018-03",
            "price": "31.61",
            "revenue": 113726
        },
        "2018-04": {
            "month": "2018-04",
            "price": "27.72",
            "revenue": 134499
        },
        "2018-05": {
            "month": "2018-05",
            "price": "27.70",
            "revenue": 143277
        },
        "2018-06": {
            "month": "2018-06",
            "price": "31.93",
            "revenue": 120109
        },
        "2018-07": {
            "month": "2018-07",
            "price": "30.84",
            "revenue": 122078
        },
        "2018-08": {
            "month": "2018-08",
            "price": "29.41",
            "revenue": 133088
        },
        "2018-09": {
            "month": "2018-09",
            "price": "27.39",
            "revenue": 119187
        },
        "2018-10": {
            "month": "2018-10",
            "price": "22.70",
            "revenue": 130755
        },
        "2018-11": {
            "month": "2018-11",
            "price": "24.15",
            "revenue": 127828
        },
        "2018-12": {
            "month": "2018-12",
            "price": "31.31",
            "revenue": 109569
        },
        "2019-01": {
            "month": "2019-01",
            "price": "29.55",
            "revenue": 124361
        },
        "2019-02": {
            "month": "2019-02",
            "price": "34.37",
            "revenue": 108895
        },
        "2019-03": {
            "month": "2019-03",
            "price": "34.65",
            "revenue": 124822
        },
        "2019-04": {
            "month": "2019-04",
            "price": "34.14",
            "revenue": 103585
        },
        "2019-05": {
            "month": "2019-05",
            "price": "31.90",
            "revenue": 121103
        },
        "2019-06": {
            "month": "2019-06",
            "price": "33.49",
            "revenue": 119235
        },
        "2019-07": {
            "month": "2019-07",
            "price": "31.87",
            "revenue": 122352
        },
        "2019-08": {
            "month": "2019-08",
            "price": "30.79",
            "revenue": 129578
        },
        "2019-09": {
            "month": "2019-09",
            "price": "31.18",
            "revenue": 105495
        },
        "2019-10": {
            "month": "2019-10",
            "price": "32.54",
            "revenue": 119794
        },
        "2019-11": {
            "month": "2019-11",
            "price": "31.48",
            "revenue": 102634
        },
        "2019-12": {
            "month": "2019-12",
            "price": "30.36",
            "revenue": 99614
        },
        "2020-01": {
            "month": "2020-01",
            "price": "28.52",
            "revenue": 99649
        },
        "2020-02": {
            "month": "2020-02",
            "price": "26.11",
            "revenue": 123587
        },
        "2020-03": {
            "month": "2020-03",
            "price": "21.45",
            "revenue": 105064
        },
        "2020-04": {
            "month": "2020-04",
            "price": "20.26",
            "revenue": 76000
        },
        "2020-05": {
            "month": "2020-05",
            "price": "22.52",
            "revenue": 68252
        },
        "2020-06": {
            "month": "2020-06",
            "price": "22.90",
            "revenue": 92943
        },
        "2020-07": {
            "month": "2020-07",
            "price": "23.00",
            "revenue": 91457
        },
        "2020-08": {
            "month": "2020-08",
            "price": "22.71",
            "revenue": 97115
        },
        "2020-09": {
            "month": "2020-09",
            "price": "25.16",
            "revenue": 106441
        },
        "2020-10": {
            "month": "2020-10",
            "price": "24.50",
            "revenue": 106706
        },
        "2020-11": {
            "month": "2020-11",
            "price": "25.95",
            "revenue": 100089
        },
        "2020-12": {
            "month": "2020-12",
            "price": "29.10",
            "revenue": 90020
        },
        "2021-01": {
            "month": "2021-01",
            "price": "28.91",
            "revenue": 78329
        },
        "2021-02": {
            "month": "2021-02",
            "price": "27.59",
            "revenue": 79001
        },
        "2021-03": {
            "month": "2021-03",
            "price": "28.31",
            "revenue": 106800
        },
        "2021-04": {
            "month": "2021-04",
            "price": "32.50",
            "revenue": 107173
        },
        "2021-05": {
            "month": "2021-05",
            "price": "27.85",
            "revenue": 108967
        },
        "2021-06": {
            "month": "2021-06",
            "price": "30.74",
            "revenue": 104621
        },
        "2021-07": {
            "month": "2021-07",
            "price": "38.42",
            "revenue": 114664
        },
        "2021-08": {
            "month": "2021-08",
            "price": "36.77",
            "revenue": 107272
        },
        "2021-09": {
            "month": "2021-09",
            "price": "35.47",
            "revenue": 107776
        },
        "2021-10": {
            "month": "2021-10",
            "price": "30.54",
            "revenue": 111029
        },
        "2021-11": {
            "month": "2021-11",
            "price": "31.32",
            "revenue": 116480
        },
        "2021-12": {
            "month": "2021-12",
            "price": "30.89",
            "revenue": 104064
        },
        "2022-01": {
            "month": "2022-01",
            "price": "30.36",
            "revenue": 83212
        },
        "2022-02": {
            "month": "2022-02",
            "price": "29.65",
            "revenue": 79543
        },
        "2022-03": {
            "month": "2022-03",
            "price": "28.38",
            "revenue": 112724
        },
        "2022-04": {
            "month": "2022-04",
            "price": "29.03",
            "revenue": 100920
        },
        "2022-05": {
            "month": "2022-05",
            "price": "32.20",
            "revenue": 105506
        },
        "2022-06": {
            "month": "2022-06",
            "price": "31.04",
            "revenue": 135214
        },
        "2022-07": {
            "month": "2022-07",
            "price": "28.21",
            "revenue": 99730
        },
        "2022-08": {
            "month": "2022-08",
            "price": "28.99",
            "revenue": 132303
        },
        "2022-09": {
            "month": "2022-09",
            "price": "31.20",
            "revenue": 113044
        },
        "2022-10": {
            "month": "2022-10",
            "price": "32.00",
            "revenue": 132211
        },
        "2022-11": {
            "month": "2022-11",
            "price": "41.97",
            "revenue": 124356
        },
        "2022-12": {
            "month": "2022-12",
            "price": "43.26",
            "revenue": 99863
        },
        "2023-01": {
            "month": "2023-01",
            "price": "38.70",
            "revenue": 99008
        },
        "2023-02": {
            "month": "2023-02",
            "price": "40.09",
            "revenue": 90573
        },
        "2023-03": {
            "month": "2023-03",
            "price": "42.75",
            "revenue": 94137
        },
        "2023-04": {
            "month": "2023-04",
            "price": "39.76",
            "revenue": 99156
        },
        "2023-05": {
            "month": "2023-05",
            "price": "39.60",
            "revenue": 120640
        },
        "2023-06": {
            "month": "2023-06",
            "price": "47.12",
            "revenue": 107601
        },
        "2023-07": {
            "month": "2023-07",
            "price": "54.75",
            "revenue": 92162
        },
        "2023-08": {
            "month": "2023-08",
            "price": "48.25",
            "revenue": 121996
        },
        "2023-09": {
            "month": "2023-09",
            "price": "46.78",
            "revenue": 103058
        },
        "2023-10": {
            "month": "2023-10",
            "price": "42.42",
            "revenue": 133731
        },
        "2023-11": {
            "month": "2023-11",
            "price": "42.95",
            "revenue": 113034
        }
    }
}
