{
    "summary": {
        "stock_name": "臺慶科",
        "stock_id": "3357",
        "category": "電子零組件",
        "main_business": "線圈<br>晶片<br>網路變壓器",
        "website_url": "http://www.tai-tech.com.tw",
        "ceo": "謝明良",
        "pe_ratio": 20,
        "report_year_from": 2003,
        "report_year_to": 2023,
        "age": 21,
        "eps_negative_percentage": 0,
        "eps_growth_avg": {
            "last_all": 27.89,
            "last_2y": 13.78,
            "last_4y": null,
            "last_8y": null,
            "last_12y": null,
            "last_16y": null,
            "last_20y": null,
            "at_2006_last_3y": null,
            "at_2007_last_3y": null,
            "at_2008_last_3y": null,
            "at_2009_last_3y": null,
            "at_2010_last_3y": null,
            "at_2011_last_3y": null,
            "at_2012_last_3y": null,
            "at_2013_last_3y": null,
            "at_2014_last_3y": null,
            "at_2015_last_3y": null,
            "at_2016_last_3y": null,
            "at_2017_last_3y": null,
            "at_2018_last_3y": null,
            "at_2019_last_3y": null,
            "at_2020_last_3y": null,
            "at_2021_last_3y": null,
            "at_2022_last_3y": null,
            "at_2023_last_3y": null,
            "at_2024_last_3y": null,
            "at_2006_last_all": null,
            "at_2007_last_all": null,
            "at_2008_last_all": null,
            "at_2009_last_all": null,
            "at_2010_last_all": null,
            "at_2011_last_all": null,
            "at_2012_last_all": null,
            "at_2013_last_all": null,
            "at_2014_last_all": null,
            "at_2015_last_all": null,
            "at_2016_last_all": null,
            "at_2017_last_all": null,
            "at_2018_last_all": null,
            "at_2019_last_all": null,
            "at_2020_last_all": 49.06,
            "at_2021_last_all": 66.04,
            "at_2022_last_all": 45.49,
            "at_2023_last_all": 27.89,
            "at_2024_last_all": 27.89
        },
        "latest_eps": 5.82,
        "latest_price": 115,
        "latest_roe": 8.94,
        "latest_gross_margin": 22.37,
        "latest_equity": 6736327,
        "latest_revenue": 1097028,
        "latest_gross_profit": 245362,
        "latest_net_income": 117751,
        "latest_debt_ratio": 38.12,
        "latest_current_ratio": 350.21,
        "latest_account_receivable_turnover_ratio": 0.67,
        "latest_inventory_turnover_ratio": 1.06,
        "latest_reinvestment_rate": null,
        "latest_research_to_sale_ratio": 4.05
    },
    "eps_dividends": {
        "2001": {
            "cash": 0,
            "stock": 0,
            "eps": 0
        },
        "2002": {
            "cash": 0,
            "stock": 0,
            "eps": 0
        },
        "2003": {
            "cash": 0,
            "stock": 0,
            "eps": 0
        },
        "2004": {
            "cash": 0.8,
            "stock": 0,
            "eps": 0
        },
        "2005": {
            "cash": 0,
            "stock": 0,
            "eps": 0
        },
        "2006": {
            "cash": 0,
            "stock": 0,
            "eps": 0
        },
        "2007": {
            "cash": 0,
            "stock": 0,
            "eps": 0
        },
        "2008": {
            "cash": 0,
            "stock": 0,
            "eps": 0
        },
        "2009": {
            "cash": 0,
            "stock": 0,
            "eps": 0
        },
        "2010": {
            "cash": 0,
            "stock": 0,
            "eps": 0
        },
        "2011": {
            "cash": 1.2,
            "stock": 0,
            "eps": 0
        },
        "2012": {
            "cash": 0.15,
            "stock": 0.2,
            "eps": 0
        },
        "2013": {
            "cash": 0,
            "stock": 0,
            "eps": 1.6
        },
        "2014": {
            "cash": 1,
            "stock": 0,
            "eps": 0
        },
        "2015": {
            "cash": 1.5,
            "stock": 0,
            "eps": 1.57
        },
        "2016": {
            "cash": 1.68,
            "stock": 0,
            "eps": 0
        },
        "2017": {
            "cash": 1.6,
            "stock": 0,
            "eps": 0
        },
        "2018": {
            "cash": 1.7,
            "stock": 0,
            "eps": 0
        },
        "2019": {
            "cash": 3.2,
            "stock": 0,
            "eps": 0
        },
        "2020": {
            "cash": 2.7,
            "stock": 0,
            "eps": 3.97
        },
        "2021": {
            "cash": 4.1,
            "stock": 0,
            "eps": 12.05
        },
        "2022": {
            "cash": 7,
            "stock": 0,
            "eps": 10.1
        },
        "2023": {
            "cash": 6,
            "stock": 0,
            "eps": 5.81
        },
        "2024": {
            "cash": 4.5,
            "stock": 0,
            "eps": 0
        }
    },
    "dividends": {
        "2004-03-17": {
            "cash": 0.8,
            "stock": 0
        },
        "2011-02-22": {
            "cash": 1.2,
            "stock": 0
        },
        "2012-04-11": {
            "cash": 0.15,
            "stock": 0.2
        },
        "2014-03-25": {
            "cash": 1,
            "stock": 0
        },
        "2015-08-26": {
            "cash": 1.5,
            "stock": 0
        },
        "2016-07-19": {
            "cash": 1.68,
            "stock": 0
        },
        "2017-08-10": {
            "cash": 1.6,
            "stock": 0
        },
        "2018-08-07": {
            "cash": 1.7,
            "stock": 0
        },
        "2019-08-05": {
            "cash": 3.2,
            "stock": 0
        },
        "2020-08-05": {
            "cash": 2.7,
            "stock": 0
        },
        "2021-07-23": {
            "cash": 4.1,
            "stock": 0
        },
        "2022-07-29": {
            "cash": 7,
            "stock": 0
        },
        "2023-07-14": {
            "cash": 6,
            "stock": 0
        },
        "2024-05-03": {
            "cash": 4.5,
            "stock": 0
        }
    },
    "prices": {
        "200101": "無",
        "200102": "無",
        "200103": "無",
        "200104": "無",
        "200105": "無",
        "200106": "無",
        "200107": "無",
        "200108": "無",
        "200109": "無",
        "200110": "無",
        "200111": "無",
        "200112": "無",
        "200201": "無",
        "200202": "無",
        "200203": "無",
        "200204": "無",
        "200205": "無",
        "200206": "無",
        "200207": "無",
        "200208": "無",
        "200209": "無",
        "200210": "無",
        "200211": "無",
        "200212": "無",
        "200301": "無",
        "200302": "無",
        "200303": "無",
        "200304": "無",
        "200305": "無",
        "200306": "無",
        "200307": "無",
        "200308": "無",
        "200309": "無",
        "200310": "無",
        "200311": "無",
        "200312": "無",
        "200401": "無",
        "200402": "無",
        "200403": "無",
        "200404": "無",
        "200405": "無",
        "200406": "無",
        "200407": "無",
        "200408": "無",
        "200409": "無",
        "200410": "無",
        "200411": "無",
        "200412": "無",
        "200501": "無",
        "200502": "無",
        "200503": "無",
        "200504": "無",
        "200505": "無",
        "200506": "無",
        "200507": "無",
        "200508": "無",
        "200509": "無",
        "200510": "無",
        "200511": "無",
        "200512": "無",
        "200601": "無",
        "200602": "無",
        "200603": "無",
        "200604": "無",
        "200605": "無",
        "200606": "無",
        "200607": "無",
        "200608": "無",
        "200609": "無",
        "200610": "無",
        "200611": "無",
        "200612": "無",
        "200701": "無",
        "200702": "無",
        "200703": "無",
        "200704": "無",
        "200705": "無",
        "200706": "無",
        "200707": "無",
        "200708": "無",
        "200709": "無",
        "200710": "無",
        "200711": "無",
        "200712": "無",
        "200801": "無",
        "200802": "無",
        "200803": "無",
        "200804": "無",
        "200805": "無",
        "200806": "無",
        "200807": "無",
        "200808": "無",
        "200809": "無",
        "200810": "無",
        "200811": "無",
        "200812": "無",
        "200901": "無",
        "200902": "無",
        "200903": "無",
        "200904": "無",
        "200905": "無",
        "200906": "無",
        "200907": "無",
        "200908": "無",
        "200909": "無",
        "200910": "無",
        "200911": "無",
        "200912": "無",
        "201001": "無",
        "201002": "無",
        "201003": "無",
        "201004": "無",
        "201005": "無",
        "201006": "無",
        "201007": "無",
        "201008": "無",
        "201009": "無",
        "201010": "無",
        "201011": "無",
        "201012": "無",
        "201101": "無",
        "201102": "無",
        "201103": "無",
        "201104": "29.30",
        "201105": "23.56",
        "201106": "24.24",
        "201107": "22.28",
        "201108": "20.20",
        "201109": "19.60",
        "201110": "18.98",
        "201111": "19.18",
        "201112": "18.84",
        "201201": "17.88",
        "201202": "18.28",
        "201203": "17.01",
        "201204": "15.53",
        "201205": "15.13",
        "201206": "15.22",
        "201207": "15.57",
        "201208": "14.74",
        "201209": "14.03",
        "201210": "13.83",
        "201211": "12.93",
        "201212": "12.73",
        "201301": "12.82",
        "201302": "15.22",
        "201303": "15.70",
        "201304": "16.98",
        "201305": "19.34",
        "201306": "21.92",
        "201307": "21.79",
        "201308": "23.83",
        "201309": "25.07",
        "201310": "22.43",
        "201311": "21.80",
        "201312": "21.06",
        "201401": "24.01",
        "201402": "27.26",
        "201403": "29.30",
        "201404": "28.41",
        "201405": "28.37",
        "201406": "32.08",
        "201407": "30.41",
        "201408": "29.35",
        "201409": "28.91",
        "201410": "27.03",
        "201411": "25.92",
        "201412": "27.37",
        "201501": "28.40",
        "201502": "29.51",
        "201503": "29.93",
        "201504": "31.94",
        "201505": "31.36",
        "201506": "29.34",
        "201507": "28.04",
        "201508": "24.19",
        "201509": "25.19",
        "201510": "25.31",
        "201511": "25.66",
        "201512": "25.36",
        "201601": "23.90",
        "201602": "24.15",
        "201603": "26.02",
        "201604": "25.10",
        "201605": "25.02",
        "201606": "25.00",
        "201607": "24.38",
        "201608": "24.12",
        "201609": "24.66",
        "201610": "24.63",
        "201611": "23.67",
        "201612": "23.77",
        "201701": "24.47",
        "201702": "25.23",
        "201703": "24.71",
        "201704": "24.85",
        "201705": "25.01",
        "201706": "25.98",
        "201707": "25.60",
        "201708": "26.00",
        "201709": "28.77",
        "201710": "29.03",
        "201711": "27.66",
        "201712": "26.40",
        "201801": "27.03",
        "201802": "27.14",
        "201803": "28.52",
        "201804": "30.77",
        "201805": "36.22",
        "201806": "51.51",
        "201807": "48.93",
        "201808": "45.23",
        "201809": "43.79",
        "201810": "37.08",
        "201811": "32.28",
        "201812": "31.05",
        "201901": "29.49",
        "201902": "31.62",
        "201903": "31.54",
        "201904": "33.60",
        "201905": "32.20",
        "201906": "32.31",
        "201907": "31.71",
        "201908": "30.38",
        "201909": "30.31",
        "201910": "30.77",
        "201911": "31.03",
        "201912": "32.86",
        "202001": "37.66",
        "202002": "36.58",
        "202003": "33.48",
        "202004": "37.58",
        "202005": "48.18",
        "202006": "51.96",
        "202007": "61.14",
        "202008": "69.70",
        "202009": "75.54",
        "202010": "78.58",
        "202011": "90.46",
        "202012": "96.53",
        "202101": "99.75",
        "202102": "118.15",
        "202103": "133.55",
        "202104": "189.39",
        "202105": "129.60",
        "202106": "145.86",
        "202107": "164.36",
        "202108": "154.77",
        "202109": "139.12",
        "202110": "119.15",
        "202111": "129.68",
        "202112": "128.82",
        "202201": "129.14",
        "202202": "122.40",
        "202203": "120.87",
        "202204": "113.13",
        "202205": "107.31",
        "202206": "103.09",
        "202207": "83.71",
        "202208": "89.52",
        "202209": "87.79",
        "202210": "75.12",
        "202211": "78.83",
        "202212": "82.01",
        "202301": "83.76",
        "202302": "102.99",
        "202303": "113.15",
        "202304": "106.32",
        "202305": "102.60",
        "202306": "103.30",
        "202307": "115.02",
        "202308": "104.89",
        "202309": "112.12",
        "202310": "109.55",
        "202311": "106.45",
        "202312": "114.95"
    },
    "quarters": {
        "20011": {
            "year_quarter": 20011,
            "year": 2001,
            "quarter": 1,
            "eps": null,
            "eps_growth_year": null,
            "eps_4q": null,
            "eps_4q_growth_year": null,
            "roe": null,
            "roe_4q": 0,
            "gross_profit": null,
            "gross_margin": null,
            "gross_margin_4q_avg": 0,
            "net_income": null,
            "net_income_4q": null,
            "revenue": null,
            "revenue_4q": null,
            "common_shares": null,
            "book_valuer_per_share": null,
            "book_valuer_per_share_4q_avg": 0,
            "equity": null,
            "current_ratio": null,
            "debt_ratio": null,
            "inventory_turnover_ratio": null,
            "account_receivable_turnover_ratio": null,
            "reinvestment_rate": null,
            "research_to_sale_ratio": null,
            "price_fair": 0,
            "eps_avg_yearly": 0,
            "eps_latest_yearly": 0,
            "eps_growth_yearly": 0
        },
        "20012": {
            "year_quarter": 20012,
            "year": 2001,
            "quarter": 2,
            "eps": null,
            "eps_growth_year": null,
            "eps_4q": null,
            "eps_4q_growth_year": null,
            "roe": null,
            "roe_4q": 0,
            "gross_profit": null,
            "gross_margin": null,
            "gross_margin_4q_avg": 0,
            "net_income": null,
            "net_income_4q": null,
            "revenue": null,
            "revenue_4q": null,
            "common_shares": null,
            "book_valuer_per_share": null,
            "book_valuer_per_share_4q_avg": 0,
            "equity": null,
            "current_ratio": null,
            "debt_ratio": null,
            "inventory_turnover_ratio": null,
            "account_receivable_turnover_ratio": null,
            "reinvestment_rate": null,
            "research_to_sale_ratio": null,
            "price_fair": 0,
            "eps_avg_yearly": 0,
            "eps_latest_yearly": 0,
            "eps_growth_yearly": 0
        },
        "20013": {
            "year_quarter": 20013,
            "year": 2001,
            "quarter": 3,
            "eps": null,
            "eps_growth_year": null,
            "eps_4q": null,
            "eps_4q_growth_year": null,
            "roe": null,
            "roe_4q": 0,
            "gross_profit": null,
            "gross_margin": null,
            "gross_margin_4q_avg": 0,
            "net_income": null,
            "net_income_4q": null,
            "revenue": null,
            "revenue_4q": null,
            "common_shares": null,
            "book_valuer_per_share": null,
            "book_valuer_per_share_4q_avg": 0,
            "equity": null,
            "current_ratio": null,
            "debt_ratio": null,
            "inventory_turnover_ratio": null,
            "account_receivable_turnover_ratio": null,
            "reinvestment_rate": null,
            "research_to_sale_ratio": null,
            "price_fair": 0,
            "eps_avg_yearly": 0,
            "eps_latest_yearly": 0,
            "eps_growth_yearly": 0
        },
        "20014": {
            "year_quarter": 20014,
            "year": 2001,
            "quarter": 4,
            "eps": null,
            "eps_growth_year": null,
            "eps_4q": null,
            "eps_4q_growth_year": null,
            "roe": null,
            "roe_4q": 0,
            "gross_profit": null,
            "gross_margin": null,
            "gross_margin_4q_avg": 0,
            "net_income": null,
            "net_income_4q": null,
            "revenue": null,
            "revenue_4q": null,
            "common_shares": null,
            "book_valuer_per_share": null,
            "book_valuer_per_share_4q_avg": 0,
            "equity": null,
            "current_ratio": null,
            "debt_ratio": null,
            "inventory_turnover_ratio": null,
            "account_receivable_turnover_ratio": null,
            "reinvestment_rate": null,
            "research_to_sale_ratio": null,
            "price_fair": 0,
            "eps_avg_yearly": 0,
            "eps_latest_yearly": 0,
            "eps_growth_yearly": 0
        },
        "20021": {
            "year_quarter": 20021,
            "year": 2002,
            "quarter": 1,
            "eps": null,
            "eps_growth_year": null,
            "eps_4q": null,
            "eps_4q_growth_year": null,
            "roe": null,
            "roe_4q": 0,
            "gross_profit": null,
            "gross_margin": null,
            "gross_margin_4q_avg": 0,
            "net_income": null,
            "net_income_4q": null,
            "revenue": null,
            "revenue_4q": null,
            "common_shares": null,
            "book_valuer_per_share": null,
            "book_valuer_per_share_4q_avg": 0,
            "equity": null,
            "current_ratio": null,
            "debt_ratio": null,
            "inventory_turnover_ratio": null,
            "account_receivable_turnover_ratio": null,
            "reinvestment_rate": null,
            "research_to_sale_ratio": null,
            "price_fair": 0,
            "eps_avg_yearly": 0,
            "eps_latest_yearly": 0,
            "eps_growth_yearly": 0
        },
        "20022": {
            "year_quarter": 20022,
            "year": 2002,
            "quarter": 2,
            "eps": null,
            "eps_growth_year": null,
            "eps_4q": null,
            "eps_4q_growth_year": null,
            "roe": null,
            "roe_4q": 0,
            "gross_profit": null,
            "gross_margin": null,
            "gross_margin_4q_avg": 0,
            "net_income": null,
            "net_income_4q": null,
            "revenue": null,
            "revenue_4q": null,
            "common_shares": null,
            "book_valuer_per_share": null,
            "book_valuer_per_share_4q_avg": 0,
            "equity": null,
            "current_ratio": null,
            "debt_ratio": null,
            "inventory_turnover_ratio": null,
            "account_receivable_turnover_ratio": null,
            "reinvestment_rate": null,
            "research_to_sale_ratio": null,
            "price_fair": 0,
            "eps_avg_yearly": 0,
            "eps_latest_yearly": 0,
            "eps_growth_yearly": 0
        },
        "20023": {
            "year_quarter": 20023,
            "year": 2002,
            "quarter": 3,
            "eps": null,
            "eps_growth_year": null,
            "eps_4q": null,
            "eps_4q_growth_year": null,
            "roe": null,
            "roe_4q": 0,
            "gross_profit": null,
            "gross_margin": null,
            "gross_margin_4q_avg": 0,
            "net_income": null,
            "net_income_4q": null,
            "revenue": null,
            "revenue_4q": null,
            "common_shares": null,
            "book_valuer_per_share": null,
            "book_valuer_per_share_4q_avg": 0,
            "equity": null,
            "current_ratio": null,
            "debt_ratio": null,
            "inventory_turnover_ratio": null,
            "account_receivable_turnover_ratio": null,
            "reinvestment_rate": null,
            "research_to_sale_ratio": null,
            "price_fair": 0,
            "eps_avg_yearly": 0,
            "eps_latest_yearly": 0,
            "eps_growth_yearly": 0
        },
        "20024": {
            "year_quarter": 20024,
            "year": 2002,
            "quarter": 4,
            "eps": null,
            "eps_growth_year": null,
            "eps_4q": null,
            "eps_4q_growth_year": null,
            "roe": null,
            "roe_4q": 0,
            "gross_profit": null,
            "gross_margin": null,
            "gross_margin_4q_avg": 0,
            "net_income": null,
            "net_income_4q": null,
            "revenue": null,
            "revenue_4q": null,
            "common_shares": null,
            "book_valuer_per_share": null,
            "book_valuer_per_share_4q_avg": 0,
            "equity": null,
            "current_ratio": null,
            "debt_ratio": null,
            "inventory_turnover_ratio": null,
            "account_receivable_turnover_ratio": null,
            "reinvestment_rate": null,
            "research_to_sale_ratio": null,
            "price_fair": 0,
            "eps_avg_yearly": 0,
            "eps_latest_yearly": 0,
            "eps_growth_yearly": 0
        },
        "20031": {
            "year_quarter": 20031,
            "year": 2003,
            "quarter": 1,
            "eps": null,
            "eps_growth_year": null,
            "eps_4q": null,
            "eps_4q_growth_year": null,
            "roe": null,
            "roe_4q": 0,
            "gross_profit": null,
            "gross_margin": null,
            "gross_margin_4q_avg": 0,
            "net_income": null,
            "net_income_4q": null,
            "revenue": null,
            "revenue_4q": null,
            "common_shares": null,
            "book_valuer_per_share": null,
            "book_valuer_per_share_4q_avg": 0,
            "equity": null,
            "current_ratio": null,
            "debt_ratio": null,
            "inventory_turnover_ratio": null,
            "account_receivable_turnover_ratio": null,
            "reinvestment_rate": null,
            "research_to_sale_ratio": null,
            "price_fair": 0,
            "eps_avg_yearly": 0,
            "eps_latest_yearly": 0,
            "eps_growth_yearly": 0
        },
        "20032": {
            "year_quarter": 20032,
            "year": 2003,
            "quarter": 2,
            "eps": null,
            "eps_growth_year": null,
            "eps_4q": null,
            "eps_4q_growth_year": null,
            "roe": null,
            "roe_4q": 0,
            "gross_profit": null,
            "gross_margin": null,
            "gross_margin_4q_avg": 0,
            "net_income": null,
            "net_income_4q": null,
            "revenue": null,
            "revenue_4q": null,
            "common_shares": null,
            "book_valuer_per_share": null,
            "book_valuer_per_share_4q_avg": 0,
            "equity": null,
            "current_ratio": null,
            "debt_ratio": null,
            "inventory_turnover_ratio": null,
            "account_receivable_turnover_ratio": null,
            "reinvestment_rate": null,
            "research_to_sale_ratio": null,
            "price_fair": 0,
            "eps_avg_yearly": 0,
            "eps_latest_yearly": 0,
            "eps_growth_yearly": 0
        },
        "20033": {
            "year_quarter": 20033,
            "year": 2003,
            "quarter": 3,
            "eps": null,
            "eps_growth_year": null,
            "eps_4q": null,
            "eps_4q_growth_year": null,
            "roe": null,
            "roe_4q": 0,
            "gross_profit": null,
            "gross_margin": null,
            "gross_margin_4q_avg": 0,
            "net_income": null,
            "net_income_4q": null,
            "revenue": null,
            "revenue_4q": null,
            "common_shares": null,
            "book_valuer_per_share": null,
            "book_valuer_per_share_4q_avg": 0,
            "equity": null,
            "current_ratio": null,
            "debt_ratio": null,
            "inventory_turnover_ratio": null,
            "account_receivable_turnover_ratio": null,
            "reinvestment_rate": null,
            "research_to_sale_ratio": null,
            "price_fair": 0,
            "eps_avg_yearly": 0,
            "eps_latest_yearly": 0,
            "eps_growth_yearly": 0
        },
        "20034": {
            "year_quarter": 20034,
            "year": 2003,
            "quarter": 4,
            "eps": null,
            "eps_growth_year": null,
            "eps_4q": null,
            "eps_4q_growth_year": null,
            "roe": null,
            "roe_4q": 0,
            "gross_profit": null,
            "gross_margin": null,
            "gross_margin_4q_avg": 0,
            "net_income": null,
            "net_income_4q": null,
            "revenue": null,
            "revenue_4q": null,
            "common_shares": null,
            "book_valuer_per_share": null,
            "book_valuer_per_share_4q_avg": 0,
            "equity": null,
            "current_ratio": null,
            "debt_ratio": null,
            "inventory_turnover_ratio": null,
            "account_receivable_turnover_ratio": null,
            "reinvestment_rate": null,
            "research_to_sale_ratio": null,
            "price_fair": 0,
            "eps_avg_yearly": 0,
            "eps_latest_yearly": 0,
            "eps_growth_yearly": 0
        },
        "20041": {
            "year_quarter": 20041,
            "year": 2004,
            "quarter": 1,
            "eps": null,
            "eps_growth_year": null,
            "eps_4q": null,
            "eps_4q_growth_year": null,
            "roe": null,
            "roe_4q": 0,
            "gross_profit": null,
            "gross_margin": null,
            "gross_margin_4q_avg": 0,
            "net_income": null,
            "net_income_4q": null,
            "revenue": null,
            "revenue_4q": null,
            "common_shares": null,
            "book_valuer_per_share": null,
            "book_valuer_per_share_4q_avg": 0,
            "equity": null,
            "current_ratio": null,
            "debt_ratio": null,
            "inventory_turnover_ratio": null,
            "account_receivable_turnover_ratio": null,
            "reinvestment_rate": null,
            "research_to_sale_ratio": null,
            "price_fair": 0,
            "eps_avg_yearly": 0,
            "eps_latest_yearly": 0,
            "eps_growth_yearly": 0
        },
        "20042": {
            "year_quarter": 20042,
            "year": 2004,
            "quarter": 2,
            "eps": null,
            "eps_growth_year": null,
            "eps_4q": null,
            "eps_4q_growth_year": null,
            "roe": null,
            "roe_4q": 0,
            "gross_profit": null,
            "gross_margin": null,
            "gross_margin_4q_avg": 0,
            "net_income": null,
            "net_income_4q": null,
            "revenue": null,
            "revenue_4q": null,
            "common_shares": null,
            "book_valuer_per_share": null,
            "book_valuer_per_share_4q_avg": 0,
            "equity": null,
            "current_ratio": null,
            "debt_ratio": null,
            "inventory_turnover_ratio": null,
            "account_receivable_turnover_ratio": null,
            "reinvestment_rate": null,
            "research_to_sale_ratio": null,
            "price_fair": 0,
            "eps_avg_yearly": 0,
            "eps_latest_yearly": 0,
            "eps_growth_yearly": 0
        },
        "20043": {
            "year_quarter": 20043,
            "year": 2004,
            "quarter": 3,
            "eps": null,
            "eps_growth_year": null,
            "eps_4q": null,
            "eps_4q_growth_year": null,
            "roe": null,
            "roe_4q": 0,
            "gross_profit": null,
            "gross_margin": null,
            "gross_margin_4q_avg": 0,
            "net_income": null,
            "net_income_4q": null,
            "revenue": null,
            "revenue_4q": null,
            "common_shares": null,
            "book_valuer_per_share": null,
            "book_valuer_per_share_4q_avg": 0,
            "equity": null,
            "current_ratio": null,
            "debt_ratio": null,
            "inventory_turnover_ratio": null,
            "account_receivable_turnover_ratio": null,
            "reinvestment_rate": null,
            "research_to_sale_ratio": null,
            "price_fair": 0,
            "eps_avg_yearly": 0,
            "eps_latest_yearly": 0,
            "eps_growth_yearly": 0
        },
        "20044": {
            "year_quarter": 20044,
            "year": 2004,
            "quarter": 4,
            "eps": null,
            "eps_growth_year": null,
            "eps_4q": null,
            "eps_4q_growth_year": null,
            "roe": null,
            "roe_4q": 0,
            "gross_profit": null,
            "gross_margin": null,
            "gross_margin_4q_avg": 0,
            "net_income": null,
            "net_income_4q": null,
            "revenue": null,
            "revenue_4q": null,
            "common_shares": null,
            "book_valuer_per_share": null,
            "book_valuer_per_share_4q_avg": 0,
            "equity": null,
            "current_ratio": null,
            "debt_ratio": null,
            "inventory_turnover_ratio": null,
            "account_receivable_turnover_ratio": null,
            "reinvestment_rate": null,
            "research_to_sale_ratio": null,
            "price_fair": 0,
            "eps_avg_yearly": 0,
            "eps_latest_yearly": 0,
            "eps_growth_yearly": 0
        },
        "20051": {
            "year_quarter": 20051,
            "year": 2005,
            "quarter": 1,
            "eps": null,
            "eps_growth_year": null,
            "eps_4q": null,
            "eps_4q_growth_year": null,
            "roe": null,
            "roe_4q": 0,
            "gross_profit": null,
            "gross_margin": null,
            "gross_margin_4q_avg": 0,
            "net_income": null,
            "net_income_4q": null,
            "revenue": null,
            "revenue_4q": null,
            "common_shares": null,
            "book_valuer_per_share": null,
            "book_valuer_per_share_4q_avg": 0,
            "equity": null,
            "current_ratio": null,
            "debt_ratio": null,
            "inventory_turnover_ratio": null,
            "account_receivable_turnover_ratio": null,
            "reinvestment_rate": null,
            "research_to_sale_ratio": null,
            "price_fair": 0,
            "eps_avg_yearly": 0,
            "eps_latest_yearly": 0,
            "eps_growth_yearly": 0
        },
        "20052": {
            "year_quarter": 20052,
            "year": 2005,
            "quarter": 2,
            "eps": null,
            "eps_growth_year": null,
            "eps_4q": null,
            "eps_4q_growth_year": null,
            "roe": null,
            "roe_4q": 0,
            "gross_profit": null,
            "gross_margin": null,
            "gross_margin_4q_avg": 0,
            "net_income": null,
            "net_income_4q": null,
            "revenue": null,
            "revenue_4q": null,
            "common_shares": null,
            "book_valuer_per_share": null,
            "book_valuer_per_share_4q_avg": 0,
            "equity": null,
            "current_ratio": null,
            "debt_ratio": null,
            "inventory_turnover_ratio": null,
            "account_receivable_turnover_ratio": null,
            "reinvestment_rate": null,
            "research_to_sale_ratio": null,
            "price_fair": 0,
            "eps_avg_yearly": 0,
            "eps_latest_yearly": 0,
            "eps_growth_yearly": 0
        },
        "20053": {
            "year_quarter": 20053,
            "year": 2005,
            "quarter": 3,
            "eps": null,
            "eps_growth_year": null,
            "eps_4q": null,
            "eps_4q_growth_year": null,
            "roe": null,
            "roe_4q": 0,
            "gross_profit": null,
            "gross_margin": null,
            "gross_margin_4q_avg": 0,
            "net_income": null,
            "net_income_4q": null,
            "revenue": null,
            "revenue_4q": null,
            "common_shares": null,
            "book_valuer_per_share": null,
            "book_valuer_per_share_4q_avg": 0,
            "equity": null,
            "current_ratio": null,
            "debt_ratio": null,
            "inventory_turnover_ratio": null,
            "account_receivable_turnover_ratio": null,
            "reinvestment_rate": null,
            "research_to_sale_ratio": null,
            "price_fair": 0,
            "eps_avg_yearly": 0,
            "eps_latest_yearly": 0,
            "eps_growth_yearly": 0
        },
        "20054": {
            "year_quarter": 20054,
            "year": 2005,
            "quarter": 4,
            "eps": null,
            "eps_growth_year": null,
            "eps_4q": null,
            "eps_4q_growth_year": null,
            "roe": null,
            "roe_4q": 0,
            "gross_profit": null,
            "gross_margin": null,
            "gross_margin_4q_avg": 0,
            "net_income": null,
            "net_income_4q": null,
            "revenue": null,
            "revenue_4q": null,
            "common_shares": null,
            "book_valuer_per_share": null,
            "book_valuer_per_share_4q_avg": 0,
            "equity": null,
            "current_ratio": null,
            "debt_ratio": null,
            "inventory_turnover_ratio": null,
            "account_receivable_turnover_ratio": null,
            "reinvestment_rate": null,
            "research_to_sale_ratio": null,
            "price_fair": 0,
            "eps_avg_yearly": 0,
            "eps_latest_yearly": 0,
            "eps_growth_yearly": 0
        },
        "20061": {
            "year_quarter": 20061,
            "year": 2006,
            "quarter": 1,
            "eps": null,
            "eps_growth_year": null,
            "eps_4q": null,
            "eps_4q_growth_year": null,
            "roe": null,
            "roe_4q": 0,
            "gross_profit": null,
            "gross_margin": null,
            "gross_margin_4q_avg": 0,
            "net_income": null,
            "net_income_4q": null,
            "revenue": null,
            "revenue_4q": null,
            "common_shares": null,
            "book_valuer_per_share": null,
            "book_valuer_per_share_4q_avg": 0,
            "equity": null,
            "current_ratio": null,
            "debt_ratio": null,
            "inventory_turnover_ratio": null,
            "account_receivable_turnover_ratio": null,
            "reinvestment_rate": null,
            "research_to_sale_ratio": null,
            "price_fair": 0,
            "eps_avg_yearly": 0,
            "eps_latest_yearly": 0,
            "eps_growth_yearly": 0
        },
        "20062": {
            "year_quarter": 20062,
            "year": 2006,
            "quarter": 2,
            "eps": null,
            "eps_growth_year": null,
            "eps_4q": null,
            "eps_4q_growth_year": null,
            "roe": null,
            "roe_4q": 0,
            "gross_profit": null,
            "gross_margin": null,
            "gross_margin_4q_avg": 0,
            "net_income": null,
            "net_income_4q": null,
            "revenue": null,
            "revenue_4q": null,
            "common_shares": null,
            "book_valuer_per_share": null,
            "book_valuer_per_share_4q_avg": 0,
            "equity": null,
            "current_ratio": null,
            "debt_ratio": null,
            "inventory_turnover_ratio": null,
            "account_receivable_turnover_ratio": null,
            "reinvestment_rate": null,
            "research_to_sale_ratio": null,
            "price_fair": 0,
            "eps_avg_yearly": 0,
            "eps_latest_yearly": 0,
            "eps_growth_yearly": 0
        },
        "20063": {
            "year_quarter": 20063,
            "year": 2006,
            "quarter": 3,
            "eps": null,
            "eps_growth_year": null,
            "eps_4q": null,
            "eps_4q_growth_year": null,
            "roe": null,
            "roe_4q": 0,
            "gross_profit": null,
            "gross_margin": null,
            "gross_margin_4q_avg": 0,
            "net_income": null,
            "net_income_4q": null,
            "revenue": null,
            "revenue_4q": null,
            "common_shares": null,
            "book_valuer_per_share": null,
            "book_valuer_per_share_4q_avg": 0,
            "equity": null,
            "current_ratio": null,
            "debt_ratio": null,
            "inventory_turnover_ratio": null,
            "account_receivable_turnover_ratio": null,
            "reinvestment_rate": null,
            "research_to_sale_ratio": null,
            "price_fair": 0,
            "eps_avg_yearly": 0,
            "eps_latest_yearly": 0,
            "eps_growth_yearly": 0
        },
        "20064": {
            "year_quarter": 20064,
            "year": 2006,
            "quarter": 4,
            "eps": null,
            "eps_growth_year": null,
            "eps_4q": null,
            "eps_4q_growth_year": null,
            "roe": null,
            "roe_4q": 0,
            "gross_profit": null,
            "gross_margin": null,
            "gross_margin_4q_avg": 0,
            "net_income": null,
            "net_income_4q": null,
            "revenue": null,
            "revenue_4q": null,
            "common_shares": null,
            "book_valuer_per_share": null,
            "book_valuer_per_share_4q_avg": 0,
            "equity": null,
            "current_ratio": null,
            "debt_ratio": null,
            "inventory_turnover_ratio": null,
            "account_receivable_turnover_ratio": null,
            "reinvestment_rate": null,
            "research_to_sale_ratio": null,
            "price_fair": 0,
            "eps_avg_yearly": 0,
            "eps_latest_yearly": 0,
            "eps_growth_yearly": 0
        },
        "20071": {
            "year_quarter": 20071,
            "year": 2007,
            "quarter": 1,
            "eps": null,
            "eps_growth_year": null,
            "eps_4q": null,
            "eps_4q_growth_year": null,
            "roe": null,
            "roe_4q": 0,
            "gross_profit": null,
            "gross_margin": null,
            "gross_margin_4q_avg": 0,
            "net_income": null,
            "net_income_4q": null,
            "revenue": null,
            "revenue_4q": null,
            "common_shares": null,
            "book_valuer_per_share": null,
            "book_valuer_per_share_4q_avg": 0,
            "equity": null,
            "current_ratio": null,
            "debt_ratio": null,
            "inventory_turnover_ratio": null,
            "account_receivable_turnover_ratio": null,
            "reinvestment_rate": null,
            "research_to_sale_ratio": null,
            "price_fair": 0,
            "eps_avg_yearly": 0,
            "eps_latest_yearly": 0,
            "eps_growth_yearly": 0
        },
        "20072": {
            "year_quarter": 20072,
            "year": 2007,
            "quarter": 2,
            "eps": null,
            "eps_growth_year": null,
            "eps_4q": null,
            "eps_4q_growth_year": null,
            "roe": null,
            "roe_4q": 0,
            "gross_profit": null,
            "gross_margin": null,
            "gross_margin_4q_avg": 0,
            "net_income": null,
            "net_income_4q": null,
            "revenue": null,
            "revenue_4q": null,
            "common_shares": null,
            "book_valuer_per_share": null,
            "book_valuer_per_share_4q_avg": 0,
            "equity": null,
            "current_ratio": null,
            "debt_ratio": null,
            "inventory_turnover_ratio": null,
            "account_receivable_turnover_ratio": null,
            "reinvestment_rate": null,
            "research_to_sale_ratio": null,
            "price_fair": 0,
            "eps_avg_yearly": 0,
            "eps_latest_yearly": 0,
            "eps_growth_yearly": 0
        },
        "20073": {
            "year_quarter": 20073,
            "year": 2007,
            "quarter": 3,
            "eps": null,
            "eps_growth_year": null,
            "eps_4q": null,
            "eps_4q_growth_year": null,
            "roe": null,
            "roe_4q": 0,
            "gross_profit": null,
            "gross_margin": null,
            "gross_margin_4q_avg": 0,
            "net_income": null,
            "net_income_4q": null,
            "revenue": null,
            "revenue_4q": null,
            "common_shares": null,
            "book_valuer_per_share": null,
            "book_valuer_per_share_4q_avg": 0,
            "equity": null,
            "current_ratio": null,
            "debt_ratio": null,
            "inventory_turnover_ratio": null,
            "account_receivable_turnover_ratio": null,
            "reinvestment_rate": null,
            "research_to_sale_ratio": null,
            "price_fair": 0,
            "eps_avg_yearly": 0,
            "eps_latest_yearly": 0,
            "eps_growth_yearly": 0
        },
        "20074": {
            "year_quarter": 20074,
            "year": 2007,
            "quarter": 4,
            "eps": null,
            "eps_growth_year": null,
            "eps_4q": null,
            "eps_4q_growth_year": null,
            "roe": null,
            "roe_4q": 0,
            "gross_profit": null,
            "gross_margin": null,
            "gross_margin_4q_avg": 0,
            "net_income": null,
            "net_income_4q": null,
            "revenue": null,
            "revenue_4q": null,
            "common_shares": null,
            "book_valuer_per_share": null,
            "book_valuer_per_share_4q_avg": 0,
            "equity": null,
            "current_ratio": null,
            "debt_ratio": null,
            "inventory_turnover_ratio": null,
            "account_receivable_turnover_ratio": null,
            "reinvestment_rate": null,
            "research_to_sale_ratio": null,
            "price_fair": 0,
            "eps_avg_yearly": 0,
            "eps_latest_yearly": 0,
            "eps_growth_yearly": 0
        },
        "20081": {
            "year_quarter": 20081,
            "year": 2008,
            "quarter": 1,
            "eps": null,
            "eps_growth_year": null,
            "eps_4q": null,
            "eps_4q_growth_year": null,
            "roe": null,
            "roe_4q": 0,
            "gross_profit": null,
            "gross_margin": null,
            "gross_margin_4q_avg": 0,
            "net_income": null,
            "net_income_4q": null,
            "revenue": null,
            "revenue_4q": null,
            "common_shares": null,
            "book_valuer_per_share": null,
            "book_valuer_per_share_4q_avg": 0,
            "equity": null,
            "current_ratio": null,
            "debt_ratio": null,
            "inventory_turnover_ratio": null,
            "account_receivable_turnover_ratio": null,
            "reinvestment_rate": null,
            "research_to_sale_ratio": null,
            "price_fair": 0,
            "eps_avg_yearly": 0,
            "eps_latest_yearly": 0,
            "eps_growth_yearly": 0
        },
        "20082": {
            "year_quarter": 20082,
            "year": 2008,
            "quarter": 2,
            "eps": null,
            "eps_growth_year": null,
            "eps_4q": null,
            "eps_4q_growth_year": null,
            "roe": null,
            "roe_4q": 0,
            "gross_profit": null,
            "gross_margin": null,
            "gross_margin_4q_avg": 0,
            "net_income": null,
            "net_income_4q": null,
            "revenue": null,
            "revenue_4q": null,
            "common_shares": null,
            "book_valuer_per_share": null,
            "book_valuer_per_share_4q_avg": 0,
            "equity": null,
            "current_ratio": null,
            "debt_ratio": null,
            "inventory_turnover_ratio": null,
            "account_receivable_turnover_ratio": null,
            "reinvestment_rate": null,
            "research_to_sale_ratio": null,
            "price_fair": 0,
            "eps_avg_yearly": 0,
            "eps_latest_yearly": 0,
            "eps_growth_yearly": 0
        },
        "20083": {
            "year_quarter": 20083,
            "year": 2008,
            "quarter": 3,
            "eps": null,
            "eps_growth_year": null,
            "eps_4q": null,
            "eps_4q_growth_year": null,
            "roe": null,
            "roe_4q": 0,
            "gross_profit": null,
            "gross_margin": null,
            "gross_margin_4q_avg": 0,
            "net_income": null,
            "net_income_4q": null,
            "revenue": null,
            "revenue_4q": null,
            "common_shares": null,
            "book_valuer_per_share": null,
            "book_valuer_per_share_4q_avg": 0,
            "equity": null,
            "current_ratio": null,
            "debt_ratio": null,
            "inventory_turnover_ratio": null,
            "account_receivable_turnover_ratio": null,
            "reinvestment_rate": null,
            "research_to_sale_ratio": null,
            "price_fair": 0,
            "eps_avg_yearly": 0,
            "eps_latest_yearly": 0,
            "eps_growth_yearly": 0
        },
        "20084": {
            "year_quarter": 20084,
            "year": 2008,
            "quarter": 4,
            "eps": null,
            "eps_growth_year": null,
            "eps_4q": null,
            "eps_4q_growth_year": null,
            "roe": null,
            "roe_4q": 0,
            "gross_profit": null,
            "gross_margin": null,
            "gross_margin_4q_avg": 0,
            "net_income": null,
            "net_income_4q": null,
            "revenue": null,
            "revenue_4q": null,
            "common_shares": null,
            "book_valuer_per_share": null,
            "book_valuer_per_share_4q_avg": 0,
            "equity": null,
            "current_ratio": null,
            "debt_ratio": null,
            "inventory_turnover_ratio": null,
            "account_receivable_turnover_ratio": null,
            "reinvestment_rate": null,
            "research_to_sale_ratio": null,
            "price_fair": 0,
            "eps_avg_yearly": 0,
            "eps_latest_yearly": 0,
            "eps_growth_yearly": 0
        },
        "20091": {
            "year_quarter": 20091,
            "year": 2009,
            "quarter": 1,
            "eps": null,
            "eps_growth_year": null,
            "eps_4q": null,
            "eps_4q_growth_year": null,
            "roe": null,
            "roe_4q": 0,
            "gross_profit": null,
            "gross_margin": null,
            "gross_margin_4q_avg": 0,
            "net_income": null,
            "net_income_4q": null,
            "revenue": null,
            "revenue_4q": null,
            "common_shares": null,
            "book_valuer_per_share": null,
            "book_valuer_per_share_4q_avg": 0,
            "equity": null,
            "current_ratio": null,
            "debt_ratio": null,
            "inventory_turnover_ratio": null,
            "account_receivable_turnover_ratio": null,
            "reinvestment_rate": null,
            "research_to_sale_ratio": null,
            "price_fair": 0,
            "eps_avg_yearly": 0,
            "eps_latest_yearly": 0,
            "eps_growth_yearly": 0
        },
        "20092": {
            "year_quarter": 20092,
            "year": 2009,
            "quarter": 2,
            "eps": null,
            "eps_growth_year": null,
            "eps_4q": null,
            "eps_4q_growth_year": null,
            "roe": null,
            "roe_4q": 0,
            "gross_profit": null,
            "gross_margin": null,
            "gross_margin_4q_avg": 0,
            "net_income": null,
            "net_income_4q": null,
            "revenue": null,
            "revenue_4q": null,
            "common_shares": null,
            "book_valuer_per_share": null,
            "book_valuer_per_share_4q_avg": 0,
            "equity": null,
            "current_ratio": null,
            "debt_ratio": null,
            "inventory_turnover_ratio": null,
            "account_receivable_turnover_ratio": null,
            "reinvestment_rate": null,
            "research_to_sale_ratio": null,
            "price_fair": 0,
            "eps_avg_yearly": 0,
            "eps_latest_yearly": 0,
            "eps_growth_yearly": 0
        },
        "20093": {
            "year_quarter": 20093,
            "year": 2009,
            "quarter": 3,
            "eps": null,
            "eps_growth_year": null,
            "eps_4q": null,
            "eps_4q_growth_year": null,
            "roe": null,
            "roe_4q": 0,
            "gross_profit": null,
            "gross_margin": null,
            "gross_margin_4q_avg": 0,
            "net_income": null,
            "net_income_4q": null,
            "revenue": null,
            "revenue_4q": null,
            "common_shares": null,
            "book_valuer_per_share": null,
            "book_valuer_per_share_4q_avg": 0,
            "equity": null,
            "current_ratio": null,
            "debt_ratio": null,
            "inventory_turnover_ratio": null,
            "account_receivable_turnover_ratio": null,
            "reinvestment_rate": null,
            "research_to_sale_ratio": null,
            "price_fair": 0,
            "eps_avg_yearly": 0,
            "eps_latest_yearly": 0,
            "eps_growth_yearly": 0
        },
        "20094": {
            "year_quarter": 20094,
            "year": 2009,
            "quarter": 4,
            "eps": null,
            "eps_growth_year": null,
            "eps_4q": null,
            "eps_4q_growth_year": null,
            "roe": null,
            "roe_4q": 0,
            "gross_profit": null,
            "gross_margin": null,
            "gross_margin_4q_avg": 0,
            "net_income": null,
            "net_income_4q": null,
            "revenue": null,
            "revenue_4q": null,
            "common_shares": 700550,
            "book_valuer_per_share": null,
            "book_valuer_per_share_4q_avg": 0,
            "equity": 1445287,
            "current_ratio": null,
            "debt_ratio": null,
            "inventory_turnover_ratio": null,
            "account_receivable_turnover_ratio": null,
            "reinvestment_rate": null,
            "research_to_sale_ratio": null,
            "price_fair": 0,
            "eps_avg_yearly": 0,
            "eps_latest_yearly": 0,
            "eps_growth_yearly": 0
        },
        "20101": {
            "year_quarter": 20101,
            "year": 2010,
            "quarter": 1,
            "eps": null,
            "eps_growth_year": null,
            "eps_4q": null,
            "eps_4q_growth_year": null,
            "roe": null,
            "roe_4q": 0,
            "gross_profit": null,
            "gross_margin": null,
            "gross_margin_4q_avg": 0,
            "net_income": null,
            "net_income_4q": null,
            "revenue": null,
            "revenue_4q": null,
            "common_shares": null,
            "book_valuer_per_share": null,
            "book_valuer_per_share_4q_avg": 0,
            "equity": null,
            "current_ratio": null,
            "debt_ratio": null,
            "inventory_turnover_ratio": null,
            "account_receivable_turnover_ratio": null,
            "reinvestment_rate": null,
            "research_to_sale_ratio": null,
            "price_fair": 0,
            "eps_avg_yearly": 0,
            "eps_latest_yearly": 0,
            "eps_growth_yearly": 0
        },
        "20102": {
            "year_quarter": 20102,
            "year": 2010,
            "quarter": 2,
            "eps": null,
            "eps_growth_year": null,
            "eps_4q": null,
            "eps_4q_growth_year": null,
            "roe": null,
            "roe_4q": 0,
            "gross_profit": null,
            "gross_margin": null,
            "gross_margin_4q_avg": 0,
            "net_income": null,
            "net_income_4q": null,
            "revenue": null,
            "revenue_4q": null,
            "common_shares": 700550,
            "book_valuer_per_share": null,
            "book_valuer_per_share_4q_avg": 0,
            "equity": 1605338,
            "current_ratio": null,
            "debt_ratio": null,
            "inventory_turnover_ratio": null,
            "account_receivable_turnover_ratio": null,
            "reinvestment_rate": null,
            "research_to_sale_ratio": null,
            "price_fair": 0,
            "eps_avg_yearly": 0,
            "eps_latest_yearly": 0,
            "eps_growth_yearly": 0
        },
        "20103": {
            "year_quarter": 20103,
            "year": 2010,
            "quarter": 3,
            "eps": null,
            "eps_growth_year": null,
            "eps_4q": null,
            "eps_4q_growth_year": null,
            "roe": null,
            "roe_4q": 0,
            "gross_profit": null,
            "gross_margin": null,
            "gross_margin_4q_avg": 0,
            "net_income": null,
            "net_income_4q": null,
            "revenue": null,
            "revenue_4q": null,
            "common_shares": null,
            "book_valuer_per_share": null,
            "book_valuer_per_share_4q_avg": 0,
            "equity": null,
            "current_ratio": null,
            "debt_ratio": null,
            "inventory_turnover_ratio": null,
            "account_receivable_turnover_ratio": null,
            "reinvestment_rate": null,
            "research_to_sale_ratio": null,
            "price_fair": 0,
            "eps_avg_yearly": 0,
            "eps_latest_yearly": 0,
            "eps_growth_yearly": 0
        },
        "20104": {
            "year_quarter": 20104,
            "year": 2010,
            "quarter": 4,
            "eps": null,
            "eps_growth_year": null,
            "eps_4q": null,
            "eps_4q_growth_year": null,
            "roe": null,
            "roe_4q": 0,
            "gross_profit": null,
            "gross_margin": null,
            "gross_margin_4q_avg": 0,
            "net_income": null,
            "net_income_4q": null,
            "revenue": null,
            "revenue_4q": null,
            "common_shares": 700550,
            "book_valuer_per_share": 18.86,
            "book_valuer_per_share_4q_avg": 4.72,
            "equity": 1620875,
            "current_ratio": 147.44,
            "debt_ratio": 43.26,
            "inventory_turnover_ratio": null,
            "account_receivable_turnover_ratio": null,
            "reinvestment_rate": null,
            "research_to_sale_ratio": null,
            "price_fair": 0,
            "eps_avg_yearly": 0,
            "eps_latest_yearly": 0,
            "eps_growth_yearly": 0
        },
        "20111": {
            "year_quarter": 20111,
            "year": 2011,
            "quarter": 1,
            "eps": null,
            "eps_growth_year": null,
            "eps_4q": null,
            "eps_4q_growth_year": null,
            "roe": null,
            "roe_4q": 0,
            "gross_profit": null,
            "gross_margin": null,
            "gross_margin_4q_avg": 0,
            "net_income": null,
            "net_income_4q": null,
            "revenue": null,
            "revenue_4q": null,
            "common_shares": null,
            "book_valuer_per_share": null,
            "book_valuer_per_share_4q_avg": 4.72,
            "equity": null,
            "current_ratio": null,
            "debt_ratio": null,
            "inventory_turnover_ratio": null,
            "account_receivable_turnover_ratio": null,
            "reinvestment_rate": null,
            "research_to_sale_ratio": null,
            "price_fair": 0,
            "eps_avg_yearly": 0,
            "eps_latest_yearly": 0,
            "eps_growth_yearly": 0
        },
        "20112": {
            "year_quarter": 20112,
            "year": 2011,
            "quarter": 2,
            "eps": null,
            "eps_growth_year": null,
            "eps_4q": null,
            "eps_4q_growth_year": null,
            "roe": null,
            "roe_4q": 0,
            "gross_profit": null,
            "gross_margin": null,
            "gross_margin_4q_avg": 0,
            "net_income": null,
            "net_income_4q": null,
            "revenue": null,
            "revenue_4q": null,
            "common_shares": 780000,
            "book_valuer_per_share": 18.42,
            "book_valuer_per_share_4q_avg": 9.32,
            "equity": 1724486,
            "current_ratio": 144.24,
            "debt_ratio": 45.82,
            "inventory_turnover_ratio": null,
            "account_receivable_turnover_ratio": null,
            "reinvestment_rate": null,
            "research_to_sale_ratio": null,
            "price_fair": 0,
            "eps_avg_yearly": 0,
            "eps_latest_yearly": 0,
            "eps_growth_yearly": 0
        },
        "20113": {
            "year_quarter": 20113,
            "year": 2011,
            "quarter": 3,
            "eps": null,
            "eps_growth_year": null,
            "eps_4q": null,
            "eps_4q_growth_year": null,
            "roe": null,
            "roe_4q": 0,
            "gross_profit": null,
            "gross_margin": null,
            "gross_margin_4q_avg": 0,
            "net_income": null,
            "net_income_4q": null,
            "revenue": null,
            "revenue_4q": null,
            "common_shares": null,
            "book_valuer_per_share": null,
            "book_valuer_per_share_4q_avg": 9.32,
            "equity": null,
            "current_ratio": null,
            "debt_ratio": null,
            "inventory_turnover_ratio": null,
            "account_receivable_turnover_ratio": null,
            "reinvestment_rate": null,
            "research_to_sale_ratio": null,
            "price_fair": 0,
            "eps_avg_yearly": 0,
            "eps_latest_yearly": 0,
            "eps_growth_yearly": 0
        },
        "20114": {
            "year_quarter": 20114,
            "year": 2011,
            "quarter": 4,
            "eps": null,
            "eps_growth_year": null,
            "eps_4q": null,
            "eps_4q_growth_year": null,
            "roe": null,
            "roe_4q": 0,
            "gross_profit": null,
            "gross_margin": null,
            "gross_margin_4q_avg": 0,
            "net_income": null,
            "net_income_4q": null,
            "revenue": null,
            "revenue_4q": null,
            "common_shares": 780000,
            "book_valuer_per_share": 19.05,
            "book_valuer_per_share_4q_avg": 9.37,
            "equity": 1735540,
            "current_ratio": 143.7,
            "debt_ratio": 46.63,
            "inventory_turnover_ratio": null,
            "account_receivable_turnover_ratio": null,
            "reinvestment_rate": null,
            "research_to_sale_ratio": null,
            "price_fair": 0,
            "eps_avg_yearly": 0,
            "eps_latest_yearly": 0,
            "eps_growth_yearly": 0
        },
        "20121": {
            "year_quarter": 20121,
            "year": 2012,
            "quarter": 1,
            "eps": null,
            "eps_growth_year": null,
            "eps_4q": null,
            "eps_4q_growth_year": null,
            "roe": null,
            "roe_4q": 0,
            "gross_profit": 67214,
            "gross_margin": null,
            "gross_margin_4q_avg": 0,
            "net_income": -13666,
            "net_income_4q": null,
            "revenue": 584220,
            "revenue_4q": null,
            "common_shares": 780000,
            "book_valuer_per_share": null,
            "book_valuer_per_share_4q_avg": 9.37,
            "equity": 1663525,
            "current_ratio": null,
            "debt_ratio": null,
            "inventory_turnover_ratio": null,
            "account_receivable_turnover_ratio": null,
            "reinvestment_rate": null,
            "research_to_sale_ratio": null,
            "price_fair": 0,
            "eps_avg_yearly": 0,
            "eps_latest_yearly": 0,
            "eps_growth_yearly": 0
        },
        "20122": {
            "year_quarter": 20122,
            "year": 2012,
            "quarter": 2,
            "eps": null,
            "eps_growth_year": null,
            "eps_4q": null,
            "eps_4q_growth_year": null,
            "roe": null,
            "roe_4q": 0,
            "gross_profit": 131175,
            "gross_margin": null,
            "gross_margin_4q_avg": 0,
            "net_income": 39188,
            "net_income_4q": null,
            "revenue": 636905,
            "revenue_4q": null,
            "common_shares": 780000,
            "book_valuer_per_share": 18.97,
            "book_valuer_per_share_4q_avg": 9.51,
            "equity": 1741177,
            "current_ratio": 154.33,
            "debt_ratio": 47.16,
            "inventory_turnover_ratio": null,
            "account_receivable_turnover_ratio": null,
            "reinvestment_rate": null,
            "research_to_sale_ratio": null,
            "price_fair": 0,
            "eps_avg_yearly": 0,
            "eps_latest_yearly": 0,
            "eps_growth_yearly": 0
        },
        "20123": {
            "year_quarter": 20123,
            "year": 2012,
            "quarter": 3,
            "eps": null,
            "eps_growth_year": null,
            "eps_4q": null,
            "eps_4q_growth_year": null,
            "roe": null,
            "roe_4q": 0,
            "gross_profit": null,
            "gross_margin": null,
            "gross_margin_4q_avg": 0,
            "net_income": null,
            "net_income_4q": null,
            "revenue": null,
            "revenue_4q": null,
            "common_shares": null,
            "book_valuer_per_share": null,
            "book_valuer_per_share_4q_avg": 9.51,
            "equity": null,
            "current_ratio": null,
            "debt_ratio": null,
            "inventory_turnover_ratio": null,
            "account_receivable_turnover_ratio": null,
            "reinvestment_rate": null,
            "research_to_sale_ratio": null,
            "price_fair": 0,
            "eps_avg_yearly": 0,
            "eps_latest_yearly": 0,
            "eps_growth_yearly": 0
        },
        "20124": {
            "year_quarter": 20124,
            "year": 2012,
            "quarter": 4,
            "eps": null,
            "eps_growth_year": null,
            "eps_4q": null,
            "eps_4q_growth_year": null,
            "roe": null,
            "roe_4q": 0,
            "gross_profit": null,
            "gross_margin": null,
            "gross_margin_4q_avg": 0,
            "net_income": null,
            "net_income_4q": null,
            "revenue": null,
            "revenue_4q": null,
            "common_shares": 795600,
            "book_valuer_per_share": 18.48,
            "book_valuer_per_share_4q_avg": 9.36,
            "equity": 1738131,
            "current_ratio": 145.75,
            "debt_ratio": 48.25,
            "inventory_turnover_ratio": null,
            "account_receivable_turnover_ratio": null,
            "reinvestment_rate": null,
            "research_to_sale_ratio": null,
            "price_fair": 0,
            "eps_avg_yearly": 0,
            "eps_latest_yearly": 0,
            "eps_growth_yearly": 0
        },
        "20131": {
            "year_quarter": 20131,
            "year": 2013,
            "quarter": 1,
            "eps": 0.57,
            "eps_growth_year": null,
            "eps_4q": null,
            "eps_4q_growth_year": null,
            "roe": 2.79,
            "roe_4q": 2.79,
            "gross_profit": 134460,
            "gross_margin": 21.62,
            "gross_margin_4q_avg": 5.41,
            "net_income": 49115,
            "net_income_4q": null,
            "revenue": 621825,
            "revenue_4q": null,
            "common_shares": 795600,
            "book_valuer_per_share": 18.97,
            "book_valuer_per_share_4q_avg": 14.11,
            "equity": 1786826,
            "current_ratio": 148.54,
            "debt_ratio": 47.19,
            "inventory_turnover_ratio": 1.18,
            "account_receivable_turnover_ratio": 0.57,
            "reinvestment_rate": null,
            "research_to_sale_ratio": 1.89,
            "price_fair": 0,
            "eps_avg_yearly": 0,
            "eps_latest_yearly": 0,
            "eps_growth_yearly": 0
        },
        "20132": {
            "year_quarter": 20132,
            "year": 2013,
            "quarter": 2,
            "eps": 1.03,
            "eps_growth_year": null,
            "eps_4q": null,
            "eps_4q_growth_year": null,
            "roe": 5.53,
            "roe_4q": 8.32,
            "gross_profit": 167863,
            "gross_margin": 23.07,
            "gross_margin_4q_avg": 11.17,
            "net_income": 101225,
            "net_income_4q": null,
            "revenue": 727584,
            "revenue_4q": null,
            "common_shares": 795600,
            "book_valuer_per_share": 19.78,
            "book_valuer_per_share_4q_avg": 14.31,
            "equity": 1874348,
            "current_ratio": 153.29,
            "debt_ratio": 46.88,
            "inventory_turnover_ratio": 1.28,
            "account_receivable_turnover_ratio": 0.75,
            "reinvestment_rate": null,
            "research_to_sale_ratio": 1.32,
            "price_fair": 144.2,
            "eps_avg_yearly": 4.12,
            "eps_latest_yearly": 4.12,
            "eps_growth_yearly": 322.81
        },
        "20133": {
            "year_quarter": 20133,
            "year": 2013,
            "quarter": 3,
            "eps": null,
            "eps_growth_year": null,
            "eps_4q": null,
            "eps_4q_growth_year": null,
            "roe": null,
            "roe_4q": 8.32,
            "gross_profit": null,
            "gross_margin": null,
            "gross_margin_4q_avg": 11.17,
            "net_income": null,
            "net_income_4q": null,
            "revenue": null,
            "revenue_4q": null,
            "common_shares": null,
            "book_valuer_per_share": null,
            "book_valuer_per_share_4q_avg": 14.31,
            "equity": null,
            "current_ratio": null,
            "debt_ratio": null,
            "inventory_turnover_ratio": null,
            "account_receivable_turnover_ratio": null,
            "reinvestment_rate": null,
            "research_to_sale_ratio": null,
            "price_fair": 144.2,
            "eps_avg_yearly": 4.12,
            "eps_latest_yearly": 4.12,
            "eps_growth_yearly": 322.81
        },
        "20134": {
            "year_quarter": 20134,
            "year": 2013,
            "quarter": 4,
            "eps": null,
            "eps_growth_year": null,
            "eps_4q": null,
            "eps_4q_growth_year": null,
            "roe": null,
            "roe_4q": 8.32,
            "gross_profit": null,
            "gross_margin": null,
            "gross_margin_4q_avg": 11.17,
            "net_income": null,
            "net_income_4q": null,
            "revenue": null,
            "revenue_4q": null,
            "common_shares": 795600,
            "book_valuer_per_share": 20.66,
            "book_valuer_per_share_4q_avg": 14.85,
            "equity": 1968293,
            "current_ratio": 159.68,
            "debt_ratio": 45,
            "inventory_turnover_ratio": null,
            "account_receivable_turnover_ratio": null,
            "reinvestment_rate": null,
            "research_to_sale_ratio": null,
            "price_fair": 144.2,
            "eps_avg_yearly": 4.12,
            "eps_latest_yearly": 4.12,
            "eps_growth_yearly": 322.81
        },
        "20141": {
            "year_quarter": 20141,
            "year": 2014,
            "quarter": 1,
            "eps": null,
            "eps_growth_year": null,
            "eps_4q": null,
            "eps_4q_growth_year": null,
            "roe": null,
            "roe_4q": 5.53,
            "gross_profit": 165589,
            "gross_margin": null,
            "gross_margin_4q_avg": 5.77,
            "net_income": 79393,
            "net_income_4q": null,
            "revenue": 653483,
            "revenue_4q": null,
            "common_shares": 795600,
            "book_valuer_per_share": null,
            "book_valuer_per_share_4q_avg": 10.11,
            "equity": 2098074,
            "current_ratio": null,
            "debt_ratio": null,
            "inventory_turnover_ratio": null,
            "account_receivable_turnover_ratio": null,
            "reinvestment_rate": null,
            "research_to_sale_ratio": null,
            "price_fair": 144.2,
            "eps_avg_yearly": 4.12,
            "eps_latest_yearly": 4.12,
            "eps_growth_yearly": 322.81
        },
        "20142": {
            "year_quarter": 20142,
            "year": 2014,
            "quarter": 2,
            "eps": null,
            "eps_growth_year": null,
            "eps_4q": null,
            "eps_4q_growth_year": null,
            "roe": null,
            "roe_4q": 0,
            "gross_profit": 180661,
            "gross_margin": null,
            "gross_margin_4q_avg": 0,
            "net_income": 51802,
            "net_income_4q": null,
            "revenue": 749398,
            "revenue_4q": null,
            "common_shares": 795600,
            "book_valuer_per_share": 21.46,
            "book_valuer_per_share_4q_avg": 10.53,
            "equity": 2065296,
            "current_ratio": 151.1,
            "debt_ratio": 43.42,
            "inventory_turnover_ratio": null,
            "account_receivable_turnover_ratio": null,
            "reinvestment_rate": null,
            "research_to_sale_ratio": null,
            "price_fair": 144.2,
            "eps_avg_yearly": 4.12,
            "eps_latest_yearly": 4.12,
            "eps_growth_yearly": 322.81
        },
        "20143": {
            "year_quarter": 20143,
            "year": 2014,
            "quarter": 3,
            "eps": null,
            "eps_growth_year": null,
            "eps_4q": null,
            "eps_4q_growth_year": null,
            "roe": null,
            "roe_4q": 0,
            "gross_profit": null,
            "gross_margin": null,
            "gross_margin_4q_avg": 0,
            "net_income": null,
            "net_income_4q": null,
            "revenue": null,
            "revenue_4q": null,
            "common_shares": null,
            "book_valuer_per_share": null,
            "book_valuer_per_share_4q_avg": 10.53,
            "equity": null,
            "current_ratio": null,
            "debt_ratio": null,
            "inventory_turnover_ratio": null,
            "account_receivable_turnover_ratio": null,
            "reinvestment_rate": null,
            "research_to_sale_ratio": null,
            "price_fair": 144.2,
            "eps_avg_yearly": 4.12,
            "eps_latest_yearly": 4.12,
            "eps_growth_yearly": 322.81
        },
        "20144": {
            "year_quarter": 20144,
            "year": 2014,
            "quarter": 4,
            "eps": null,
            "eps_growth_year": null,
            "eps_4q": null,
            "eps_4q_growth_year": null,
            "roe": null,
            "roe_4q": 0,
            "gross_profit": null,
            "gross_margin": null,
            "gross_margin_4q_avg": 0,
            "net_income": null,
            "net_income_4q": null,
            "revenue": null,
            "revenue_4q": null,
            "common_shares": 910000,
            "book_valuer_per_share": 24.89,
            "book_valuer_per_share_4q_avg": 11.59,
            "equity": 2265332,
            "current_ratio": 160.89,
            "debt_ratio": 40.6,
            "inventory_turnover_ratio": null,
            "account_receivable_turnover_ratio": null,
            "reinvestment_rate": null,
            "research_to_sale_ratio": null,
            "price_fair": 144.2,
            "eps_avg_yearly": 4.12,
            "eps_latest_yearly": 4.12,
            "eps_growth_yearly": 322.81
        },
        "20151": {
            "year_quarter": 20151,
            "year": 2015,
            "quarter": 1,
            "eps": 0.89,
            "eps_growth_year": null,
            "eps_4q": null,
            "eps_4q_growth_year": null,
            "roe": 3.53,
            "roe_4q": 3.53,
            "gross_profit": 199497,
            "gross_margin": 28.16,
            "gross_margin_4q_avg": 7.04,
            "net_income": 81199,
            "net_income_4q": null,
            "revenue": 708398,
            "revenue_4q": null,
            "common_shares": 910000,
            "book_valuer_per_share": 25.68,
            "book_valuer_per_share_4q_avg": 18.01,
            "equity": 2336439,
            "current_ratio": 163.06,
            "debt_ratio": 40.12,
            "inventory_turnover_ratio": 1.41,
            "account_receivable_turnover_ratio": 0.64,
            "reinvestment_rate": null,
            "research_to_sale_ratio": 2.06,
            "price_fair": 144.2,
            "eps_avg_yearly": 4.12,
            "eps_latest_yearly": 4.12,
            "eps_growth_yearly": 322.81
        },
        "20152": {
            "year_quarter": 20152,
            "year": 2015,
            "quarter": 2,
            "eps": 0.68,
            "eps_growth_year": null,
            "eps_4q": null,
            "eps_4q_growth_year": null,
            "roe": 2.68,
            "roe_4q": 6.21,
            "gross_profit": 185586,
            "gross_margin": 25.91,
            "gross_margin_4q_avg": 13.52,
            "net_income": 61219,
            "net_income_4q": null,
            "revenue": 716386,
            "revenue_4q": null,
            "common_shares": 910000,
            "book_valuer_per_share": 24.6,
            "book_valuer_per_share_4q_avg": 18.79,
            "equity": 2227718,
            "current_ratio": 155.87,
            "debt_ratio": 43.32,
            "inventory_turnover_ratio": 1.43,
            "account_receivable_turnover_ratio": 0.66,
            "reinvestment_rate": null,
            "research_to_sale_ratio": 2.63,
            "price_fair": 119.7,
            "eps_avg_yearly": 3.42,
            "eps_latest_yearly": 2.72,
            "eps_growth_yearly": 114.21
        },
        "20153": {
            "year_quarter": 20153,
            "year": 2015,
            "quarter": 3,
            "eps": null,
            "eps_growth_year": null,
            "eps_4q": null,
            "eps_4q_growth_year": null,
            "roe": null,
            "roe_4q": 6.21,
            "gross_profit": null,
            "gross_margin": null,
            "gross_margin_4q_avg": 13.52,
            "net_income": null,
            "net_income_4q": null,
            "revenue": null,
            "revenue_4q": null,
            "common_shares": null,
            "book_valuer_per_share": null,
            "book_valuer_per_share_4q_avg": 18.79,
            "equity": null,
            "current_ratio": null,
            "debt_ratio": null,
            "inventory_turnover_ratio": null,
            "account_receivable_turnover_ratio": null,
            "reinvestment_rate": null,
            "research_to_sale_ratio": null,
            "price_fair": 119.7,
            "eps_avg_yearly": 3.42,
            "eps_latest_yearly": 2.72,
            "eps_growth_yearly": 114.21
        },
        "20154": {
            "year_quarter": 20154,
            "year": 2015,
            "quarter": 4,
            "eps": null,
            "eps_growth_year": null,
            "eps_4q": null,
            "eps_4q_growth_year": null,
            "roe": null,
            "roe_4q": 6.21,
            "gross_profit": null,
            "gross_margin": null,
            "gross_margin_4q_avg": 13.52,
            "net_income": null,
            "net_income_4q": null,
            "revenue": null,
            "revenue_4q": null,
            "common_shares": 910000,
            "book_valuer_per_share": 26.52,
            "book_valuer_per_share_4q_avg": 19.2,
            "equity": 2394715,
            "current_ratio": 162.45,
            "debt_ratio": 40.12,
            "inventory_turnover_ratio": null,
            "account_receivable_turnover_ratio": null,
            "reinvestment_rate": null,
            "research_to_sale_ratio": null,
            "price_fair": 119.7,
            "eps_avg_yearly": 3.42,
            "eps_latest_yearly": 2.72,
            "eps_growth_yearly": 114.21
        },
        "20161": {
            "year_quarter": 20161,
            "year": 2016,
            "quarter": 1,
            "eps": null,
            "eps_growth_year": null,
            "eps_4q": null,
            "eps_4q_growth_year": null,
            "roe": null,
            "roe_4q": 2.68,
            "gross_profit": null,
            "gross_margin": null,
            "gross_margin_4q_avg": 6.48,
            "net_income": null,
            "net_income_4q": null,
            "revenue": null,
            "revenue_4q": null,
            "common_shares": null,
            "book_valuer_per_share": null,
            "book_valuer_per_share_4q_avg": 12.78,
            "equity": null,
            "current_ratio": null,
            "debt_ratio": null,
            "inventory_turnover_ratio": null,
            "account_receivable_turnover_ratio": null,
            "reinvestment_rate": null,
            "research_to_sale_ratio": null,
            "price_fair": 119.7,
            "eps_avg_yearly": 3.42,
            "eps_latest_yearly": 2.72,
            "eps_growth_yearly": 114.21
        },
        "20162": {
            "year_quarter": 20162,
            "year": 2016,
            "quarter": 2,
            "eps": null,
            "eps_growth_year": null,
            "eps_4q": null,
            "eps_4q_growth_year": null,
            "roe": null,
            "roe_4q": 0,
            "gross_profit": null,
            "gross_margin": null,
            "gross_margin_4q_avg": 0,
            "net_income": null,
            "net_income_4q": null,
            "revenue": null,
            "revenue_4q": null,
            "common_shares": 910000,
            "book_valuer_per_share": 25.89,
            "book_valuer_per_share_4q_avg": 13.1,
            "equity": 2337711,
            "current_ratio": 139.65,
            "debt_ratio": 43.43,
            "inventory_turnover_ratio": null,
            "account_receivable_turnover_ratio": null,
            "reinvestment_rate": null,
            "research_to_sale_ratio": null,
            "price_fair": 119.7,
            "eps_avg_yearly": 3.42,
            "eps_latest_yearly": 2.72,
            "eps_growth_yearly": 114.21
        },
        "20163": {
            "year_quarter": 20163,
            "year": 2016,
            "quarter": 3,
            "eps": null,
            "eps_growth_year": null,
            "eps_4q": null,
            "eps_4q_growth_year": null,
            "roe": null,
            "roe_4q": 0,
            "gross_profit": null,
            "gross_margin": null,
            "gross_margin_4q_avg": 0,
            "net_income": null,
            "net_income_4q": null,
            "revenue": null,
            "revenue_4q": null,
            "common_shares": null,
            "book_valuer_per_share": null,
            "book_valuer_per_share_4q_avg": 13.1,
            "equity": null,
            "current_ratio": null,
            "debt_ratio": null,
            "inventory_turnover_ratio": null,
            "account_receivable_turnover_ratio": null,
            "reinvestment_rate": null,
            "research_to_sale_ratio": null,
            "price_fair": 119.7,
            "eps_avg_yearly": 3.42,
            "eps_latest_yearly": 2.72,
            "eps_growth_yearly": 114.21
        },
        "20164": {
            "year_quarter": 20164,
            "year": 2016,
            "quarter": 4,
            "eps": null,
            "eps_growth_year": null,
            "eps_4q": null,
            "eps_4q_growth_year": null,
            "roe": null,
            "roe_4q": 0,
            "gross_profit": null,
            "gross_margin": null,
            "gross_margin_4q_avg": 0,
            "net_income": null,
            "net_income_4q": null,
            "revenue": null,
            "revenue_4q": null,
            "common_shares": null,
            "book_valuer_per_share": null,
            "book_valuer_per_share_4q_avg": 6.47,
            "equity": null,
            "current_ratio": null,
            "debt_ratio": null,
            "inventory_turnover_ratio": null,
            "account_receivable_turnover_ratio": null,
            "reinvestment_rate": null,
            "research_to_sale_ratio": null,
            "price_fair": 119.7,
            "eps_avg_yearly": 3.42,
            "eps_latest_yearly": 2.72,
            "eps_growth_yearly": 114.21
        },
        "20171": {
            "year_quarter": 20171,
            "year": 2017,
            "quarter": 1,
            "eps": null,
            "eps_growth_year": null,
            "eps_4q": null,
            "eps_4q_growth_year": null,
            "roe": null,
            "roe_4q": 0,
            "gross_profit": null,
            "gross_margin": null,
            "gross_margin_4q_avg": 0,
            "net_income": null,
            "net_income_4q": null,
            "revenue": null,
            "revenue_4q": null,
            "common_shares": null,
            "book_valuer_per_share": null,
            "book_valuer_per_share_4q_avg": 6.47,
            "equity": null,
            "current_ratio": null,
            "debt_ratio": null,
            "inventory_turnover_ratio": null,
            "account_receivable_turnover_ratio": null,
            "reinvestment_rate": null,
            "research_to_sale_ratio": null,
            "price_fair": 119.7,
            "eps_avg_yearly": 3.42,
            "eps_latest_yearly": 2.72,
            "eps_growth_yearly": 114.21
        },
        "20172": {
            "year_quarter": 20172,
            "year": 2017,
            "quarter": 2,
            "eps": null,
            "eps_growth_year": null,
            "eps_4q": null,
            "eps_4q_growth_year": null,
            "roe": null,
            "roe_4q": 0,
            "gross_profit": null,
            "gross_margin": null,
            "gross_margin_4q_avg": 0,
            "net_income": null,
            "net_income_4q": null,
            "revenue": null,
            "revenue_4q": null,
            "common_shares": 910000,
            "book_valuer_per_share": 25.6,
            "book_valuer_per_share_4q_avg": 6.4,
            "equity": 2311688,
            "current_ratio": 120.65,
            "debt_ratio": 45.94,
            "inventory_turnover_ratio": null,
            "account_receivable_turnover_ratio": null,
            "reinvestment_rate": null,
            "research_to_sale_ratio": null,
            "price_fair": 8.16,
            "eps_avg_yearly": 2.72,
            "eps_latest_yearly": 2.72,
            "eps_growth_yearly": -94.38
        },
        "20173": {
            "year_quarter": 20173,
            "year": 2017,
            "quarter": 3,
            "eps": null,
            "eps_growth_year": null,
            "eps_4q": null,
            "eps_4q_growth_year": null,
            "roe": null,
            "roe_4q": 0,
            "gross_profit": null,
            "gross_margin": null,
            "gross_margin_4q_avg": 0,
            "net_income": null,
            "net_income_4q": null,
            "revenue": null,
            "revenue_4q": null,
            "common_shares": null,
            "book_valuer_per_share": null,
            "book_valuer_per_share_4q_avg": 6.4,
            "equity": null,
            "current_ratio": null,
            "debt_ratio": null,
            "inventory_turnover_ratio": null,
            "account_receivable_turnover_ratio": null,
            "reinvestment_rate": null,
            "research_to_sale_ratio": null,
            "price_fair": 8.16,
            "eps_avg_yearly": 2.72,
            "eps_latest_yearly": 2.72,
            "eps_growth_yearly": -94.38
        },
        "20174": {
            "year_quarter": 20174,
            "year": 2017,
            "quarter": 4,
            "eps": null,
            "eps_growth_year": null,
            "eps_4q": null,
            "eps_4q_growth_year": null,
            "roe": null,
            "roe_4q": 0,
            "gross_profit": null,
            "gross_margin": null,
            "gross_margin_4q_avg": 0,
            "net_income": null,
            "net_income_4q": null,
            "revenue": null,
            "revenue_4q": null,
            "common_shares": 910000,
            "book_valuer_per_share": 27.89,
            "book_valuer_per_share_4q_avg": 13.37,
            "equity": 2538179,
            "current_ratio": 126.7,
            "debt_ratio": 43.48,
            "inventory_turnover_ratio": null,
            "account_receivable_turnover_ratio": null,
            "reinvestment_rate": null,
            "research_to_sale_ratio": null,
            "price_fair": 8.16,
            "eps_avg_yearly": 2.72,
            "eps_latest_yearly": 2.72,
            "eps_growth_yearly": -94.38
        },
        "20181": {
            "year_quarter": 20181,
            "year": 2018,
            "quarter": 1,
            "eps": null,
            "eps_growth_year": null,
            "eps_4q": null,
            "eps_4q_growth_year": null,
            "roe": null,
            "roe_4q": 0,
            "gross_profit": null,
            "gross_margin": null,
            "gross_margin_4q_avg": 0,
            "net_income": null,
            "net_income_4q": null,
            "revenue": null,
            "revenue_4q": null,
            "common_shares": null,
            "book_valuer_per_share": null,
            "book_valuer_per_share_4q_avg": 13.37,
            "equity": null,
            "current_ratio": null,
            "debt_ratio": null,
            "inventory_turnover_ratio": null,
            "account_receivable_turnover_ratio": null,
            "reinvestment_rate": null,
            "research_to_sale_ratio": null,
            "price_fair": 8.16,
            "eps_avg_yearly": 2.72,
            "eps_latest_yearly": 2.72,
            "eps_growth_yearly": -94.38
        },
        "20182": {
            "year_quarter": 20182,
            "year": 2018,
            "quarter": 2,
            "eps": null,
            "eps_growth_year": null,
            "eps_4q": null,
            "eps_4q_growth_year": null,
            "roe": null,
            "roe_4q": 0,
            "gross_profit": null,
            "gross_margin": null,
            "gross_margin_4q_avg": 0,
            "net_income": null,
            "net_income_4q": null,
            "revenue": null,
            "revenue_4q": null,
            "common_shares": 910000,
            "book_valuer_per_share": 30.67,
            "book_valuer_per_share_4q_avg": 14.64,
            "equity": 2790864,
            "current_ratio": 122.79,
            "debt_ratio": 45.7,
            "inventory_turnover_ratio": null,
            "account_receivable_turnover_ratio": null,
            "reinvestment_rate": null,
            "research_to_sale_ratio": null,
            "price_fair": 8.16,
            "eps_avg_yearly": 2.72,
            "eps_latest_yearly": 2.72,
            "eps_growth_yearly": -94.38
        },
        "20183": {
            "year_quarter": 20183,
            "year": 2018,
            "quarter": 3,
            "eps": null,
            "eps_growth_year": null,
            "eps_4q": null,
            "eps_4q_growth_year": null,
            "roe": null,
            "roe_4q": 0,
            "gross_profit": null,
            "gross_margin": null,
            "gross_margin_4q_avg": 0,
            "net_income": null,
            "net_income_4q": null,
            "revenue": null,
            "revenue_4q": null,
            "common_shares": null,
            "book_valuer_per_share": null,
            "book_valuer_per_share_4q_avg": 14.64,
            "equity": null,
            "current_ratio": null,
            "debt_ratio": null,
            "inventory_turnover_ratio": null,
            "account_receivable_turnover_ratio": null,
            "reinvestment_rate": null,
            "research_to_sale_ratio": null,
            "price_fair": 8.16,
            "eps_avg_yearly": 2.72,
            "eps_latest_yearly": 2.72,
            "eps_growth_yearly": -94.38
        },
        "20184": {
            "year_quarter": 20184,
            "year": 2018,
            "quarter": 4,
            "eps": null,
            "eps_growth_year": null,
            "eps_4q": null,
            "eps_4q_growth_year": null,
            "roe": null,
            "roe_4q": 0,
            "gross_profit": null,
            "gross_margin": null,
            "gross_margin_4q_avg": 0,
            "net_income": null,
            "net_income_4q": null,
            "revenue": null,
            "revenue_4q": null,
            "common_shares": 910000,
            "book_valuer_per_share": 32.13,
            "book_valuer_per_share_4q_avg": 15.7,
            "equity": 2924002,
            "current_ratio": 127.04,
            "debt_ratio": 43.58,
            "inventory_turnover_ratio": null,
            "account_receivable_turnover_ratio": null,
            "reinvestment_rate": null,
            "research_to_sale_ratio": null,
            "price_fair": 8.16,
            "eps_avg_yearly": 2.72,
            "eps_latest_yearly": 2.72,
            "eps_growth_yearly": -94.38
        },
        "20191": {
            "year_quarter": 20191,
            "year": 2019,
            "quarter": 1,
            "eps": null,
            "eps_growth_year": null,
            "eps_4q": null,
            "eps_4q_growth_year": null,
            "roe": null,
            "roe_4q": 0,
            "gross_profit": null,
            "gross_margin": null,
            "gross_margin_4q_avg": 0,
            "net_income": null,
            "net_income_4q": null,
            "revenue": null,
            "revenue_4q": null,
            "common_shares": null,
            "book_valuer_per_share": null,
            "book_valuer_per_share_4q_avg": 15.7,
            "equity": null,
            "current_ratio": null,
            "debt_ratio": null,
            "inventory_turnover_ratio": null,
            "account_receivable_turnover_ratio": null,
            "reinvestment_rate": null,
            "research_to_sale_ratio": null,
            "price_fair": 8.16,
            "eps_avg_yearly": 2.72,
            "eps_latest_yearly": 2.72,
            "eps_growth_yearly": -94.38
        },
        "20192": {
            "year_quarter": 20192,
            "year": 2019,
            "quarter": 2,
            "eps": null,
            "eps_growth_year": null,
            "eps_4q": null,
            "eps_4q_growth_year": null,
            "roe": null,
            "roe_4q": 0,
            "gross_profit": null,
            "gross_margin": null,
            "gross_margin_4q_avg": 0,
            "net_income": null,
            "net_income_4q": null,
            "revenue": null,
            "revenue_4q": null,
            "common_shares": 910000,
            "book_valuer_per_share": 30.97,
            "book_valuer_per_share_4q_avg": 15.78,
            "equity": 2817913,
            "current_ratio": 118.39,
            "debt_ratio": 46.92,
            "inventory_turnover_ratio": null,
            "account_receivable_turnover_ratio": null,
            "reinvestment_rate": null,
            "research_to_sale_ratio": null,
            "price_fair": 0,
            "eps_avg_yearly": 0,
            "eps_latest_yearly": 0,
            "eps_growth_yearly": 0
        },
        "20193": {
            "year_quarter": 20193,
            "year": 2019,
            "quarter": 3,
            "eps": null,
            "eps_growth_year": null,
            "eps_4q": null,
            "eps_4q_growth_year": null,
            "roe": null,
            "roe_4q": 0,
            "gross_profit": null,
            "gross_margin": null,
            "gross_margin_4q_avg": 0,
            "net_income": null,
            "net_income_4q": null,
            "revenue": null,
            "revenue_4q": null,
            "common_shares": null,
            "book_valuer_per_share": null,
            "book_valuer_per_share_4q_avg": 15.78,
            "equity": null,
            "current_ratio": null,
            "debt_ratio": null,
            "inventory_turnover_ratio": null,
            "account_receivable_turnover_ratio": null,
            "reinvestment_rate": null,
            "research_to_sale_ratio": null,
            "price_fair": 0,
            "eps_avg_yearly": 0,
            "eps_latest_yearly": 0,
            "eps_growth_yearly": 0
        },
        "20194": {
            "year_quarter": 20194,
            "year": 2019,
            "quarter": 4,
            "eps": null,
            "eps_growth_year": null,
            "eps_4q": null,
            "eps_4q_growth_year": null,
            "roe": null,
            "roe_4q": 0,
            "gross_profit": null,
            "gross_margin": null,
            "gross_margin_4q_avg": 0,
            "net_income": null,
            "net_income_4q": null,
            "revenue": null,
            "revenue_4q": null,
            "common_shares": 910000,
            "book_valuer_per_share": 33.05,
            "book_valuer_per_share_4q_avg": 16.01,
            "equity": 3007592,
            "current_ratio": 140.76,
            "debt_ratio": 42.66,
            "inventory_turnover_ratio": null,
            "account_receivable_turnover_ratio": null,
            "reinvestment_rate": null,
            "research_to_sale_ratio": null,
            "price_fair": 0,
            "eps_avg_yearly": 0,
            "eps_latest_yearly": 0,
            "eps_growth_yearly": 0
        },
        "20201": {
            "year_quarter": 20201,
            "year": 2020,
            "quarter": 1,
            "eps": null,
            "eps_growth_year": null,
            "eps_4q": null,
            "eps_4q_growth_year": null,
            "roe": null,
            "roe_4q": 0,
            "gross_profit": null,
            "gross_margin": null,
            "gross_margin_4q_avg": 0,
            "net_income": null,
            "net_income_4q": null,
            "revenue": null,
            "revenue_4q": null,
            "common_shares": null,
            "book_valuer_per_share": null,
            "book_valuer_per_share_4q_avg": 16.01,
            "equity": null,
            "current_ratio": null,
            "debt_ratio": null,
            "inventory_turnover_ratio": null,
            "account_receivable_turnover_ratio": null,
            "reinvestment_rate": null,
            "research_to_sale_ratio": null,
            "price_fair": 0,
            "eps_avg_yearly": 0,
            "eps_latest_yearly": 0,
            "eps_growth_yearly": 0
        },
        "20202": {
            "year_quarter": 20202,
            "year": 2020,
            "quarter": 2,
            "eps": null,
            "eps_growth_year": null,
            "eps_4q": null,
            "eps_4q_growth_year": null,
            "roe": null,
            "roe_4q": 0,
            "gross_profit": null,
            "gross_margin": null,
            "gross_margin_4q_avg": 0,
            "net_income": null,
            "net_income_4q": null,
            "revenue": null,
            "revenue_4q": null,
            "common_shares": 910000,
            "book_valuer_per_share": 34.1,
            "book_valuer_per_share_4q_avg": 16.79,
            "equity": 3102772,
            "current_ratio": 146.11,
            "debt_ratio": 45.71,
            "inventory_turnover_ratio": null,
            "account_receivable_turnover_ratio": null,
            "reinvestment_rate": null,
            "research_to_sale_ratio": null,
            "price_fair": 0,
            "eps_avg_yearly": 0,
            "eps_latest_yearly": 0,
            "eps_growth_yearly": 0
        },
        "20203": {
            "year_quarter": 20203,
            "year": 2020,
            "quarter": 3,
            "eps": 2.05,
            "eps_growth_year": null,
            "eps_4q": null,
            "eps_4q_growth_year": null,
            "roe": 5.81,
            "roe_4q": 5.81,
            "gross_profit": 407534,
            "gross_margin": 33.11,
            "gross_margin_4q_avg": 8.28,
            "net_income": 186853,
            "net_income_4q": null,
            "revenue": 1230919,
            "revenue_4q": null,
            "common_shares": 910000,
            "book_valuer_per_share": 36.53,
            "book_valuer_per_share_4q_avg": 25.92,
            "equity": 3324275,
            "current_ratio": 154.04,
            "debt_ratio": 42.05,
            "inventory_turnover_ratio": 1.36,
            "account_receivable_turnover_ratio": 0.7,
            "reinvestment_rate": null,
            "research_to_sale_ratio": 2.76,
            "price_fair": 0,
            "eps_avg_yearly": 0,
            "eps_latest_yearly": 0,
            "eps_growth_yearly": 0
        },
        "20204": {
            "year_quarter": 20204,
            "year": 2020,
            "quarter": 4,
            "eps": 1.92,
            "eps_growth_year": null,
            "eps_4q": null,
            "eps_4q_growth_year": null,
            "roe": 5.07,
            "roe_4q": 10.879999999999999,
            "gross_profit": 369639,
            "gross_margin": 30.6,
            "gross_margin_4q_avg": 15.93,
            "net_income": 174588,
            "net_income_4q": null,
            "revenue": 1208138,
            "revenue_4q": null,
            "common_shares": 910000,
            "book_valuer_per_share": 39.19,
            "book_valuer_per_share_4q_avg": 27.46,
            "equity": 3565884,
            "current_ratio": 154.12,
            "debt_ratio": 42.26,
            "inventory_turnover_ratio": 1.4,
            "account_receivable_turnover_ratio": 0.67,
            "reinvestment_rate": null,
            "research_to_sale_ratio": 2.21,
            "price_fair": 23.04,
            "eps_avg_yearly": 7.68,
            "eps_latest_yearly": 7.68,
            "eps_growth_yearly": -25.37
        },
        "20211": {
            "year_quarter": 20211,
            "year": 2021,
            "quarter": 1,
            "eps": 2.54,
            "eps_growth_year": null,
            "eps_4q": null,
            "eps_4q_growth_year": null,
            "roe": 6.24,
            "roe_4q": 17.12,
            "gross_profit": 458202,
            "gross_margin": 33.35,
            "gross_margin_4q_avg": 24.27,
            "net_income": 230912,
            "net_income_4q": null,
            "revenue": 1374114,
            "revenue_4q": null,
            "common_shares": 910000,
            "book_valuer_per_share": 42.2,
            "book_valuer_per_share_4q_avg": 38.01,
            "equity": 3840471,
            "current_ratio": 144.88,
            "debt_ratio": 42.87,
            "inventory_turnover_ratio": 1.55,
            "account_receivable_turnover_ratio": 0.72,
            "reinvestment_rate": null,
            "research_to_sale_ratio": 2.4,
            "price_fair": 312.2,
            "eps_avg_yearly": 8.92,
            "eps_latest_yearly": 10.16,
            "eps_growth_yearly": 51.9
        },
        "20212": {
            "year_quarter": 20212,
            "year": 2021,
            "quarter": 2,
            "eps": 3.48,
            "eps_growth_year": null,
            "eps_4q": 9.08,
            "eps_4q_growth_year": null,
            "roe": 7.31,
            "roe_4q": 24.43,
            "gross_profit": 544803,
            "gross_margin": 34.39,
            "gross_margin_4q_avg": 32.86,
            "net_income": 344598,
            "net_income_4q": null,
            "revenue": 1584335,
            "revenue_4q": null,
            "common_shares": 1031340,
            "book_valuer_per_share": 54.14,
            "book_valuer_per_share_4q_avg": 43.02,
            "equity": 5583518,
            "current_ratio": 167.96,
            "debt_ratio": 35.38,
            "inventory_turnover_ratio": 1.69,
            "account_receivable_turnover_ratio": 0.73,
            "reinvestment_rate": null,
            "research_to_sale_ratio": 2.02,
            "price_fair": 370.53,
            "eps_avg_yearly": 10.59,
            "eps_latest_yearly": 13.92,
            "eps_growth_yearly": 83.94
        },
        "20213": {
            "year_quarter": 20213,
            "year": 2021,
            "quarter": 3,
            "eps": 3.39,
            "eps_growth_year": 65.37,
            "eps_4q": 10.66,
            "eps_4q_growth_year": null,
            "roe": 6.09,
            "roe_4q": 24.71,
            "gross_profit": 590867,
            "gross_margin": 34.87,
            "gross_margin_4q_avg": 33.3,
            "net_income": 349713,
            "net_income_4q": null,
            "revenue": 1694489,
            "revenue_4q": null,
            "common_shares": 1031340,
            "book_valuer_per_share": 57.2,
            "book_valuer_per_share_4q_avg": 48.18,
            "equity": 5898907,
            "current_ratio": 165.81,
            "debt_ratio": 36.72,
            "inventory_turnover_ratio": 1.65,
            "account_receivable_turnover_ratio": 0.71,
            "reinvestment_rate": null,
            "research_to_sale_ratio": 2.35,
            "price_fair": 396.55,
            "eps_avg_yearly": 11.33,
            "eps_latest_yearly": 13.56,
            "eps_growth_yearly": 60.37
        },
        "20214": {
            "year_quarter": 20214,
            "year": 2021,
            "quarter": 4,
            "eps": 2.64,
            "eps_growth_year": 37.39,
            "eps_4q": 11.61,
            "eps_4q_growth_year": null,
            "roe": 4.49,
            "roe_4q": 24.130000000000003,
            "gross_profit": 541692,
            "gross_margin": 35.82,
            "gross_margin_4q_avg": 34.61,
            "net_income": 271842,
            "net_income_4q": null,
            "revenue": 1512343,
            "revenue_4q": null,
            "common_shares": 1031340,
            "book_valuer_per_share": 60.34,
            "book_valuer_per_share_4q_avg": 53.47,
            "equity": 6222591,
            "current_ratio": 183.66,
            "debt_ratio": 35.22,
            "inventory_turnover_ratio": 1.25,
            "account_receivable_turnover_ratio": 0.61,
            "reinvestment_rate": null,
            "research_to_sale_ratio": 2.46,
            "price_fair": 391.16,
            "eps_avg_yearly": 11.18,
            "eps_latest_yearly": 10.56,
            "eps_growth_yearly": 30.6
        },
        "20221": {
            "year_quarter": 20221,
            "year": 2022,
            "quarter": 1,
            "eps": 2.97,
            "eps_growth_year": 16.93,
            "eps_4q": 12.33,
            "eps_4q_growth_year": null,
            "roe": 5.03,
            "roe_4q": 22.919999999999998,
            "gross_profit": 491441,
            "gross_margin": 33.35,
            "gross_margin_4q_avg": 34.61,
            "net_income": 306003,
            "net_income_4q": null,
            "revenue": 1473667,
            "revenue_4q": null,
            "common_shares": 1031340,
            "book_valuer_per_share": 57.57,
            "book_valuer_per_share_4q_avg": 57.31,
            "equity": 5937499,
            "current_ratio": 171.41,
            "debt_ratio": 38.31,
            "inventory_turnover_ratio": 1.1,
            "account_receivable_turnover_ratio": 0.61,
            "reinvestment_rate": null,
            "research_to_sale_ratio": 2.58,
            "price_fair": 395.27,
            "eps_avg_yearly": 11.29,
            "eps_latest_yearly": 11.88,
            "eps_growth_yearly": 33.83
        },
        "20222": {
            "year_quarter": 20222,
            "year": 2022,
            "quarter": 2,
            "eps": 3.43,
            "eps_growth_year": -1.44,
            "eps_4q": 12.42,
            "eps_4q_growth_year": 36.71,
            "roe": 5.81,
            "roe_4q": 21.42,
            "gross_profit": 521681,
            "gross_margin": 37.54,
            "gross_margin_4q_avg": 35.4,
            "net_income": 353329,
            "net_income_4q": null,
            "revenue": 1389503,
            "revenue_4q": null,
            "common_shares": 1031340,
            "book_valuer_per_share": 60.42,
            "book_valuer_per_share_4q_avg": 58.88,
            "equity": 6231799,
            "current_ratio": 183.24,
            "debt_ratio": 36.36,
            "inventory_turnover_ratio": 0.85,
            "account_receivable_turnover_ratio": 0.61,
            "reinvestment_rate": null,
            "research_to_sale_ratio": 3.32,
            "price_fair": 407.4,
            "eps_avg_yearly": 11.64,
            "eps_latest_yearly": 13.72,
            "eps_growth_yearly": 37.85
        },
        "20223": {
            "year_quarter": 20223,
            "year": 2022,
            "quarter": 3,
            "eps": 2.39,
            "eps_growth_year": -29.5,
            "eps_4q": 11.53,
            "eps_4q_growth_year": 8.14,
            "roe": 3.88,
            "roe_4q": 19.21,
            "gross_profit": 353240,
            "gross_margin": 29.59,
            "gross_margin_4q_avg": 34.08,
            "net_income": 245444,
            "net_income_4q": null,
            "revenue": 1193655,
            "revenue_4q": null,
            "common_shares": 1031340,
            "book_valuer_per_share": 63.07,
            "book_valuer_per_share_4q_avg": 60.35,
            "equity": 6434800,
            "current_ratio": 312.59,
            "debt_ratio": 29.12,
            "inventory_turnover_ratio": 0.82,
            "account_receivable_turnover_ratio": 0.58,
            "reinvestment_rate": null,
            "research_to_sale_ratio": 3.27,
            "price_fair": 318.16,
            "eps_avg_yearly": 11.38,
            "eps_latest_yearly": 9.56,
            "eps_growth_yearly": 17.96
        },
        "20224": {
            "year_quarter": 20224,
            "year": 2022,
            "quarter": 4,
            "eps": 1.31,
            "eps_growth_year": -50.26,
            "eps_4q": 10.18,
            "eps_4q_growth_year": -12.31,
            "roe": 2.06,
            "roe_4q": 16.78,
            "gross_profit": 413163,
            "gross_margin": 33.47,
            "gross_margin_4q_avg": 33.49,
            "net_income": 133761,
            "net_income_4q": null,
            "revenue": 1234508,
            "revenue_4q": null,
            "common_shares": 1020340,
            "book_valuer_per_share": 63.95,
            "book_valuer_per_share_4q_avg": 61.25,
            "equity": 6524937,
            "current_ratio": 314.8,
            "debt_ratio": 29.47,
            "inventory_turnover_ratio": 0.86,
            "account_receivable_turnover_ratio": 0.66,
            "reinvestment_rate": null,
            "research_to_sale_ratio": 2.81,
            "price_fair": 32.09,
            "eps_avg_yearly": 10.7,
            "eps_latest_yearly": 5.24,
            "eps_growth_yearly": -4.12
        },
        "20231": {
            "year_quarter": 20231,
            "year": 2023,
            "quarter": 1,
            "eps": 1.74,
            "eps_growth_year": -41.41,
            "eps_4q": 8.92,
            "eps_4q_growth_year": -27.69,
            "roe": 2.8,
            "roe_4q": 14.549999999999997,
            "gross_profit": 360554,
            "gross_margin": 30.66,
            "gross_margin_4q_avg": 32.82,
            "net_income": 177588,
            "net_income_4q": null,
            "revenue": 1175868,
            "revenue_4q": null,
            "common_shares": 1020340,
            "book_valuer_per_share": 60.51,
            "book_valuer_per_share_4q_avg": 61.99,
            "equity": 6174373,
            "current_ratio": 164.65,
            "debt_ratio": 40.11,
            "inventory_turnover_ratio": 0.86,
            "account_receivable_turnover_ratio": 0.66,
            "reinvestment_rate": null,
            "research_to_sale_ratio": 2.92,
            "price_fair": 200.5,
            "eps_avg_yearly": 10.32,
            "eps_latest_yearly": 6.96,
            "eps_growth_yearly": 9.42
        },
        "20232": {
            "year_quarter": 20232,
            "year": 2023,
            "quarter": 2,
            "eps": 1.66,
            "eps_growth_year": -51.6,
            "eps_4q": 7.12,
            "eps_4q_growth_year": -42.68,
            "roe": 2.71,
            "roe_4q": 11.45,
            "gross_profit": 255886,
            "gross_margin": 23.39,
            "gross_margin_4q_avg": 29.28,
            "net_income": 169508,
            "net_income_4q": null,
            "revenue": 1093980,
            "revenue_4q": null,
            "common_shares": 1020340,
            "book_valuer_per_share": 62.1,
            "book_valuer_per_share_4q_avg": 62.41,
            "equity": 6336361,
            "current_ratio": 176.67,
            "debt_ratio": 39.47,
            "inventory_turnover_ratio": 0.93,
            "account_receivable_turnover_ratio": 0.62,
            "reinvestment_rate": null,
            "research_to_sale_ratio": 3.27,
            "price_fair": 168.74,
            "eps_avg_yearly": 9.99,
            "eps_latest_yearly": 6.64,
            "eps_growth_yearly": 6.89
        },
        "20233": {
            "year_quarter": 20233,
            "year": 2023,
            "quarter": 3,
            "eps": 1.25,
            "eps_growth_year": -47.7,
            "eps_4q": 5.97,
            "eps_4q_growth_year": -48.25,
            "roe": 1.96,
            "roe_4q": 9.53,
            "gross_profit": 255881,
            "gross_margin": 24.03,
            "gross_margin_4q_avg": 27.89,
            "net_income": 127936,
            "net_income_4q": null,
            "revenue": 1064913,
            "revenue_4q": null,
            "common_shares": 1020340,
            "book_valuer_per_share": 65.25,
            "book_valuer_per_share_4q_avg": 62.95,
            "equity": 6722704,
            "current_ratio": 210.28,
            "debt_ratio": 35.64,
            "inventory_turnover_ratio": 0.96,
            "account_receivable_turnover_ratio": 0.63,
            "reinvestment_rate": null,
            "research_to_sale_ratio": 3.83,
            "price_fair": 28.72,
            "eps_avg_yearly": 9.57,
            "eps_latest_yearly": 5,
            "eps_growth_yearly": -1.91
        },
        "20234": {
            "year_quarter": 20234,
            "year": 2023,
            "quarter": 4,
            "eps": 1.16,
            "eps_growth_year": -11.56,
            "eps_4q": 5.82,
            "eps_4q_growth_year": -42.86,
            "roe": 1.75,
            "roe_4q": 9.219999999999999,
            "gross_profit": 245362,
            "gross_margin": 22.37,
            "gross_margin_4q_avg": 25.11,
            "net_income": 117751,
            "net_income_4q": null,
            "revenue": 1097028,
            "revenue_4q": null,
            "common_shares": 1020340,
            "book_valuer_per_share": 65.43,
            "book_valuer_per_share_4q_avg": 63.32,
            "equity": 6736327,
            "current_ratio": 350.21,
            "debt_ratio": 38.12,
            "inventory_turnover_ratio": 1.06,
            "account_receivable_turnover_ratio": 0.67,
            "reinvestment_rate": null,
            "research_to_sale_ratio": 4.05,
            "price_fair": 27.58,
            "eps_avg_yearly": 9.19,
            "eps_latest_yearly": 4.64,
            "eps_growth_yearly": -3.98
        }
    },
    "months": {
        "2011-04": {
            "month": "2011-04",
            "price": "29.30",
            "revenue": 161503
        },
        "2011-05": {
            "month": "2011-05",
            "price": "23.56",
            "revenue": 180631
        },
        "2011-06": {
            "month": "2011-06",
            "price": "24.24",
            "revenue": 167162
        },
        "2011-07": {
            "month": "2011-07",
            "price": "22.28",
            "revenue": 147090
        },
        "2011-08": {
            "month": "2011-08",
            "price": "20.20",
            "revenue": 156331
        },
        "2011-09": {
            "month": "2011-09",
            "price": "19.60",
            "revenue": 151853
        },
        "2011-10": {
            "month": "2011-10",
            "price": "18.98",
            "revenue": 147368
        },
        "2011-11": {
            "month": "2011-11",
            "price": "19.18",
            "revenue": 150381
        },
        "2011-12": {
            "month": "2011-12",
            "price": "18.84",
            "revenue": 122153
        },
        "2012-01": {
            "month": "2012-01",
            "price": "17.88",
            "revenue": 116325
        },
        "2012-02": {
            "month": "2012-02",
            "price": "18.28",
            "revenue": 125912
        },
        "2012-03": {
            "month": "2012-03",
            "price": "17.01",
            "revenue": 158338
        },
        "2012-04": {
            "month": "2012-04",
            "price": "15.53",
            "revenue": 161295
        },
        "2012-05": {
            "month": "2012-05",
            "price": "15.13",
            "revenue": 176992
        },
        "2012-06": {
            "month": "2012-06",
            "price": "15.22",
            "revenue": 176879
        },
        "2012-07": {
            "month": "2012-07",
            "price": "15.57",
            "revenue": 167135
        },
        "2012-08": {
            "month": "2012-08",
            "price": "14.74",
            "revenue": 174077
        },
        "2012-09": {
            "month": "2012-09",
            "price": "14.03",
            "revenue": 147376
        },
        "2012-10": {
            "month": "2012-10",
            "price": "13.83",
            "revenue": 157587
        },
        "2012-11": {
            "month": "2012-11",
            "price": "12.93",
            "revenue": 151436
        },
        "2012-12": {
            "month": "2012-12",
            "price": "12.73",
            "revenue": 130719
        },
        "2013-01": {
            "month": "2013-01",
            "price": "12.82",
            "revenue": 228115
        },
        "2013-02": {
            "month": "2013-02",
            "price": "15.22",
            "revenue": 155306
        },
        "2013-03": {
            "month": "2013-03",
            "price": "15.70",
            "revenue": 236845
        },
        "2013-04": {
            "month": "2013-04",
            "price": "16.98",
            "revenue": 247502
        },
        "2013-05": {
            "month": "2013-05",
            "price": "19.34",
            "revenue": 247646
        },
        "2013-06": {
            "month": "2013-06",
            "price": "21.92",
            "revenue": 233496
        },
        "2013-07": {
            "month": "2013-07",
            "price": "21.79",
            "revenue": 252058
        },
        "2013-08": {
            "month": "2013-08",
            "price": "23.83",
            "revenue": 268764
        },
        "2013-09": {
            "month": "2013-09",
            "price": "25.07",
            "revenue": 243427
        },
        "2013-10": {
            "month": "2013-10",
            "price": "22.43",
            "revenue": 232690
        },
        "2013-11": {
            "month": "2013-11",
            "price": "21.80",
            "revenue": 226526
        },
        "2013-12": {
            "month": "2013-12",
            "price": "21.06",
            "revenue": 218386
        },
        "2014-01": {
            "month": "2014-01",
            "price": "24.01",
            "revenue": 206866
        },
        "2014-02": {
            "month": "2014-02",
            "price": "27.26",
            "revenue": 184496
        },
        "2014-03": {
            "month": "2014-03",
            "price": "29.30",
            "revenue": 263692
        },
        "2014-04": {
            "month": "2014-04",
            "price": "28.41",
            "revenue": 270026
        },
        "2014-05": {
            "month": "2014-05",
            "price": "28.37",
            "revenue": 242372
        },
        "2014-06": {
            "month": "2014-06",
            "price": "32.08",
            "revenue": 235334
        },
        "2014-07": {
            "month": "2014-07",
            "price": "30.41",
            "revenue": 255099
        },
        "2014-08": {
            "month": "2014-08",
            "price": "29.35",
            "revenue": 262746
        },
        "2014-09": {
            "month": "2014-09",
            "price": "28.91",
            "revenue": 253082
        },
        "2014-10": {
            "month": "2014-10",
            "price": "27.03",
            "revenue": 258983
        },
        "2014-11": {
            "month": "2014-11",
            "price": "25.92",
            "revenue": 263083
        },
        "2014-12": {
            "month": "2014-12",
            "price": "27.37",
            "revenue": 262793
        },
        "2015-01": {
            "month": "2015-01",
            "price": "28.40",
            "revenue": 274457
        },
        "2015-02": {
            "month": "2015-02",
            "price": "29.51",
            "revenue": 190667
        },
        "2015-03": {
            "month": "2015-03",
            "price": "29.93",
            "revenue": 243309
        },
        "2015-04": {
            "month": "2015-04",
            "price": "31.94",
            "revenue": 233368
        },
        "2015-05": {
            "month": "2015-05",
            "price": "31.36",
            "revenue": 240719
        },
        "2015-06": {
            "month": "2015-06",
            "price": "29.34",
            "revenue": 242026
        },
        "2015-07": {
            "month": "2015-07",
            "price": "28.04",
            "revenue": 276529
        },
        "2015-08": {
            "month": "2015-08",
            "price": "24.19",
            "revenue": 241250
        },
        "2015-09": {
            "month": "2015-09",
            "price": "25.19",
            "revenue": 259392
        },
        "2015-10": {
            "month": "2015-10",
            "price": "25.31",
            "revenue": 257139
        },
        "2015-11": {
            "month": "2015-11",
            "price": "25.66",
            "revenue": 244680
        },
        "2015-12": {
            "month": "2015-12",
            "price": "25.36",
            "revenue": 258323
        },
        "2016-01": {
            "month": "2016-01",
            "price": "23.90",
            "revenue": 253402
        },
        "2016-02": {
            "month": "2016-02",
            "price": "24.15",
            "revenue": 174241
        },
        "2016-03": {
            "month": "2016-03",
            "price": "26.02",
            "revenue": 257227
        },
        "2016-04": {
            "month": "2016-04",
            "price": "25.10",
            "revenue": 241354
        },
        "2016-05": {
            "month": "2016-05",
            "price": "25.02",
            "revenue": 248878
        },
        "2016-06": {
            "month": "2016-06",
            "price": "25.00",
            "revenue": 234194
        },
        "2016-07": {
            "month": "2016-07",
            "price": "24.38",
            "revenue": 252601
        },
        "2016-08": {
            "month": "2016-08",
            "price": "24.12",
            "revenue": 267735
        },
        "2016-09": {
            "month": "2016-09",
            "price": "24.66",
            "revenue": 266476
        },
        "2016-10": {
            "month": "2016-10",
            "price": "24.63",
            "revenue": 241985
        },
        "2016-11": {
            "month": "2016-11",
            "price": "23.67",
            "revenue": 247189
        },
        "2016-12": {
            "month": "2016-12",
            "price": "23.77",
            "revenue": 221050
        },
        "2017-01": {
            "month": "2017-01",
            "price": "24.47",
            "revenue": 197059
        },
        "2017-02": {
            "month": "2017-02",
            "price": "25.23",
            "revenue": 204759
        },
        "2017-03": {
            "month": "2017-03",
            "price": "24.71",
            "revenue": 262253
        },
        "2017-04": {
            "month": "2017-04",
            "price": "24.85",
            "revenue": 227330
        },
        "2017-05": {
            "month": "2017-05",
            "price": "25.01",
            "revenue": 240083
        },
        "2017-06": {
            "month": "2017-06",
            "price": "25.98",
            "revenue": 272062
        },
        "2017-07": {
            "month": "2017-07",
            "price": "25.60",
            "revenue": 266629
        },
        "2017-08": {
            "month": "2017-08",
            "price": "26.00",
            "revenue": 291119
        },
        "2017-09": {
            "month": "2017-09",
            "price": "28.77",
            "revenue": 280558
        },
        "2017-10": {
            "month": "2017-10",
            "price": "29.03",
            "revenue": 265581
        },
        "2017-11": {
            "month": "2017-11",
            "price": "27.66",
            "revenue": 289238
        },
        "2017-12": {
            "month": "2017-12",
            "price": "26.40",
            "revenue": 273642
        },
        "2018-01": {
            "month": "2018-01",
            "price": "27.03",
            "revenue": 301040
        },
        "2018-02": {
            "month": "2018-02",
            "price": "27.14",
            "revenue": 201476
        },
        "2018-03": {
            "month": "2018-03",
            "price": "28.52",
            "revenue": 289884
        },
        "2018-04": {
            "month": "2018-04",
            "price": "30.77",
            "revenue": 294833
        },
        "2018-05": {
            "month": "2018-05",
            "price": "36.22",
            "revenue": 337809
        },
        "2018-06": {
            "month": "2018-06",
            "price": "51.51",
            "revenue": 309167
        },
        "2018-07": {
            "month": "2018-07",
            "price": "48.93",
            "revenue": 334132
        },
        "2018-08": {
            "month": "2018-08",
            "price": "45.23",
            "revenue": 337217
        },
        "2018-09": {
            "month": "2018-09",
            "price": "43.79",
            "revenue": 323947
        },
        "2018-10": {
            "month": "2018-10",
            "price": "37.08",
            "revenue": 291427
        },
        "2018-11": {
            "month": "2018-11",
            "price": "32.28",
            "revenue": 270661
        },
        "2018-12": {
            "month": "2018-12",
            "price": "31.05",
            "revenue": 256657
        },
        "2019-01": {
            "month": "2019-01",
            "price": "29.49",
            "revenue": 267534
        },
        "2019-02": {
            "month": "2019-02",
            "price": "31.62",
            "revenue": 177597
        },
        "2019-03": {
            "month": "2019-03",
            "price": "31.54",
            "revenue": 257755
        },
        "2019-04": {
            "month": "2019-04",
            "price": "33.60",
            "revenue": 272079
        },
        "2019-05": {
            "month": "2019-05",
            "price": "32.20",
            "revenue": 266204
        },
        "2019-06": {
            "month": "2019-06",
            "price": "32.31",
            "revenue": 254400
        },
        "2019-07": {
            "month": "2019-07",
            "price": "31.71",
            "revenue": 294497
        },
        "2019-08": {
            "month": "2019-08",
            "price": "30.38",
            "revenue": 301496
        },
        "2019-09": {
            "month": "2019-09",
            "price": "30.31",
            "revenue": 298663
        },
        "2019-10": {
            "month": "2019-10",
            "price": "30.77",
            "revenue": 309130
        },
        "2019-11": {
            "month": "2019-11",
            "price": "31.03",
            "revenue": 316830
        },
        "2019-12": {
            "month": "2019-12",
            "price": "32.86",
            "revenue": 335730
        },
        "2020-01": {
            "month": "2020-01",
            "price": "37.66",
            "revenue": 255234
        },
        "2020-02": {
            "month": "2020-02",
            "price": "36.58",
            "revenue": 230638
        },
        "2020-03": {
            "month": "2020-03",
            "price": "33.48",
            "revenue": 390589
        },
        "2020-04": {
            "month": "2020-04",
            "price": "37.58",
            "revenue": 401911
        },
        "2020-05": {
            "month": "2020-05",
            "price": "48.18",
            "revenue": 397066
        },
        "2020-06": {
            "month": "2020-06",
            "price": "51.96",
            "revenue": 363509
        },
        "2020-07": {
            "month": "2020-07",
            "price": "61.14",
            "revenue": 411746
        },
        "2020-08": {
            "month": "2020-08",
            "price": "69.70",
            "revenue": 397025
        },
        "2020-09": {
            "month": "2020-09",
            "price": "75.54",
            "revenue": 422148
        },
        "2020-10": {
            "month": "2020-10",
            "price": "78.58",
            "revenue": 382533
        },
        "2020-11": {
            "month": "2020-11",
            "price": "90.46",
            "revenue": 407097
        },
        "2020-12": {
            "month": "2020-12",
            "price": "96.53",
            "revenue": 418484
        },
        "2021-01": {
            "month": "2021-01",
            "price": "99.75",
            "revenue": 480535
        },
        "2021-02": {
            "month": "2021-02",
            "price": "118.15",
            "revenue": 374234
        },
        "2021-03": {
            "month": "2021-03",
            "price": "133.55",
            "revenue": 519345
        },
        "2021-04": {
            "month": "2021-04",
            "price": "189.39",
            "revenue": 504144
        },
        "2021-05": {
            "month": "2021-05",
            "price": "129.60",
            "revenue": 532278
        },
        "2021-06": {
            "month": "2021-06",
            "price": "145.86",
            "revenue": 547912
        },
        "2021-07": {
            "month": "2021-07",
            "price": "164.36",
            "revenue": 555527
        },
        "2021-08": {
            "month": "2021-08",
            "price": "154.77",
            "revenue": 567039
        },
        "2021-09": {
            "month": "2021-09",
            "price": "139.12",
            "revenue": 571924
        },
        "2021-10": {
            "month": "2021-10",
            "price": "119.15",
            "revenue": 507094
        },
        "2021-11": {
            "month": "2021-11",
            "price": "129.68",
            "revenue": 521806
        },
        "2021-12": {
            "month": "2021-12",
            "price": "128.82",
            "revenue": 483443
        },
        "2022-01": {
            "month": "2022-01",
            "price": "129.14",
            "revenue": 510084
        },
        "2022-02": {
            "month": "2022-02",
            "price": "122.40",
            "revenue": 423135
        },
        "2022-03": {
            "month": "2022-03",
            "price": "120.87",
            "revenue": 540449
        },
        "2022-04": {
            "month": "2022-04",
            "price": "113.13",
            "revenue": 438281
        },
        "2022-05": {
            "month": "2022-05",
            "price": "107.31",
            "revenue": 510689
        },
        "2022-06": {
            "month": "2022-06",
            "price": "103.09",
            "revenue": 440533
        },
        "2022-07": {
            "month": "2022-07",
            "price": "83.71",
            "revenue": 376147
        },
        "2022-08": {
            "month": "2022-08",
            "price": "89.52",
            "revenue": 403188
        },
        "2022-09": {
            "month": "2022-09",
            "price": "87.79",
            "revenue": 414319
        },
        "2022-10": {
            "month": "2022-10",
            "price": "75.12",
            "revenue": 422096
        },
        "2022-11": {
            "month": "2022-11",
            "price": "78.83",
            "revenue": 436703
        },
        "2022-12": {
            "month": "2022-12",
            "price": "82.01",
            "revenue": 375709
        },
        "2023-01": {
            "month": "2023-01",
            "price": "83.76",
            "revenue": 383556
        },
        "2023-02": {
            "month": "2023-02",
            "price": "102.99",
            "revenue": 385085
        },
        "2023-03": {
            "month": "2023-03",
            "price": "113.15",
            "revenue": 407227
        },
        "2023-04": {
            "month": "2023-04",
            "price": "106.32",
            "revenue": 356538
        },
        "2023-05": {
            "month": "2023-05",
            "price": "102.60",
            "revenue": 377100
        },
        "2023-06": {
            "month": "2023-06",
            "price": "103.30",
            "revenue": 360342
        },
        "2023-07": {
            "month": "2023-07",
            "price": "115.02",
            "revenue": 330755
        },
        "2023-08": {
            "month": "2023-08",
            "price": "104.89",
            "revenue": 381023
        },
        "2023-09": {
            "month": "2023-09",
            "price": "112.12",
            "revenue": 353136
        },
        "2023-10": {
            "month": "2023-10",
            "price": "109.55",
            "revenue": 361420
        },
        "2023-11": {
            "month": "2023-11",
            "price": "106.45",
            "revenue": 400298
        },
        "2023-12": {
            "month": "2023-12",
            "price": "114.95",
            "revenue": 335310
        }
    }
}
