{
    "summary": {
        "stock_name": "尚立",
        "stock_id": "3360",
        "category": "電子通路",
        "main_business": "電子零組件與生產設備代理銷售    技術解決方案整合與行銷<br>產品製造技術輔導與諮詢<br>產品通路銷售    行銷與技術售後服務",
        "website_url": "http://www.sunnic.com",
        "ceo": "簡剛民",
        "pe_ratio": -23,
        "report_year_from": 2003,
        "report_year_to": 2023,
        "age": 20,
        "eps_negative_percentage": 38,
        "eps_growth_avg": {
            "last_all": -8.34,
            "last_2y": 9.24,
            "last_4y": 9.51,
            "last_8y": -9.45,
            "last_12y": -18.54,
            "last_16y": -12.59,
            "last_20y": null,
            "at_2006_last_3y": null,
            "at_2007_last_3y": null,
            "at_2008_last_3y": -3.05,
            "at_2009_last_3y": 3.79,
            "at_2010_last_3y": -9.55,
            "at_2011_last_3y": 8.35,
            "at_2012_last_3y": 11.25,
            "at_2013_last_3y": -34.44,
            "at_2014_last_3y": -32.09,
            "at_2015_last_3y": -71.3,
            "at_2016_last_3y": -34.75,
            "at_2017_last_3y": -34.75,
            "at_2018_last_3y": -34.75,
            "at_2019_last_3y": -13.59,
            "at_2020_last_3y": -10.61,
            "at_2021_last_3y": 37.57,
            "at_2022_last_3y": 9.51,
            "at_2023_last_3y": 9.51,
            "at_2006_last_all": 33.63,
            "at_2007_last_all": 20.06,
            "at_2008_last_all": -3.05,
            "at_2009_last_all": 14.11,
            "at_2010_last_all": 4.84,
            "at_2011_last_all": 13.37,
            "at_2012_last_all": 4.1,
            "at_2013_last_all": -7.47,
            "at_2014_last_all": -7.47,
            "at_2015_last_all": -12.03,
            "at_2016_last_all": -6.5,
            "at_2017_last_all": -14.29,
            "at_2018_last_all": -14.29,
            "at_2019_last_all": -12.39,
            "at_2020_last_all": -7.38,
            "at_2021_last_all": -3.92,
            "at_2022_last_all": -8.34,
            "at_2023_last_all": -8.34
        },
        "latest_eps": -0.59,
        "latest_price": 13.35,
        "latest_roe": -4.28,
        "latest_gross_margin": 2.09,
        "latest_equity": 1030196,
        "latest_revenue": 2249388,
        "latest_gross_profit": 46913,
        "latest_net_income": -33401,
        "latest_debt_ratio": 79.26,
        "latest_current_ratio": 122.24,
        "latest_account_receivable_turnover_ratio": 1.24,
        "latest_inventory_turnover_ratio": 2.11,
        "latest_reinvestment_rate": 46.15,
        "latest_research_to_sale_ratio": 0.27
    },
    "eps_dividends": {
        "2001": {
            "cash": 0,
            "stock": 0,
            "eps": 0
        },
        "2002": {
            "cash": 0,
            "stock": 0,
            "eps": 0
        },
        "2003": {
            "cash": 0,
            "stock": 0,
            "eps": 0
        },
        "2004": {
            "cash": 1,
            "stock": 3,
            "eps": 0.65
        },
        "2005": {
            "cash": 0,
            "stock": 1,
            "eps": 1.01
        },
        "2006": {
            "cash": 1,
            "stock": 1,
            "eps": 1.13
        },
        "2007": {
            "cash": 1,
            "stock": 0,
            "eps": 1.05
        },
        "2008": {
            "cash": 1,
            "stock": 0,
            "eps": 0.29
        },
        "2009": {
            "cash": 0,
            "stock": 0,
            "eps": 0.53
        },
        "2010": {
            "cash": 1,
            "stock": 0,
            "eps": 0.31
        },
        "2011": {
            "cash": 1,
            "stock": 0,
            "eps": 0.51
        },
        "2012": {
            "cash": 0,
            "stock": 1,
            "eps": 0.2
        },
        "2013": {
            "cash": 0,
            "stock": 0,
            "eps": -2.48
        },
        "2014": {
            "cash": 0,
            "stock": 0,
            "eps": 1.92
        },
        "2015": {
            "cash": 1,
            "stock": 0,
            "eps": 0.9
        },
        "2016": {
            "cash": 1,
            "stock": 0,
            "eps": 1.34
        },
        "2017": {
            "cash": 1,
            "stock": 0,
            "eps": -0.38
        },
        "2018": {
            "cash": 0,
            "stock": 0,
            "eps": 0.58
        },
        "2019": {
            "cash": 0,
            "stock": 0,
            "eps": 0.64
        },
        "2020": {
            "cash": 1,
            "stock": 0,
            "eps": 1.01
        },
        "2021": {
            "cash": 1,
            "stock": 0,
            "eps": 1.46
        },
        "2022": {
            "cash": 0,
            "stock": 1,
            "eps": 0.37
        },
        "2023": {
            "cash": 1,
            "stock": 0,
            "eps": -0.44
        }
    },
    "dividends": {
        "2004-03-23": {
            "cash": 0.5,
            "stock": 3
        },
        "2005-03-22": {
            "cash": 0.25,
            "stock": 1.25
        },
        "2006-03-21": {
            "cash": 0.5,
            "stock": 1
        },
        "2007-03-29": {
            "cash": 1,
            "stock": 0
        },
        "2008-03-25": {
            "cash": 0.8,
            "stock": 0
        },
        "2010-04-28": {
            "cash": 0.5,
            "stock": 0
        },
        "2011-04-28": {
            "cash": 0.5,
            "stock": 0
        },
        "2012-06-27": {
            "cash": 0,
            "stock": 0.5
        },
        "2013-06-20": {
            "cash": 0.2,
            "stock": 0
        },
        "2015-09-22": {
            "cash": 1,
            "stock": 0.35
        },
        "2016-09-27": {
            "cash": 1.2,
            "stock": 0
        },
        "2017-07-31": {
            "cash": 1.2,
            "stock": 0
        },
        "2018-09-27": {
            "cash": 0.4,
            "stock": 0
        },
        "2019-09-27": {
            "cash": 0.4,
            "stock": 0
        },
        "2020-09-10": {
            "cash": 0.6,
            "stock": 0
        },
        "2021-10-13": {
            "cash": 1,
            "stock": 0
        },
        "2022-08-16": {
            "cash": 0.13,
            "stock": 1.12
        },
        "2023-03-07": {
            "cash": 0.8,
            "stock": 0
        }
    },
    "prices": {
        "200101": "無",
        "200102": "無",
        "200103": "無",
        "200104": "無",
        "200105": "無",
        "200106": "無",
        "200107": "無",
        "200108": "無",
        "200109": "無",
        "200110": "無",
        "200111": "無",
        "200112": "無",
        "200201": "無",
        "200202": "無",
        "200203": "無",
        "200204": "無",
        "200205": "無",
        "200206": "無",
        "200207": "無",
        "200208": "無",
        "200209": "無",
        "200210": "無",
        "200211": "無",
        "200212": "無",
        "200301": "無",
        "200302": "無",
        "200303": "無",
        "200304": "無",
        "200305": "無",
        "200306": "無",
        "200307": "無",
        "200308": "無",
        "200309": "無",
        "200310": "無",
        "200311": "無",
        "200312": "無",
        "200401": "無",
        "200402": "無",
        "200403": "無",
        "200404": "無",
        "200405": "無",
        "200406": "無",
        "200407": "無",
        "200408": "無",
        "200409": "28.50",
        "200410": "無",
        "200411": "無",
        "200412": "無",
        "200501": "無",
        "200502": "無",
        "200503": "無",
        "200504": "無",
        "200505": "23.97",
        "200506": "無",
        "200507": "21.05",
        "200508": "無",
        "200509": "無",
        "200510": "無",
        "200511": "無",
        "200512": "17.05",
        "200601": "18.98",
        "200602": "20.70",
        "200603": "20.54",
        "200604": "23.39",
        "200605": "26.90",
        "200606": "17.99",
        "200607": "16.58",
        "200608": "14.92",
        "200609": "14.25",
        "200610": "14.24",
        "200611": "15.02",
        "200612": "16.11",
        "200701": "16.30",
        "200702": "15.41",
        "200703": "15.67",
        "200704": "18.43",
        "200705": "18.33",
        "200706": "20.03",
        "200707": "20.91",
        "200708": "18.99",
        "200709": "17.91",
        "200710": "17.77",
        "200711": "15.35",
        "200712": "14.31",
        "200801": "12.21",
        "200802": "11.53",
        "200803": "12.77",
        "200804": "14.04",
        "200805": "12.85",
        "200806": "10.54",
        "200807": "8.12",
        "200808": "9.06",
        "200809": "8.29",
        "200810": "7.75",
        "200811": "6.07",
        "200812": "5.16",
        "200901": "5.14",
        "200902": "5.25",
        "200903": "6.07",
        "200904": "6.82",
        "200905": "7.71",
        "200906": "8.27",
        "200907": "7.74",
        "200908": "8.53",
        "200909": "12.37",
        "200910": "16.31",
        "200911": "16.42",
        "200912": "18.32",
        "201001": "21.32",
        "201002": "22.97",
        "201003": "23.91",
        "201004": "21.78",
        "201005": "17.70",
        "201006": "17.66",
        "201007": "17.28",
        "201008": "18.95",
        "201009": "17.33",
        "201010": "19.20",
        "201011": "16.94",
        "201012": "18.35",
        "201101": "17.30",
        "201102": "16.53",
        "201103": "15.37",
        "201104": "16.63",
        "201105": "15.99",
        "201106": "14.45",
        "201107": "13.37",
        "201108": "10.54",
        "201109": "10.22",
        "201110": "9.79",
        "201111": "9.89",
        "201112": "8.91",
        "201201": "9.34",
        "201202": "10.92",
        "201203": "10.93",
        "201204": "9.74",
        "201205": "8.60",
        "201206": "8.21",
        "201207": "8.18",
        "201208": "8.64",
        "201209": "9.00",
        "201210": "8.53",
        "201211": "8.03",
        "201212": "8.25",
        "201301": "8.25",
        "201302": "8.06",
        "201303": "8.04",
        "201304": "8.56",
        "201305": "9.22",
        "201306": "8.52",
        "201307": "8.15",
        "201308": "7.78",
        "201309": "7.08",
        "201310": "7.26",
        "201311": "6.50",
        "201312": "6.50",
        "201401": "7.28",
        "201402": "9.83",
        "201403": "12.87",
        "201404": "14.91",
        "201405": "15.85",
        "201406": "23.40",
        "201407": "25.79",
        "201408": "25.33",
        "201409": "24.94",
        "201410": "22.65",
        "201411": "21.62",
        "201412": "24.48",
        "201501": "24.88",
        "201502": "24.67",
        "201503": "23.94",
        "201504": "21.32",
        "201505": "19.40",
        "201506": "19.18",
        "201507": "16.59",
        "201508": "12.29",
        "201509": "12.68",
        "201510": "13.35",
        "201511": "12.60",
        "201512": "11.71",
        "201601": "14.86",
        "201602": "16.06",
        "201603": "20.65",
        "201604": "19.88",
        "201605": "15.58",
        "201606": "15.85",
        "201607": "16.33",
        "201608": "16.61",
        "201609": "17.24",
        "201610": "17.80",
        "201611": "17.41",
        "201612": "20.34",
        "201701": "20.57",
        "201702": "20.93",
        "201703": "22.61",
        "201704": "22.82",
        "201705": "23.36",
        "201706": "22.45",
        "201707": "18.79",
        "201708": "17.02",
        "201709": "18.17",
        "201710": "16.49",
        "201711": "15.31",
        "201712": "14.70",
        "201801": "15.12",
        "201802": "13.60",
        "201803": "14.75",
        "201804": "14.11",
        "201805": "13.75",
        "201806": "17.65",
        "201807": "21.99",
        "201808": "21.37",
        "201809": "19.70",
        "201810": "19.66",
        "201811": "18.95",
        "201812": "18.23",
        "201901": "17.28",
        "201902": "19.91",
        "201903": "24.52",
        "201904": "24.16",
        "201905": "20.27",
        "201906": "20.09",
        "201907": "22.48",
        "201908": "22.09",
        "201909": "21.71",
        "201910": "22.18",
        "201911": "19.76",
        "201912": "18.51",
        "202001": "18.04",
        "202002": "16.20",
        "202003": "12.97",
        "202004": "13.86",
        "202005": "16.16",
        "202006": "16.32",
        "202007": "16.16",
        "202008": "15.63",
        "202009": "15.11",
        "202010": "14.52",
        "202011": "14.97",
        "202012": "15.40",
        "202101": "15.16",
        "202102": "15.00",
        "202103": "15.95",
        "202104": "17.54",
        "202105": "15.69",
        "202106": "15.60",
        "202107": "15.75",
        "202108": "15.04",
        "202109": "14.84",
        "202110": "13.98",
        "202111": "14.81",
        "202112": "15.48",
        "202201": "15.40",
        "202202": "15.54",
        "202203": "16.40",
        "202204": "17.63",
        "202205": "16.35",
        "202206": "15.88",
        "202207": "14.00",
        "202208": "14.05",
        "202209": "13.94",
        "202210": "13.36",
        "202211": "13.65",
        "202212": "13.54",
        "202301": "13.33",
        "202302": "13.95",
        "202303": "14.01",
        "202304": "13.77",
        "202305": "13.60"
    },
    "quarters": {
        "20011": {
            "year_quarter": 20011,
            "year": 2001,
            "quarter": 1,
            "eps": null,
            "eps_growth_year": null,
            "eps_4q": null,
            "eps_4q_growth_year": null,
            "roe": null,
            "gross_profit": null,
            "gross_margin": null,
            "net_income": null,
            "revenue": null,
            "common_shares": null,
            "equity": null,
            "current_ratio": null,
            "debt_ratio": null,
            "inventory_turnover_ratio": null,
            "account_receivable_turnover_ratio": null,
            "reinvestment_rate": null,
            "research_to_sale_ratio": null,
            "price_fair": 0,
            "eps_avg_yearly": 0,
            "eps_latest_yearly": 0,
            "eps_growth_yearly": 0
        },
        "20012": {
            "year_quarter": 20012,
            "year": 2001,
            "quarter": 2,
            "eps": null,
            "eps_growth_year": null,
            "eps_4q": null,
            "eps_4q_growth_year": null,
            "roe": null,
            "gross_profit": null,
            "gross_margin": null,
            "net_income": null,
            "revenue": null,
            "common_shares": null,
            "equity": null,
            "current_ratio": null,
            "debt_ratio": null,
            "inventory_turnover_ratio": null,
            "account_receivable_turnover_ratio": null,
            "reinvestment_rate": null,
            "research_to_sale_ratio": null,
            "price_fair": 0,
            "eps_avg_yearly": 0,
            "eps_latest_yearly": 0,
            "eps_growth_yearly": 0
        },
        "20013": {
            "year_quarter": 20013,
            "year": 2001,
            "quarter": 3,
            "eps": null,
            "eps_growth_year": null,
            "eps_4q": null,
            "eps_4q_growth_year": null,
            "roe": null,
            "gross_profit": null,
            "gross_margin": null,
            "net_income": null,
            "revenue": null,
            "common_shares": null,
            "equity": null,
            "current_ratio": null,
            "debt_ratio": null,
            "inventory_turnover_ratio": null,
            "account_receivable_turnover_ratio": null,
            "reinvestment_rate": null,
            "research_to_sale_ratio": null,
            "price_fair": 0,
            "eps_avg_yearly": 0,
            "eps_latest_yearly": 0,
            "eps_growth_yearly": 0
        },
        "20014": {
            "year_quarter": 20014,
            "year": 2001,
            "quarter": 4,
            "eps": null,
            "eps_growth_year": null,
            "eps_4q": null,
            "eps_4q_growth_year": null,
            "roe": null,
            "gross_profit": null,
            "gross_margin": null,
            "net_income": null,
            "revenue": null,
            "common_shares": 90000,
            "equity": 108069,
            "current_ratio": 117,
            "debt_ratio": 81.63,
            "inventory_turnover_ratio": null,
            "account_receivable_turnover_ratio": null,
            "reinvestment_rate": null,
            "research_to_sale_ratio": null,
            "price_fair": 0,
            "eps_avg_yearly": 0,
            "eps_latest_yearly": 0,
            "eps_growth_yearly": 0
        },
        "20021": {
            "year_quarter": 20021,
            "year": 2002,
            "quarter": 1,
            "eps": null,
            "eps_growth_year": null,
            "eps_4q": null,
            "eps_4q_growth_year": null,
            "roe": null,
            "gross_profit": null,
            "gross_margin": null,
            "net_income": null,
            "revenue": null,
            "common_shares": null,
            "equity": null,
            "current_ratio": null,
            "debt_ratio": null,
            "inventory_turnover_ratio": null,
            "account_receivable_turnover_ratio": null,
            "reinvestment_rate": null,
            "research_to_sale_ratio": null,
            "price_fair": 0,
            "eps_avg_yearly": 0,
            "eps_latest_yearly": 0,
            "eps_growth_yearly": 0
        },
        "20022": {
            "year_quarter": 20022,
            "year": 2002,
            "quarter": 2,
            "eps": null,
            "eps_growth_year": null,
            "eps_4q": null,
            "eps_4q_growth_year": null,
            "roe": null,
            "gross_profit": null,
            "gross_margin": null,
            "net_income": null,
            "revenue": null,
            "common_shares": null,
            "equity": null,
            "current_ratio": null,
            "debt_ratio": null,
            "inventory_turnover_ratio": null,
            "account_receivable_turnover_ratio": null,
            "reinvestment_rate": null,
            "research_to_sale_ratio": null,
            "price_fair": 0,
            "eps_avg_yearly": 0,
            "eps_latest_yearly": 0,
            "eps_growth_yearly": 0
        },
        "20023": {
            "year_quarter": 20023,
            "year": 2002,
            "quarter": 3,
            "eps": null,
            "eps_growth_year": null,
            "eps_4q": null,
            "eps_4q_growth_year": null,
            "roe": null,
            "gross_profit": null,
            "gross_margin": null,
            "net_income": null,
            "revenue": null,
            "common_shares": null,
            "equity": null,
            "current_ratio": null,
            "debt_ratio": null,
            "inventory_turnover_ratio": null,
            "account_receivable_turnover_ratio": null,
            "reinvestment_rate": null,
            "research_to_sale_ratio": null,
            "price_fair": 0,
            "eps_avg_yearly": 0,
            "eps_latest_yearly": 0,
            "eps_growth_yearly": 0
        },
        "20024": {
            "year_quarter": 20024,
            "year": 2002,
            "quarter": 4,
            "eps": null,
            "eps_growth_year": null,
            "eps_4q": null,
            "eps_4q_growth_year": null,
            "roe": null,
            "gross_profit": null,
            "gross_margin": null,
            "net_income": null,
            "revenue": null,
            "common_shares": 112500,
            "equity": 203566,
            "current_ratio": 128.15,
            "debt_ratio": 76.17,
            "inventory_turnover_ratio": null,
            "account_receivable_turnover_ratio": null,
            "reinvestment_rate": null,
            "research_to_sale_ratio": null,
            "price_fair": 0,
            "eps_avg_yearly": 0,
            "eps_latest_yearly": 0,
            "eps_growth_yearly": 0
        },
        "20031": {
            "year_quarter": 20031,
            "year": 2003,
            "quarter": 1,
            "eps": null,
            "eps_growth_year": null,
            "eps_4q": null,
            "eps_4q_growth_year": null,
            "roe": null,
            "gross_profit": null,
            "gross_margin": null,
            "net_income": null,
            "revenue": null,
            "common_shares": null,
            "equity": null,
            "current_ratio": null,
            "debt_ratio": null,
            "inventory_turnover_ratio": null,
            "account_receivable_turnover_ratio": null,
            "reinvestment_rate": null,
            "research_to_sale_ratio": null,
            "price_fair": 0,
            "eps_avg_yearly": 0,
            "eps_latest_yearly": 0,
            "eps_growth_yearly": 0
        },
        "20032": {
            "year_quarter": 20032,
            "year": 2003,
            "quarter": 2,
            "eps": null,
            "eps_growth_year": null,
            "eps_4q": null,
            "eps_4q_growth_year": null,
            "roe": null,
            "gross_profit": null,
            "gross_margin": null,
            "net_income": null,
            "revenue": null,
            "common_shares": null,
            "equity": null,
            "current_ratio": null,
            "debt_ratio": null,
            "inventory_turnover_ratio": null,
            "account_receivable_turnover_ratio": null,
            "reinvestment_rate": null,
            "research_to_sale_ratio": null,
            "price_fair": 0,
            "eps_avg_yearly": 0,
            "eps_latest_yearly": 0,
            "eps_growth_yearly": 0
        },
        "20033": {
            "year_quarter": 20033,
            "year": 2003,
            "quarter": 3,
            "eps": null,
            "eps_growth_year": null,
            "eps_4q": null,
            "eps_4q_growth_year": null,
            "roe": null,
            "gross_profit": null,
            "gross_margin": null,
            "net_income": null,
            "revenue": null,
            "common_shares": null,
            "equity": null,
            "current_ratio": null,
            "debt_ratio": null,
            "inventory_turnover_ratio": null,
            "account_receivable_turnover_ratio": null,
            "reinvestment_rate": null,
            "research_to_sale_ratio": null,
            "price_fair": 0,
            "eps_avg_yearly": 0,
            "eps_latest_yearly": 0,
            "eps_growth_yearly": 0
        },
        "20034": {
            "year_quarter": 20034,
            "year": 2003,
            "quarter": 4,
            "eps": null,
            "eps_growth_year": null,
            "eps_4q": null,
            "eps_4q_growth_year": null,
            "roe": null,
            "gross_profit": null,
            "gross_margin": null,
            "net_income": null,
            "revenue": null,
            "common_shares": 225000,
            "equity": 434088,
            "current_ratio": 155.35,
            "debt_ratio": 64.31,
            "inventory_turnover_ratio": null,
            "account_receivable_turnover_ratio": null,
            "reinvestment_rate": null,
            "research_to_sale_ratio": null,
            "price_fair": 0,
            "eps_avg_yearly": 0,
            "eps_latest_yearly": 0,
            "eps_growth_yearly": 0
        },
        "20041": {
            "year_quarter": 20041,
            "year": 2004,
            "quarter": 1,
            "eps": null,
            "eps_growth_year": null,
            "eps_4q": null,
            "eps_4q_growth_year": null,
            "roe": null,
            "gross_profit": null,
            "gross_margin": null,
            "net_income": null,
            "revenue": null,
            "common_shares": null,
            "equity": null,
            "current_ratio": null,
            "debt_ratio": null,
            "inventory_turnover_ratio": null,
            "account_receivable_turnover_ratio": null,
            "reinvestment_rate": null,
            "research_to_sale_ratio": null,
            "price_fair": 0,
            "eps_avg_yearly": 0,
            "eps_latest_yearly": 0,
            "eps_growth_yearly": 0
        },
        "20042": {
            "year_quarter": 20042,
            "year": 2004,
            "quarter": 2,
            "eps": null,
            "eps_growth_year": null,
            "eps_4q": null,
            "eps_4q_growth_year": null,
            "roe": null,
            "gross_profit": null,
            "gross_margin": null,
            "net_income": null,
            "revenue": null,
            "common_shares": null,
            "equity": null,
            "current_ratio": null,
            "debt_ratio": null,
            "inventory_turnover_ratio": null,
            "account_receivable_turnover_ratio": null,
            "reinvestment_rate": null,
            "research_to_sale_ratio": null,
            "price_fair": 0,
            "eps_avg_yearly": 0,
            "eps_latest_yearly": 0,
            "eps_growth_yearly": 0
        },
        "20043": {
            "year_quarter": 20043,
            "year": 2004,
            "quarter": 3,
            "eps": 0.61,
            "eps_growth_year": null,
            "eps_4q": null,
            "eps_4q_growth_year": null,
            "roe": 3.86,
            "gross_profit": 67551,
            "gross_margin": 7.39,
            "net_income": 18352,
            "revenue": 914454,
            "common_shares": 300000,
            "equity": 475960,
            "current_ratio": 144.72,
            "debt_ratio": 68.41,
            "inventory_turnover_ratio": 4.75,
            "account_receivable_turnover_ratio": null,
            "reinvestment_rate": null,
            "research_to_sale_ratio": null,
            "price_fair": 0,
            "eps_avg_yearly": 0,
            "eps_latest_yearly": 0,
            "eps_growth_yearly": 0
        },
        "20044": {
            "year_quarter": 20044,
            "year": 2004,
            "quarter": 4,
            "eps": 0.04,
            "eps_growth_year": null,
            "eps_4q": null,
            "eps_4q_growth_year": null,
            "roe": 0.25,
            "gross_profit": 38792,
            "gross_margin": 4.27,
            "net_income": 1211,
            "revenue": 908486,
            "common_shares": 300000,
            "equity": 476814,
            "current_ratio": 158.67,
            "debt_ratio": 62.73,
            "inventory_turnover_ratio": 4.63,
            "account_receivable_turnover_ratio": null,
            "reinvestment_rate": null,
            "research_to_sale_ratio": null,
            "price_fair": 0.48,
            "eps_avg_yearly": 0.16,
            "eps_latest_yearly": 0.16,
            "eps_growth_yearly": -373.77
        },
        "20051": {
            "year_quarter": 20051,
            "year": 2005,
            "quarter": 1,
            "eps": null,
            "eps_growth_year": null,
            "eps_4q": null,
            "eps_4q_growth_year": null,
            "roe": null,
            "gross_profit": null,
            "gross_margin": null,
            "net_income": null,
            "revenue": null,
            "common_shares": null,
            "equity": null,
            "current_ratio": null,
            "debt_ratio": null,
            "inventory_turnover_ratio": null,
            "account_receivable_turnover_ratio": null,
            "reinvestment_rate": null,
            "research_to_sale_ratio": null,
            "price_fair": 0.48,
            "eps_avg_yearly": 0.16,
            "eps_latest_yearly": 0.16,
            "eps_growth_yearly": -373.77
        },
        "20052": {
            "year_quarter": 20052,
            "year": 2005,
            "quarter": 2,
            "eps": null,
            "eps_growth_year": null,
            "eps_4q": null,
            "eps_4q_growth_year": null,
            "roe": null,
            "gross_profit": null,
            "gross_margin": null,
            "net_income": null,
            "revenue": null,
            "common_shares": null,
            "equity": null,
            "current_ratio": null,
            "debt_ratio": null,
            "inventory_turnover_ratio": null,
            "account_receivable_turnover_ratio": null,
            "reinvestment_rate": null,
            "research_to_sale_ratio": null,
            "price_fair": 0.48,
            "eps_avg_yearly": 0.16,
            "eps_latest_yearly": 0.16,
            "eps_growth_yearly": -373.77
        },
        "20053": {
            "year_quarter": 20053,
            "year": 2005,
            "quarter": 3,
            "eps": 1.16,
            "eps_growth_year": 90.16,
            "eps_4q": null,
            "eps_4q_growth_year": null,
            "roe": 7.62,
            "gross_profit": 107008,
            "gross_margin": 9.73,
            "net_income": 39237,
            "revenue": 1099312,
            "common_shares": 337500,
            "equity": 515155,
            "current_ratio": 157.33,
            "debt_ratio": 62.61,
            "inventory_turnover_ratio": 5.4,
            "account_receivable_turnover_ratio": null,
            "reinvestment_rate": null,
            "research_to_sale_ratio": null,
            "price_fair": 0.48,
            "eps_avg_yearly": 0.16,
            "eps_latest_yearly": 0.16,
            "eps_growth_yearly": -373.77
        },
        "20054": {
            "year_quarter": 20054,
            "year": 2005,
            "quarter": 4,
            "eps": -0.15,
            "eps_growth_year": -475,
            "eps_4q": null,
            "eps_4q_growth_year": null,
            "roe": -0.97,
            "gross_profit": 71371,
            "gross_margin": 7.23,
            "net_income": -4991,
            "revenue": 987063,
            "common_shares": 337500,
            "equity": 510532,
            "current_ratio": 147.26,
            "debt_ratio": 66.96,
            "inventory_turnover_ratio": 4.03,
            "account_receivable_turnover_ratio": null,
            "reinvestment_rate": null,
            "research_to_sale_ratio": null,
            "price_fair": 0.48,
            "eps_avg_yearly": 0.16,
            "eps_latest_yearly": 0.16,
            "eps_growth_yearly": -373.77
        },
        "20061": {
            "year_quarter": 20061,
            "year": 2006,
            "quarter": 1,
            "eps": 0.44,
            "eps_growth_year": null,
            "eps_4q": null,
            "eps_4q_growth_year": null,
            "roe": 2.87,
            "gross_profit": 55144,
            "gross_margin": 5.04,
            "net_income": 14880,
            "revenue": 1093662,
            "common_shares": 337500,
            "equity": 525412,
            "current_ratio": 154.84,
            "debt_ratio": 63.49,
            "inventory_turnover_ratio": 3.83,
            "account_receivable_turnover_ratio": null,
            "reinvestment_rate": null,
            "research_to_sale_ratio": null,
            "price_fair": 0.48,
            "eps_avg_yearly": 0.16,
            "eps_latest_yearly": 0.16,
            "eps_growth_yearly": -373.77
        },
        "20062": {
            "year_quarter": 20062,
            "year": 2006,
            "quarter": 2,
            "eps": 0.03,
            "eps_growth_year": null,
            "eps_4q": 1.52,
            "eps_4q_growth_year": null,
            "roe": 0.18,
            "gross_profit": 60994,
            "gross_margin": 6.09,
            "net_income": 988,
            "revenue": 1001161,
            "common_shares": 377000,
            "equity": 573724,
            "current_ratio": 156.2,
            "debt_ratio": 62.79,
            "inventory_turnover_ratio": 3.68,
            "account_receivable_turnover_ratio": null,
            "reinvestment_rate": null,
            "research_to_sale_ratio": null,
            "price_fair": 0.42,
            "eps_avg_yearly": 0.14,
            "eps_latest_yearly": 0.12,
            "eps_growth_yearly": -373.25
        },
        "20063": {
            "year_quarter": 20063,
            "year": 2006,
            "quarter": 3,
            "eps": 0.51,
            "eps_growth_year": -56.03,
            "eps_4q": 0.8,
            "eps_4q_growth_year": null,
            "roe": 3.27,
            "gross_profit": 100603,
            "gross_margin": 9.27,
            "net_income": 19071,
            "revenue": 1085665,
            "common_shares": 395850,
            "equity": 593118,
            "current_ratio": 174.87,
            "debt_ratio": 56.42,
            "inventory_turnover_ratio": 4.2,
            "account_receivable_turnover_ratio": null,
            "reinvestment_rate": null,
            "research_to_sale_ratio": null,
            "price_fair": 27.07,
            "eps_avg_yearly": 0.77,
            "eps_latest_yearly": 2.04,
            "eps_growth_yearly": 1884.5
        },
        "20064": {
            "year_quarter": 20064,
            "year": 2006,
            "quarter": 4,
            "eps": 0.15,
            "eps_growth_year": null,
            "eps_4q": 1.06,
            "eps_4q_growth_year": null,
            "roe": 0.97,
            "gross_profit": 63112,
            "gross_margin": 6.47,
            "net_income": 5767,
            "revenue": 975723,
            "common_shares": 395850,
            "equity": 598724,
            "current_ratio": 168.5,
            "debt_ratio": 58.53,
            "inventory_turnover_ratio": 4.77,
            "account_receivable_turnover_ratio": null,
            "reinvestment_rate": null,
            "research_to_sale_ratio": null,
            "price_fair": 25.55,
            "eps_avg_yearly": 0.73,
            "eps_latest_yearly": 0.6,
            "eps_growth_yearly": 1342.79
        },
        "20071": {
            "year_quarter": 20071,
            "year": 2007,
            "quarter": 1,
            "eps": 0.43,
            "eps_growth_year": -2.27,
            "eps_4q": 1.09,
            "eps_4q_growth_year": null,
            "roe": 2.78,
            "gross_profit": 79557,
            "gross_margin": 6.82,
            "net_income": 16883,
            "revenue": 1166169,
            "common_shares": 395850,
            "equity": 615701,
            "current_ratio": 173.85,
            "debt_ratio": 55.54,
            "inventory_turnover_ratio": 7.02,
            "account_receivable_turnover_ratio": null,
            "reinvestment_rate": null,
            "research_to_sale_ratio": null,
            "price_fair": 32.48,
            "eps_avg_yearly": 0.93,
            "eps_latest_yearly": 1.72,
            "eps_growth_yearly": 1223.56
        },
        "20072": {
            "year_quarter": 20072,
            "year": 2007,
            "quarter": 2,
            "eps": 0.09,
            "eps_growth_year": 200,
            "eps_4q": 1.19,
            "eps_4q_growth_year": -21.62,
            "roe": 0.57,
            "gross_profit": 71503,
            "gross_margin": 5.65,
            "net_income": 3405,
            "revenue": 1264894,
            "common_shares": 395850,
            "equity": 574064,
            "current_ratio": 144.9,
            "debt_ratio": 66,
            "inventory_turnover_ratio": 6.31,
            "account_receivable_turnover_ratio": null,
            "reinvestment_rate": null,
            "research_to_sale_ratio": null,
            "price_fair": 29.17,
            "eps_avg_yearly": 0.83,
            "eps_latest_yearly": 0.36,
            "eps_growth_yearly": 966.92
        },
        "20073": {
            "year_quarter": 20073,
            "year": 2007,
            "quarter": 3,
            "eps": 0.53,
            "eps_growth_year": 3.92,
            "eps_4q": 1.19,
            "eps_4q_growth_year": 48.32,
            "roe": 3.59,
            "gross_profit": 97861,
            "gross_margin": 6.69,
            "net_income": 20992,
            "revenue": 1462205,
            "common_shares": 396000,
            "equity": 594674,
            "current_ratio": 154.92,
            "debt_ratio": 60.42,
            "inventory_turnover_ratio": 6.57,
            "account_receivable_turnover_ratio": null,
            "reinvestment_rate": null,
            "research_to_sale_ratio": null,
            "price_fair": 35.6,
            "eps_avg_yearly": 1.02,
            "eps_latest_yearly": 2.12,
            "eps_growth_yearly": 1108.16
        },
        "20074": {
            "year_quarter": 20074,
            "year": 2007,
            "quarter": 4,
            "eps": 0,
            "eps_growth_year": -100,
            "eps_4q": 1.04,
            "eps_4q_growth_year": -1.77,
            "roe": -0.01,
            "gross_profit": 63259,
            "gross_margin": 4.97,
            "net_income": -81,
            "revenue": 1273574,
            "common_shares": 396000,
            "equity": 595875,
            "current_ratio": 151.41,
            "debt_ratio": 62.4,
            "inventory_turnover_ratio": 6.75,
            "account_receivable_turnover_ratio": null,
            "reinvestment_rate": null,
            "research_to_sale_ratio": null,
            "price_fair": 35.6,
            "eps_avg_yearly": 1.02,
            "eps_latest_yearly": 2.12,
            "eps_growth_yearly": 1108.16
        },
        "20081": {
            "year_quarter": 20081,
            "year": 2008,
            "quarter": 1,
            "eps": -0.31,
            "eps_growth_year": -172.09,
            "eps_4q": 0.3,
            "eps_4q_growth_year": -72.07,
            "roe": -2.08,
            "gross_profit": 50359,
            "gross_margin": 4.61,
            "net_income": -12280,
            "revenue": 1092482,
            "common_shares": 396000,
            "equity": 582243,
            "current_ratio": 159.66,
            "debt_ratio": 57.78,
            "inventory_turnover_ratio": 6.05,
            "account_receivable_turnover_ratio": null,
            "reinvestment_rate": null,
            "research_to_sale_ratio": null,
            "price_fair": 35.6,
            "eps_avg_yearly": 1.02,
            "eps_latest_yearly": 2.12,
            "eps_growth_yearly": 1108.16
        },
        "20082": {
            "year_quarter": 20082,
            "year": 2008,
            "quarter": 2,
            "eps": 0,
            "eps_growth_year": -100,
            "eps_4q": 0.22,
            "eps_4q_growth_year": -81.41,
            "roe": 0.03,
            "gross_profit": 70868,
            "gross_margin": 5.89,
            "net_income": 148,
            "revenue": 1203718,
            "common_shares": 396000,
            "equity": 546403,
            "current_ratio": 135.01,
            "debt_ratio": 69.19,
            "inventory_turnover_ratio": 6.88,
            "account_receivable_turnover_ratio": null,
            "reinvestment_rate": null,
            "research_to_sale_ratio": null,
            "price_fair": 35.6,
            "eps_avg_yearly": 1.02,
            "eps_latest_yearly": 2.12,
            "eps_growth_yearly": 1108.16
        },
        "20083": {
            "year_quarter": 20083,
            "year": 2008,
            "quarter": 3,
            "eps": 0.68,
            "eps_growth_year": 28.3,
            "eps_4q": 0.37,
            "eps_4q_growth_year": -68.74,
            "roe": 4.81,
            "gross_profit": 99509,
            "gross_margin": 6.35,
            "net_income": 26907,
            "revenue": 1566434,
            "common_shares": 396000,
            "equity": 571612,
            "current_ratio": 136.58,
            "debt_ratio": 68.15,
            "inventory_turnover_ratio": 8.68,
            "account_receivable_turnover_ratio": null,
            "reinvestment_rate": null,
            "research_to_sale_ratio": null,
            "price_fair": 35.6,
            "eps_avg_yearly": 1.02,
            "eps_latest_yearly": 2.12,
            "eps_growth_yearly": 1108.16
        },
        "20084": {
            "year_quarter": 20084,
            "year": 2008,
            "quarter": 4,
            "eps": -0.08,
            "eps_growth_year": null,
            "eps_4q": 0.3,
            "eps_4q_growth_year": -71.15,
            "roe": -0.52,
            "gross_profit": 69507,
            "gross_margin": 5.77,
            "net_income": -2964,
            "revenue": 1205661,
            "common_shares": 396000,
            "equity": 564230,
            "current_ratio": 139.78,
            "debt_ratio": 65.95,
            "inventory_turnover_ratio": 4.78,
            "account_receivable_turnover_ratio": 8.09,
            "reinvestment_rate": null,
            "research_to_sale_ratio": null,
            "price_fair": 40.6,
            "eps_avg_yearly": 1.16,
            "eps_latest_yearly": 2.12,
            "eps_growth_yearly": 1355.14
        },
        "20091": {
            "year_quarter": 20091,
            "year": 2009,
            "quarter": 1,
            "eps": -0.27,
            "eps_growth_year": null,
            "eps_4q": 0.35,
            "eps_4q_growth_year": 14.14,
            "roe": -1.85,
            "gross_profit": 55638,
            "gross_margin": 5.33,
            "net_income": -10357,
            "revenue": 1043607,
            "common_shares": 396000,
            "equity": 556329,
            "current_ratio": 156.75,
            "debt_ratio": 56.9,
            "inventory_turnover_ratio": 3.71,
            "account_receivable_turnover_ratio": 3.87,
            "reinvestment_rate": null,
            "research_to_sale_ratio": null,
            "price_fair": 40.6,
            "eps_avg_yearly": 1.16,
            "eps_latest_yearly": 2.12,
            "eps_growth_yearly": 1355.14
        },
        "20092": {
            "year_quarter": 20092,
            "year": 2009,
            "quarter": 2,
            "eps": 0.06,
            "eps_growth_year": null,
            "eps_4q": 0.4,
            "eps_4q_growth_year": 80.46,
            "roe": 0.43,
            "gross_profit": 58093,
            "gross_margin": 4.93,
            "net_income": 2397,
            "revenue": 1178089,
            "common_shares": 396000,
            "equity": 556539,
            "current_ratio": 150.15,
            "debt_ratio": 59.51,
            "inventory_turnover_ratio": 5.64,
            "account_receivable_turnover_ratio": 5.16,
            "reinvestment_rate": 99.89,
            "research_to_sale_ratio": null,
            "price_fair": 40.6,
            "eps_avg_yearly": 1.16,
            "eps_latest_yearly": 2.12,
            "eps_growth_yearly": 1355.14
        },
        "20093": {
            "year_quarter": 20093,
            "year": 2009,
            "quarter": 3,
            "eps": 0.51,
            "eps_growth_year": -25,
            "eps_4q": 0.22,
            "eps_4q_growth_year": -40.06,
            "roe": 3.43,
            "gross_profit": 80493,
            "gross_margin": 5.24,
            "net_income": 19384,
            "revenue": 1537075,
            "common_shares": 396000,
            "equity": 574178,
            "current_ratio": 144.32,
            "debt_ratio": 62.8,
            "inventory_turnover_ratio": 9.25,
            "account_receivable_turnover_ratio": 4.12,
            "reinvestment_rate": 11.89,
            "research_to_sale_ratio": null,
            "price_fair": 45,
            "eps_avg_yearly": 1.29,
            "eps_latest_yearly": 2.04,
            "eps_growth_yearly": 1590.12
        },
        "20094": {
            "year_quarter": 20094,
            "year": 2009,
            "quarter": 4,
            "eps": 0.23,
            "eps_growth_year": null,
            "eps_4q": 0.53,
            "eps_4q_growth_year": 76.22,
            "roe": 1.5,
            "gross_profit": 73690,
            "gross_margin": 4.91,
            "net_income": 8647,
            "revenue": 1500301,
            "common_shares": 396000,
            "equity": 582467,
            "current_ratio": 138.22,
            "debt_ratio": 66.52,
            "inventory_turnover_ratio": 8.22,
            "account_receivable_turnover_ratio": 9.67,
            "reinvestment_rate": 15.79,
            "research_to_sale_ratio": null,
            "price_fair": 43.4,
            "eps_avg_yearly": 1.24,
            "eps_latest_yearly": 0.92,
            "eps_growth_yearly": 1363.91
        },
        "20101": {
            "year_quarter": 20101,
            "year": 2010,
            "quarter": 1,
            "eps": 0.16,
            "eps_growth_year": null,
            "eps_4q": 0.89,
            "eps_4q_growth_year": 157.18,
            "roe": 0.99,
            "gross_profit": 72385,
            "gross_margin": 4.88,
            "net_income": 5953,
            "revenue": 1484742,
            "common_shares": 396000,
            "equity": 619213,
            "current_ratio": 141.5,
            "debt_ratio": 64.97,
            "inventory_turnover_ratio": 7.51,
            "account_receivable_turnover_ratio": 4.15,
            "reinvestment_rate": 20.74,
            "research_to_sale_ratio": 1.02,
            "price_fair": 41.07,
            "eps_avg_yearly": 1.17,
            "eps_latest_yearly": 0.64,
            "eps_growth_yearly": 1198.84
        },
        "20102": {
            "year_quarter": 20102,
            "year": 2010,
            "quarter": 2,
            "eps": 0.17,
            "eps_growth_year": 185.98,
            "eps_4q": 0.87,
            "eps_4q_growth_year": 117.36,
            "roe": 1.24,
            "gross_profit": 70713,
            "gross_margin": 4.17,
            "net_income": 8354,
            "revenue": 1696036,
            "common_shares": 496000,
            "equity": 729549,
            "current_ratio": 149.41,
            "debt_ratio": 61.97,
            "inventory_turnover_ratio": 8.07,
            "account_receivable_turnover_ratio": 3.78,
            "reinvestment_rate": 100.69,
            "research_to_sale_ratio": 0.72,
            "price_fair": 43.24,
            "eps_avg_yearly": 1.24,
            "eps_latest_yearly": 0.68,
            "eps_growth_yearly": 1243.03
        },
        "20103": {
            "year_quarter": 20103,
            "year": 2010,
            "quarter": 3,
            "eps": 0.57,
            "eps_growth_year": 11.86,
            "eps_4q": 1.04,
            "eps_4q_growth_year": 368.82,
            "roe": 3.73,
            "gross_profit": 121406,
            "gross_margin": 5.17,
            "net_income": 27683,
            "revenue": 2349724,
            "common_shares": 501600,
            "equity": 756270,
            "current_ratio": 134.95,
            "debt_ratio": 69.89,
            "inventory_turnover_ratio": 8.9,
            "account_receivable_turnover_ratio": 3.48,
            "reinvestment_rate": 98.48,
            "research_to_sale_ratio": 0.66,
            "price_fair": 44.18,
            "eps_avg_yearly": 1.26,
            "eps_latest_yearly": 2.28,
            "eps_growth_yearly": 636.49
        },
        "20104": {
            "year_quarter": 20104,
            "year": 2010,
            "quarter": 4,
            "eps": -0.59,
            "eps_growth_year": -357.23,
            "eps_4q": 0.26,
            "eps_4q_growth_year": -50.1,
            "roe": -3.9,
            "gross_profit": 56515,
            "gross_margin": 4.08,
            "net_income": -29040,
            "revenue": 1383972,
            "common_shares": 501600,
            "equity": 731179,
            "current_ratio": 145.8,
            "debt_ratio": 63.8,
            "inventory_turnover_ratio": 4.07,
            "account_receivable_turnover_ratio": 2.31,
            "reinvestment_rate": 125.88,
            "research_to_sale_ratio": 1,
            "price_fair": 47.08,
            "eps_avg_yearly": 1.35,
            "eps_latest_yearly": 2.28,
            "eps_growth_yearly": 751.35
        },
        "20111": {
            "year_quarter": 20111,
            "year": 2011,
            "quarter": 1,
            "eps": 0.24,
            "eps_growth_year": 50,
            "eps_4q": 0.38,
            "eps_4q_growth_year": -57.75,
            "roe": 1.56,
            "gross_profit": 87056,
            "gross_margin": 5.46,
            "net_income": 11539,
            "revenue": 1593375,
            "common_shares": 502010,
            "equity": 745156,
            "current_ratio": 148.18,
            "debt_ratio": 62.88,
            "inventory_turnover_ratio": 4.49,
            "account_receivable_turnover_ratio": 3.86,
            "reinvestment_rate": 133.95,
            "research_to_sale_ratio": 0.67,
            "price_fair": 45.2,
            "eps_avg_yearly": 1.29,
            "eps_latest_yearly": 2.28,
            "eps_growth_yearly": 752.02
        },
        "20112": {
            "year_quarter": 20112,
            "year": 2011,
            "quarter": 2,
            "eps": 0.08,
            "eps_growth_year": -55.83,
            "eps_4q": 0.28,
            "eps_4q_growth_year": -67.45,
            "roe": 0.51,
            "gross_profit": 85207,
            "gross_margin": 5.08,
            "net_income": 3724,
            "revenue": 1677896,
            "common_shares": 502680,
            "equity": 722621,
            "current_ratio": 141.09,
            "debt_ratio": 66.2,
            "inventory_turnover_ratio": 5.52,
            "account_receivable_turnover_ratio": 3.11,
            "reinvestment_rate": 131.98,
            "research_to_sale_ratio": 0.7,
            "price_fair": 45,
            "eps_avg_yearly": 1.29,
            "eps_latest_yearly": 0.32,
            "eps_growth_yearly": 759.1
        },
        "20113": {
            "year_quarter": 20113,
            "year": 2011,
            "quarter": 3,
            "eps": 0.2,
            "eps_growth_year": -65.65,
            "eps_4q": -0.08,
            "eps_4q_growth_year": -107.48,
            "roe": 1.34,
            "gross_profit": 74738,
            "gross_margin": 4.9,
            "net_income": 9854,
            "revenue": 1524550,
            "common_shares": 502880,
            "equity": 750339,
            "current_ratio": 145.03,
            "debt_ratio": 64.51,
            "inventory_turnover_ratio": 4.67,
            "account_receivable_turnover_ratio": 2.53,
            "reinvestment_rate": 163.13,
            "research_to_sale_ratio": 0.78,
            "price_fair": 38.4,
            "eps_avg_yearly": 1.1,
            "eps_latest_yearly": 0.8,
            "eps_growth_yearly": 565.45
        },
        "20114": {
            "year_quarter": 20114,
            "year": 2011,
            "quarter": 4,
            "eps": -0.01,
            "eps_growth_year": null,
            "eps_4q": 0.49,
            "eps_4q_growth_year": 86.88,
            "roe": -0.04,
            "gross_profit": 74129,
            "gross_margin": 3.66,
            "net_income": -322,
            "revenue": 2024706,
            "common_shares": 502880,
            "equity": 750008,
            "current_ratio": 130.5,
            "debt_ratio": 72.88,
            "inventory_turnover_ratio": 3.97,
            "account_receivable_turnover_ratio": 2.86,
            "reinvestment_rate": 193.04,
            "research_to_sale_ratio": 0.57,
            "price_fair": 38.4,
            "eps_avg_yearly": 1.1,
            "eps_latest_yearly": 0.8,
            "eps_growth_yearly": 565.45
        },
        "20121": {
            "year_quarter": 20121,
            "year": 2012,
            "quarter": 1,
            "eps": -0.16,
            "eps_growth_year": -166.67,
            "eps_4q": 0.1,
            "eps_4q_growth_year": -73.08,
            "roe": -1.1,
            "gross_profit": 58691,
            "gross_margin": 3.23,
            "net_income": -8155,
            "revenue": 1815417,
            "common_shares": 502880,
            "equity": 739541,
            "current_ratio": 135.7,
            "debt_ratio": 69.45,
            "inventory_turnover_ratio": 3.38,
            "account_receivable_turnover_ratio": 2.28,
            "reinvestment_rate": 174.17,
            "research_to_sale_ratio": 0.6,
            "price_fair": 38.4,
            "eps_avg_yearly": 1.1,
            "eps_latest_yearly": 0.8,
            "eps_growth_yearly": 565.45
        },
        "20122": {
            "year_quarter": 20122,
            "year": 2012,
            "quarter": 2,
            "eps": -0.02,
            "eps_growth_year": -126.01,
            "eps_4q": 0.01,
            "eps_4q_growth_year": -97.75,
            "roe": -0.14,
            "gross_profit": 73635,
            "gross_margin": 3.96,
            "net_income": -1041,
            "revenue": 1859141,
            "common_shares": 502880,
            "equity": 739515,
            "current_ratio": 140.94,
            "debt_ratio": 66.48,
            "inventory_turnover_ratio": 4.93,
            "account_receivable_turnover_ratio": 2.32,
            "reinvestment_rate": 161.56,
            "research_to_sale_ratio": 0.78,
            "price_fair": 38.4,
            "eps_avg_yearly": 1.1,
            "eps_latest_yearly": 0.8,
            "eps_growth_yearly": 565.45
        },
        "20123": {
            "year_quarter": 20123,
            "year": 2012,
            "quarter": 3,
            "eps": 0.23,
            "eps_growth_year": 18.58,
            "eps_4q": 0.05,
            "eps_4q_growth_year": null,
            "roe": 1.65,
            "gross_profit": 85804,
            "gross_margin": 3.63,
            "net_income": 12269,
            "revenue": 2363706,
            "common_shares": 528024,
            "equity": 749937,
            "current_ratio": 132.93,
            "debt_ratio": 71.1,
            "inventory_turnover_ratio": 6.16,
            "account_receivable_turnover_ratio": 2.44,
            "reinvestment_rate": 224.56,
            "research_to_sale_ratio": 0.59,
            "price_fair": 38.4,
            "eps_avg_yearly": 1.1,
            "eps_latest_yearly": 0.8,
            "eps_growth_yearly": 565.45
        },
        "20124": {
            "year_quarter": 20124,
            "year": 2012,
            "quarter": 4,
            "eps": 0.15,
            "eps_growth_year": null,
            "eps_4q": 0.2,
            "eps_4q_growth_year": -58.56,
            "roe": 1.02,
            "gross_profit": 83265,
            "gross_margin": 3.1,
            "net_income": 7717,
            "revenue": 2683036,
            "common_shares": 528024,
            "equity": 756609,
            "current_ratio": 124.25,
            "debt_ratio": 77.17,
            "inventory_turnover_ratio": 6.7,
            "account_receivable_turnover_ratio": 1.79,
            "reinvestment_rate": 180.54,
            "research_to_sale_ratio": 0.57,
            "price_fair": 36.23,
            "eps_avg_yearly": 1.04,
            "eps_latest_yearly": 0.6,
            "eps_growth_yearly": 477.38
        },
        "20131": {
            "year_quarter": 20131,
            "year": 2013,
            "quarter": 1,
            "eps": -0.16,
            "eps_growth_year": null,
            "eps_4q": 0.2,
            "eps_4q_growth_year": 99.46,
            "roe": -1.11,
            "gross_profit": 63201,
            "gross_margin": 3.66,
            "net_income": -8262,
            "revenue": 1727516,
            "common_shares": 528024,
            "equity": 738209,
            "current_ratio": 126.57,
            "debt_ratio": 75.47,
            "inventory_turnover_ratio": 4.15,
            "account_receivable_turnover_ratio": 1.01,
            "reinvestment_rate": 5.42,
            "research_to_sale_ratio": 0.69,
            "price_fair": 36.23,
            "eps_avg_yearly": 1.04,
            "eps_latest_yearly": 0.6,
            "eps_growth_yearly": 477.38
        },
        "20132": {
            "year_quarter": 20132,
            "year": 2013,
            "quarter": 2,
            "eps": -0.54,
            "eps_growth_year": null,
            "eps_4q": -0.32,
            "eps_4q_growth_year": -5157.13,
            "roe": -4,
            "gross_profit": 48728,
            "gross_margin": 2.44,
            "net_income": -28729,
            "revenue": 1994128,
            "common_shares": 528024,
            "equity": 699609,
            "current_ratio": 121.94,
            "debt_ratio": 78.55,
            "inventory_turnover_ratio": 4.06,
            "account_receivable_turnover_ratio": 1.25,
            "reinvestment_rate": 5.43,
            "research_to_sale_ratio": 0.64,
            "price_fair": 36.23,
            "eps_avg_yearly": 1.04,
            "eps_latest_yearly": 0.6,
            "eps_growth_yearly": 477.38
        },
        "20133": {
            "year_quarter": 20133,
            "year": 2013,
            "quarter": 3,
            "eps": -1.56,
            "eps_growth_year": -771.38,
            "eps_4q": -2.12,
            "eps_4q_growth_year": -4166.44,
            "roe": -12.57,
            "gross_profit": -13806,
            "gross_margin": -0.72,
            "net_income": -82723,
            "revenue": 1909469,
            "common_shares": 528024,
            "equity": 616434,
            "current_ratio": 121.25,
            "debt_ratio": 78.1,
            "inventory_turnover_ratio": 4.8,
            "account_receivable_turnover_ratio": 1.28,
            "reinvestment_rate": null,
            "research_to_sale_ratio": 0.75,
            "price_fair": 31.2,
            "eps_avg_yearly": 0.89,
            "eps_latest_yearly": 0.6,
            "eps_growth_yearly": 117
        },
        "20134": {
            "year_quarter": 20134,
            "year": 2013,
            "quarter": 4,
            "eps": -0.22,
            "eps_growth_year": -250.87,
            "eps_4q": -2.49,
            "eps_4q_growth_year": -1316.2,
            "roe": -1.93,
            "gross_profit": 65455,
            "gross_margin": 2.29,
            "net_income": -11762,
            "revenue": 2854550,
            "common_shares": 528024,
            "equity": 604924,
            "current_ratio": 112.85,
            "debt_ratio": 85.18,
            "inventory_turnover_ratio": 11.29,
            "account_receivable_turnover_ratio": 1.49,
            "reinvestment_rate": null,
            "research_to_sale_ratio": 0.46,
            "price_fair": 31.03,
            "eps_avg_yearly": 0.89,
            "eps_latest_yearly": 0.6,
            "eps_growth_yearly": 173.11
        },
        "20141": {
            "year_quarter": 20141,
            "year": 2014,
            "quarter": 1,
            "eps": 0.22,
            "eps_growth_year": null,
            "eps_4q": -2.11,
            "eps_4q_growth_year": -1141.61,
            "roe": 1.9,
            "gross_profit": 86681,
            "gross_margin": 3.82,
            "net_income": 11596,
            "revenue": 2271113,
            "common_shares": 528184,
            "equity": 616935,
            "current_ratio": 124.48,
            "debt_ratio": 75.51,
            "inventory_turnover_ratio": 7.58,
            "account_receivable_turnover_ratio": 1.25,
            "reinvestment_rate": null,
            "research_to_sale_ratio": 0.46,
            "price_fair": 32.76,
            "eps_avg_yearly": 0.94,
            "eps_latest_yearly": 0.6,
            "eps_growth_yearly": 232.08
        },
        "20142": {
            "year_quarter": 20142,
            "year": 2014,
            "quarter": 2,
            "eps": 0.82,
            "eps_growth_year": null,
            "eps_4q": -0.74,
            "eps_4q_growth_year": null,
            "roe": 6.79,
            "gross_profit": 121925,
            "gross_margin": 3.44,
            "net_income": 43421,
            "revenue": 3541529,
            "common_shares": 529044,
            "equity": 661328,
            "current_ratio": 116.15,
            "debt_ratio": 82.66,
            "inventory_turnover_ratio": 9.19,
            "account_receivable_turnover_ratio": 2.19,
            "reinvestment_rate": null,
            "research_to_sale_ratio": 0.26,
            "price_fair": 50.96,
            "eps_avg_yearly": 1.46,
            "eps_latest_yearly": 3.28,
            "eps_growth_yearly": 445.26
        },
        "20143": {
            "year_quarter": 20143,
            "year": 2014,
            "quarter": 3,
            "eps": 0.39,
            "eps_growth_year": null,
            "eps_4q": 0.95,
            "eps_4q_growth_year": null,
            "roe": 2.91,
            "gross_profit": 116929,
            "gross_margin": 3.61,
            "net_income": 26149,
            "revenue": 3242610,
            "common_shares": 729044,
            "equity": 1133576,
            "current_ratio": 137.96,
            "debt_ratio": 69.42,
            "inventory_turnover_ratio": 8.64,
            "account_receivable_turnover_ratio": 1.62,
            "reinvestment_rate": null,
            "research_to_sale_ratio": 0.27,
            "price_fair": 45.92,
            "eps_avg_yearly": 1.31,
            "eps_latest_yearly": 1.56,
            "eps_growth_yearly": 215.07
        },
        "20144": {
            "year_quarter": 20144,
            "year": 2014,
            "quarter": 4,
            "eps": 0.49,
            "eps_growth_year": null,
            "eps_4q": 1.6,
            "eps_4q_growth_year": null,
            "roe": 3.08,
            "gross_profit": 166067,
            "gross_margin": 4.2,
            "net_income": 35393,
            "revenue": 3950210,
            "common_shares": 729044,
            "equity": 1166339,
            "current_ratio": 129.94,
            "debt_ratio": 74.43,
            "inventory_turnover_ratio": 9.52,
            "account_receivable_turnover_ratio": 1.89,
            "reinvestment_rate": -467.33,
            "research_to_sale_ratio": 0.23,
            "price_fair": 49.7,
            "eps_avg_yearly": 1.42,
            "eps_latest_yearly": 1.96,
            "eps_growth_yearly": 196.32
        },
        "20151": {
            "year_quarter": 20151,
            "year": 2015,
            "quarter": 1,
            "eps": 0.17,
            "eps_growth_year": -22.73,
            "eps_4q": 1.61,
            "eps_4q_growth_year": null,
            "roe": 1.07,
            "gross_profit": 89773,
            "gross_margin": 3.93,
            "net_income": 12570,
            "revenue": 2282207,
            "common_shares": 729044,
            "equity": 1178923,
            "current_ratio": 149.38,
            "debt_ratio": 64.1,
            "inventory_turnover_ratio": 6.34,
            "account_receivable_turnover_ratio": 1.32,
            "reinvestment_rate": -471.45,
            "research_to_sale_ratio": 0.36,
            "price_fair": 46,
            "eps_avg_yearly": 1.31,
            "eps_latest_yearly": 0.68,
            "eps_growth_yearly": 130.96
        },
        "20152": {
            "year_quarter": 20152,
            "year": 2015,
            "quarter": 2,
            "eps": 0.2,
            "eps_growth_year": -75.61,
            "eps_4q": 1.18,
            "eps_4q_growth_year": null,
            "roe": 1.3,
            "gross_profit": 92227,
            "gross_margin": 3.36,
            "net_income": 14925,
            "revenue": 2746260,
            "common_shares": 729044,
            "equity": 1121003,
            "current_ratio": 133.96,
            "debt_ratio": 72.08,
            "inventory_turnover_ratio": 7.78,
            "account_receivable_turnover_ratio": 1.86,
            "reinvestment_rate": -312.22,
            "research_to_sale_ratio": 0.37,
            "price_fair": 48.4,
            "eps_avg_yearly": 1.38,
            "eps_latest_yearly": 0.8,
            "eps_growth_yearly": 179.14
        },
        "20153": {
            "year_quarter": 20153,
            "year": 2015,
            "quarter": 3,
            "eps": 0.46,
            "eps_growth_year": 17.95,
            "eps_4q": 1.35,
            "eps_4q_growth_year": 41.74,
            "roe": 3.01,
            "gross_profit": 116253,
            "gross_margin": 3.47,
            "net_income": 33810,
            "revenue": 3347066,
            "common_shares": 754560,
            "equity": 1128445,
            "current_ratio": 125.74,
            "debt_ratio": 77.27,
            "inventory_turnover_ratio": 7.57,
            "account_receivable_turnover_ratio": 1.64,
            "reinvestment_rate": -196.58,
            "research_to_sale_ratio": 0.32,
            "price_fair": 53.6,
            "eps_avg_yearly": 1.53,
            "eps_latest_yearly": 1.84,
            "eps_growth_yearly": 167.71
        },
        "20154": {
            "year_quarter": 20154,
            "year": 2015,
            "quarter": 4,
            "eps": 0.07,
            "eps_growth_year": -84.99,
            "eps_4q": 0.94,
            "eps_4q_growth_year": -41.46,
            "roe": 0.26,
            "gross_profit": 91793,
            "gross_margin": 3.42,
            "net_income": 2929,
            "revenue": 2680804,
            "common_shares": 754560,
            "equity": 1125657,
            "current_ratio": 133.84,
            "debt_ratio": 72.34,
            "inventory_turnover_ratio": 6.43,
            "account_receivable_turnover_ratio": 1.32,
            "reinvestment_rate": -238.5,
            "research_to_sale_ratio": 0.34,
            "price_fair": 48.13,
            "eps_avg_yearly": 1.38,
            "eps_latest_yearly": 0.28,
            "eps_growth_yearly": 104.35
        },
        "20161": {
            "year_quarter": 20161,
            "year": 2016,
            "quarter": 1,
            "eps": 0.25,
            "eps_growth_year": 47.06,
            "eps_4q": 1.01,
            "eps_4q_growth_year": -37.61,
            "roe": 1.44,
            "gross_profit": 97854,
            "gross_margin": 4.06,
            "net_income": 16333,
            "revenue": 2409074,
            "common_shares": 754560,
            "equity": 1141060,
            "current_ratio": 143.66,
            "debt_ratio": 67.19,
            "inventory_turnover_ratio": 5.46,
            "account_receivable_turnover_ratio": 1.54,
            "reinvestment_rate": -159.55,
            "research_to_sale_ratio": 0.4,
            "price_fair": 46.67,
            "eps_avg_yearly": 1.33,
            "eps_latest_yearly": 1,
            "eps_growth_yearly": 207.04
        },
        "20162": {
            "year_quarter": 20162,
            "year": 2016,
            "quarter": 2,
            "eps": 0.15,
            "eps_growth_year": -25,
            "eps_4q": 0.98,
            "eps_4q_growth_year": -17.11,
            "roe": 0.84,
            "gross_profit": 77541,
            "gross_margin": 2.84,
            "net_income": 9079,
            "revenue": 2727913,
            "common_shares": 754560,
            "equity": 1025181,
            "current_ratio": 136.29,
            "debt_ratio": 70.77,
            "inventory_turnover_ratio": 7.73,
            "account_receivable_turnover_ratio": 1.8,
            "reinvestment_rate": -136.65,
            "research_to_sale_ratio": 0.32,
            "price_fair": 44.1,
            "eps_avg_yearly": 1.26,
            "eps_latest_yearly": 0.6,
            "eps_growth_yearly": 170.34
        },
        "20163": {
            "year_quarter": 20163,
            "year": 2016,
            "quarter": 3,
            "eps": 0.46,
            "eps_growth_year": 0,
            "eps_4q": 0.95,
            "eps_4q_growth_year": -29.98,
            "roe": 2.93,
            "gross_profit": 110626,
            "gross_margin": 3.12,
            "net_income": 30238,
            "revenue": 3543123,
            "common_shares": 754560,
            "equity": 1041415,
            "current_ratio": 125.23,
            "debt_ratio": 77.72,
            "inventory_turnover_ratio": 8.72,
            "account_receivable_turnover_ratio": 1.76,
            "reinvestment_rate": -125.11,
            "research_to_sale_ratio": 0.26,
            "price_fair": 45.95,
            "eps_avg_yearly": 1.31,
            "eps_latest_yearly": 1.84,
            "eps_growth_yearly": 230.01
        },
        "20164": {
            "year_quarter": 20164,
            "year": 2016,
            "quarter": 4,
            "eps": 0.48,
            "eps_growth_year": 552.98,
            "eps_4q": 1.35,
            "eps_4q_growth_year": 43.78,
            "roe": 2.92,
            "gross_profit": 129306,
            "gross_margin": 3.06,
            "net_income": 30891,
            "revenue": 4222235,
            "common_shares": 754560,
            "equity": 1071693,
            "current_ratio": 127.73,
            "debt_ratio": 76.14,
            "inventory_turnover_ratio": 9.7,
            "account_receivable_turnover_ratio": 1.87,
            "reinvestment_rate": -99.55,
            "research_to_sale_ratio": 0.21,
            "price_fair": 50.15,
            "eps_avg_yearly": 1.43,
            "eps_latest_yearly": 1.92,
            "eps_growth_yearly": 244.23
        },
        "20171": {
            "year_quarter": 20171,
            "year": 2017,
            "quarter": 1,
            "eps": 0.26,
            "eps_growth_year": 4,
            "eps_4q": 1.35,
            "eps_4q_growth_year": 33.84,
            "roe": 1.54,
            "gross_profit": 88642,
            "gross_margin": 2.79,
            "net_income": 16590,
            "revenue": 3179715,
            "common_shares": 754560,
            "equity": 1085274,
            "current_ratio": 129.78,
            "debt_ratio": 74.7,
            "inventory_turnover_ratio": 6.94,
            "account_receivable_turnover_ratio": 1.57,
            "reinvestment_rate": -12.29,
            "research_to_sale_ratio": 0.26,
            "price_fair": 49,
            "eps_avg_yearly": 1.4,
            "eps_latest_yearly": 1.04,
            "eps_growth_yearly": 208.6
        },
        "20172": {
            "year_quarter": 20172,
            "year": 2017,
            "quarter": 2,
            "eps": 0.06,
            "eps_growth_year": -60,
            "eps_4q": 1.25,
            "eps_4q_growth_year": 27.65,
            "roe": 0.38,
            "gross_profit": 77662,
            "gross_margin": 2.56,
            "net_income": 4025,
            "revenue": 3038280,
            "common_shares": 754560,
            "equity": 1006804,
            "current_ratio": 126.46,
            "debt_ratio": 76.76,
            "inventory_turnover_ratio": 5.54,
            "account_receivable_turnover_ratio": 1.88,
            "reinvestment_rate": -9.9,
            "research_to_sale_ratio": 0.27,
            "price_fair": 45.88,
            "eps_avg_yearly": 1.31,
            "eps_latest_yearly": 0.24,
            "eps_growth_yearly": 168.89
        },
        "20173": {
            "year_quarter": 20173,
            "year": 2017,
            "quarter": 3,
            "eps": -0.26,
            "eps_growth_year": -156.52,
            "eps_4q": 0.54,
            "eps_4q_growth_year": -43.3,
            "roe": -1.77,
            "gross_profit": 48123,
            "gross_margin": 2.65,
            "net_income": -17658,
            "revenue": 1814845,
            "common_shares": 754560,
            "equity": 989031,
            "current_ratio": 134.91,
            "debt_ratio": 71.44,
            "inventory_turnover_ratio": 5.33,
            "account_receivable_turnover_ratio": 1.48,
            "reinvestment_rate": -7.27,
            "research_to_sale_ratio": 0.41,
            "price_fair": 45.88,
            "eps_avg_yearly": 1.31,
            "eps_latest_yearly": 0.24,
            "eps_growth_yearly": 168.89
        },
        "20174": {
            "year_quarter": 20174,
            "year": 2017,
            "quarter": 4,
            "eps": -0.44,
            "eps_growth_year": -192.38,
            "eps_4q": -0.38,
            "eps_4q_growth_year": -128.29,
            "roe": -3.11,
            "gross_profit": 29945,
            "gross_margin": 3.05,
            "net_income": -30328,
            "revenue": 983093,
            "common_shares": 754560,
            "equity": 958725,
            "current_ratio": 163.18,
            "debt_ratio": 58.05,
            "inventory_turnover_ratio": 4.49,
            "account_receivable_turnover_ratio": 1.15,
            "reinvestment_rate": -6.93,
            "research_to_sale_ratio": 0.74,
            "price_fair": 45.88,
            "eps_avg_yearly": 1.31,
            "eps_latest_yearly": 0.24,
            "eps_growth_yearly": 168.89
        },
        "20181": {
            "year_quarter": 20181,
            "year": 2018,
            "quarter": 1,
            "eps": 0.02,
            "eps_growth_year": -92.31,
            "eps_4q": -0.62,
            "eps_4q_growth_year": -146.16,
            "roe": 0.12,
            "gross_profit": 52465,
            "gross_margin": 2.55,
            "net_income": 1127,
            "revenue": 2057692,
            "common_shares": 754560,
            "equity": 958842,
            "current_ratio": 138.67,
            "debt_ratio": 69.01,
            "inventory_turnover_ratio": 8.92,
            "account_receivable_turnover_ratio": 2.05,
            "reinvestment_rate": -6.77,
            "research_to_sale_ratio": 0.31,
            "price_fair": 45.88,
            "eps_avg_yearly": 1.31,
            "eps_latest_yearly": 0.24,
            "eps_growth_yearly": 168.89
        },
        "20182": {
            "year_quarter": 20182,
            "year": 2018,
            "quarter": 2,
            "eps": 0.28,
            "eps_growth_year": 366.67,
            "eps_4q": -0.4,
            "eps_4q_growth_year": -131.62,
            "roe": 2.05,
            "gross_profit": 105277,
            "gross_margin": 2.95,
            "net_income": 19605,
            "revenue": 3565347,
            "common_shares": 754560,
            "equity": 953235,
            "current_ratio": 125.11,
            "debt_ratio": 77.47,
            "inventory_turnover_ratio": 9.06,
            "account_receivable_turnover_ratio": 2.28,
            "reinvestment_rate": -6.82,
            "research_to_sale_ratio": 0.19,
            "price_fair": 40.06,
            "eps_avg_yearly": 1.14,
            "eps_latest_yearly": 1.12,
            "eps_growth_yearly": 484.97
        },
        "20183": {
            "year_quarter": 20183,
            "year": 2018,
            "quarter": 3,
            "eps": 0.12,
            "eps_growth_year": null,
            "eps_4q": -0.02,
            "eps_4q_growth_year": -104.03,
            "roe": 0.84,
            "gross_profit": 98023,
            "gross_margin": 2.56,
            "net_income": 8057,
            "revenue": 3834690,
            "common_shares": 754560,
            "equity": 961302,
            "current_ratio": 121.5,
            "debt_ratio": 80.15,
            "inventory_turnover_ratio": 6.39,
            "account_receivable_turnover_ratio": 1.9,
            "reinvestment_rate": -8.2,
            "research_to_sale_ratio": 0.18,
            "price_fair": 37.15,
            "eps_avg_yearly": 1.06,
            "eps_latest_yearly": 0.48,
            "eps_growth_yearly": 483.53
        },
        "20184": {
            "year_quarter": 20184,
            "year": 2018,
            "quarter": 4,
            "eps": 0.16,
            "eps_growth_year": null,
            "eps_4q": 0.58,
            "eps_4q_growth_year": null,
            "roe": 1.13,
            "gross_profit": 120794,
            "gross_margin": 2.91,
            "net_income": 10897,
            "revenue": 4146610,
            "common_shares": 720310,
            "equity": 971743,
            "current_ratio": 117.86,
            "debt_ratio": 83.11,
            "inventory_turnover_ratio": 5.99,
            "account_receivable_turnover_ratio": 1.53,
            "reinvestment_rate": -8.69,
            "research_to_sale_ratio": 0.18,
            "price_fair": 33.6,
            "eps_avg_yearly": 0.96,
            "eps_latest_yearly": 0.64,
            "eps_growth_yearly": 485.89
        },
        "20191": {
            "year_quarter": 20191,
            "year": 2019,
            "quarter": 1,
            "eps": 0.25,
            "eps_growth_year": 1150,
            "eps_4q": 0.81,
            "eps_4q_growth_year": null,
            "roe": 1.75,
            "gross_profit": 94717,
            "gross_margin": 2.09,
            "net_income": 17154,
            "revenue": 4524022,
            "common_shares": 720310,
            "equity": 989188,
            "current_ratio": 116.44,
            "debt_ratio": 84,
            "inventory_turnover_ratio": 5.73,
            "account_receivable_turnover_ratio": 1.38,
            "reinvestment_rate": -7.6,
            "research_to_sale_ratio": 0.17,
            "price_fair": 34.46,
            "eps_avg_yearly": 0.98,
            "eps_latest_yearly": 1,
            "eps_growth_yearly": 523.29
        },
        "20192": {
            "year_quarter": 20192,
            "year": 2019,
            "quarter": 2,
            "eps": 0.3,
            "eps_growth_year": 7.14,
            "eps_4q": 0.82,
            "eps_4q_growth_year": null,
            "roe": 2.08,
            "gross_profit": 138685,
            "gross_margin": 2.6,
            "net_income": 20515,
            "revenue": 5332519,
            "common_shares": 720310,
            "equity": 982945,
            "current_ratio": 113.29,
            "debt_ratio": 86.75,
            "inventory_turnover_ratio": 6.16,
            "account_receivable_turnover_ratio": 1.34,
            "reinvestment_rate": -6.71,
            "research_to_sale_ratio": 0.15,
            "price_fair": 35.54,
            "eps_avg_yearly": 1.02,
            "eps_latest_yearly": 1.2,
            "eps_growth_yearly": 524.02
        },
        "20193": {
            "year_quarter": 20193,
            "year": 2019,
            "quarter": 3,
            "eps": 0.19,
            "eps_growth_year": 58.33,
            "eps_4q": 0.9,
            "eps_4q_growth_year": null,
            "roe": 1.35,
            "gross_profit": 129945,
            "gross_margin": 2.13,
            "net_income": 13346,
            "revenue": 6093940,
            "common_shares": 688310,
            "equity": 995563,
            "current_ratio": 112.88,
            "debt_ratio": 87.19,
            "inventory_turnover_ratio": 7.52,
            "account_receivable_turnover_ratio": 1.29,
            "reinvestment_rate": -6.36,
            "research_to_sale_ratio": 0.12,
            "price_fair": 32.63,
            "eps_avg_yearly": 0.93,
            "eps_latest_yearly": 0.76,
            "eps_growth_yearly": 472.74
        },
        "20194": {
            "year_quarter": 20194,
            "year": 2019,
            "quarter": 4,
            "eps": -0.1,
            "eps_growth_year": -165.48,
            "eps_4q": 0.64,
            "eps_4q_growth_year": 10.43,
            "roe": -0.72,
            "gross_profit": 88588,
            "gross_margin": 2.69,
            "net_income": -7146,
            "revenue": 3289821,
            "common_shares": 688310,
            "equity": 984235,
            "current_ratio": 120.08,
            "debt_ratio": 81.44,
            "inventory_turnover_ratio": 4.97,
            "account_receivable_turnover_ratio": 0.86,
            "reinvestment_rate": -5,
            "research_to_sale_ratio": 0.23,
            "price_fair": 34.53,
            "eps_avg_yearly": 0.99,
            "eps_latest_yearly": 0.76,
            "eps_growth_yearly": 540.39
        },
        "20201": {
            "year_quarter": 20201,
            "year": 2020,
            "quarter": 1,
            "eps": 0.38,
            "eps_growth_year": 52,
            "eps_4q": 0.77,
            "eps_4q_growth_year": -5.44,
            "roe": 2.61,
            "gross_profit": 113317,
            "gross_margin": 3.03,
            "net_income": 26004,
            "revenue": 3741128,
            "common_shares": 688310,
            "equity": 1011349,
            "current_ratio": 118.28,
            "debt_ratio": 83.01,
            "inventory_turnover_ratio": 4.35,
            "account_receivable_turnover_ratio": 1.29,
            "reinvestment_rate": -4.58,
            "research_to_sale_ratio": 0.17,
            "price_fair": 34.49,
            "eps_avg_yearly": 0.99,
            "eps_latest_yearly": 0.76,
            "eps_growth_yearly": 496.01
        },
        "20202": {
            "year_quarter": 20202,
            "year": 2020,
            "quarter": 2,
            "eps": 0.43,
            "eps_growth_year": 43.33,
            "eps_4q": 0.9,
            "eps_4q_growth_year": 9.18,
            "roe": 2.94,
            "gross_profit": 107062,
            "gross_margin": 2.02,
            "net_income": 29541,
            "revenue": 5290592,
            "common_shares": 688310,
            "equity": 995396,
            "current_ratio": 118.25,
            "debt_ratio": 83.13,
            "inventory_turnover_ratio": 6.04,
            "account_receivable_turnover_ratio": 1.64,
            "reinvestment_rate": -4.13,
            "research_to_sale_ratio": 0.13,
            "price_fair": 38.05,
            "eps_avg_yearly": 1.09,
            "eps_latest_yearly": 1.72,
            "eps_growth_yearly": 515.34
        },
        "20203": {
            "year_quarter": 20203,
            "year": 2020,
            "quarter": 3,
            "eps": 0.37,
            "eps_growth_year": 94.74,
            "eps_4q": 1.07,
            "eps_4q_growth_year": 19.21,
            "roe": 2.51,
            "gross_profit": 105773,
            "gross_margin": 2.73,
            "net_income": 25299,
            "revenue": 3871413,
            "common_shares": 687070,
            "equity": 1018892,
            "current_ratio": 122,
            "debt_ratio": 80.45,
            "inventory_turnover_ratio": 8.86,
            "account_receivable_turnover_ratio": 1.18,
            "reinvestment_rate": -4.14,
            "research_to_sale_ratio": 0.18,
            "price_fair": 36.91,
            "eps_avg_yearly": 1.05,
            "eps_latest_yearly": 1.48,
            "eps_growth_yearly": 435.12
        },
        "20204": {
            "year_quarter": 20204,
            "year": 2020,
            "quarter": 4,
            "eps": -0.17,
            "eps_growth_year": null,
            "eps_4q": 1.01,
            "eps_4q_growth_year": 58.03,
            "roe": -1.15,
            "gross_profit": 61981,
            "gross_margin": 4.55,
            "net_income": -11632,
            "revenue": 1361090,
            "common_shares": 687070,
            "equity": 1004564,
            "current_ratio": 160.49,
            "debt_ratio": 61.74,
            "inventory_turnover_ratio": 6.13,
            "account_receivable_turnover_ratio": 0.68,
            "reinvestment_rate": -4.46,
            "research_to_sale_ratio": 0.51,
            "price_fair": 33.88,
            "eps_avg_yearly": 0.97,
            "eps_latest_yearly": 1.48,
            "eps_growth_yearly": 476.89
        },
        "20211": {
            "year_quarter": 20211,
            "year": 2021,
            "quarter": 1,
            "eps": 0.33,
            "eps_growth_year": -13.16,
            "eps_4q": 0.96,
            "eps_4q_growth_year": 25.16,
            "roe": 2.23,
            "gross_profit": 91662,
            "gross_margin": 3.35,
            "net_income": 22656,
            "revenue": 2734043,
            "common_shares": 687070,
            "equity": 1027063,
            "current_ratio": 135.36,
            "debt_ratio": 72.96,
            "inventory_turnover_ratio": 11.85,
            "account_receivable_turnover_ratio": 1.89,
            "reinvestment_rate": -0.19,
            "research_to_sale_ratio": 0.25,
            "price_fair": 33.6,
            "eps_avg_yearly": 0.96,
            "eps_latest_yearly": 1.48,
            "eps_growth_yearly": 550.25
        },
        "20212": {
            "year_quarter": 20212,
            "year": 2021,
            "quarter": 2,
            "eps": 0.14,
            "eps_growth_year": -67.44,
            "eps_4q": 0.66,
            "eps_4q_growth_year": -26.13,
            "roe": 0.9,
            "gross_profit": 77614,
            "gross_margin": 3.55,
            "net_income": 9289,
            "revenue": 2189130,
            "common_shares": 687070,
            "equity": 1033419,
            "current_ratio": 141.87,
            "debt_ratio": 69.68,
            "inventory_turnover_ratio": 7.76,
            "account_receivable_turnover_ratio": 1.32,
            "reinvestment_rate": -0.59,
            "research_to_sale_ratio": 0.29,
            "price_fair": 34.84,
            "eps_avg_yearly": 1,
            "eps_latest_yearly": 0.56,
            "eps_growth_yearly": 558.85
        },
        "20213": {
            "year_quarter": 20213,
            "year": 2021,
            "quarter": 3,
            "eps": 0.25,
            "eps_growth_year": -32.43,
            "eps_4q": 0.55,
            "eps_4q_growth_year": -48.99,
            "roe": 1.72,
            "gross_profit": 78875,
            "gross_margin": 3.83,
            "net_income": 17281,
            "revenue": 2060318,
            "common_shares": 687070,
            "equity": 981551,
            "current_ratio": 140.02,
            "debt_ratio": 70.84,
            "inventory_turnover_ratio": 6.68,
            "account_receivable_turnover_ratio": 1.57,
            "reinvestment_rate": -0.76,
            "research_to_sale_ratio": 0.33,
            "price_fair": 34.86,
            "eps_avg_yearly": 1,
            "eps_latest_yearly": 1,
            "eps_growth_yearly": 534.39
        },
        "20214": {
            "year_quarter": 20214,
            "year": 2021,
            "quarter": 4,
            "eps": 0.74,
            "eps_growth_year": null,
            "eps_4q": 1.45,
            "eps_4q_growth_year": 44.23,
            "roe": 5.03,
            "gross_profit": 109176,
            "gross_margin": 4.54,
            "net_income": 50600,
            "revenue": 2405192,
            "common_shares": 687070,
            "equity": 1031587,
            "current_ratio": 131.25,
            "debt_ratio": 75.42,
            "inventory_turnover_ratio": 4.91,
            "account_receivable_turnover_ratio": 1.56,
            "reinvestment_rate": -0.49,
            "research_to_sale_ratio": 0.25,
            "price_fair": 41.11,
            "eps_avg_yearly": 1.17,
            "eps_latest_yearly": 2.96,
            "eps_growth_yearly": 557.08
        },
        "20221": {
            "year_quarter": 20221,
            "year": 2022,
            "quarter": 1,
            "eps": 0.52,
            "eps_growth_year": 57.58,
            "eps_4q": 1.64,
            "eps_4q_growth_year": 71.39,
            "roe": 3.4,
            "gross_profit": 106764,
            "gross_margin": 3.36,
            "net_income": 35715,
            "revenue": 3181292,
            "common_shares": 687070,
            "equity": 1072171,
            "current_ratio": 119.66,
            "debt_ratio": 80.47,
            "inventory_turnover_ratio": 4.48,
            "account_receivable_turnover_ratio": 1.53,
            "reinvestment_rate": 47.98,
            "research_to_sale_ratio": 0.19,
            "price_fair": 43.75,
            "eps_avg_yearly": 1.25,
            "eps_latest_yearly": 2.08,
            "eps_growth_yearly": 500.75
        },
        "20222": {
            "year_quarter": 20222,
            "year": 2022,
            "quarter": 2,
            "eps": 0.17,
            "eps_growth_year": 21.43,
            "eps_4q": 1.53,
            "eps_4q_growth_year": 129.98,
            "roe": 1.21,
            "gross_profit": 86285,
            "gross_margin": 4.38,
            "net_income": 13049,
            "revenue": 1972037,
            "common_shares": 687070,
            "equity": 1082631,
            "current_ratio": 129.6,
            "debt_ratio": 75.77,
            "inventory_turnover_ratio": 2.82,
            "account_receivable_turnover_ratio": 1.01,
            "reinvestment_rate": 49.41,
            "research_to_sale_ratio": 0.33,
            "price_fair": 42.47,
            "eps_avg_yearly": 1.21,
            "eps_latest_yearly": 0.68,
            "eps_growth_yearly": 44.98
        },
        "20223": {
            "year_quarter": 20223,
            "year": 2022,
            "quarter": 3,
            "eps": 0.19,
            "eps_growth_year": -24,
            "eps_4q": 1.49,
            "eps_4q_growth_year": 172.2,
            "roe": 1.32,
            "gross_profit": 83034,
            "gross_margin": 3.11,
            "net_income": 14426,
            "revenue": 2670649,
            "common_shares": 764021,
            "equity": 1109185,
            "current_ratio": 124.92,
            "debt_ratio": 78.65,
            "inventory_turnover_ratio": 3.75,
            "account_receivable_turnover_ratio": 1.44,
            "reinvestment_rate": 48.47,
            "research_to_sale_ratio": 0.25,
            "price_fair": 43.28,
            "eps_avg_yearly": 1.24,
            "eps_latest_yearly": 0.76,
            "eps_growth_yearly": 67.95
        },
        "20224": {
            "year_quarter": 20224,
            "year": 2022,
            "quarter": 4,
            "eps": -0.51,
            "eps_growth_year": -169.5,
            "eps_4q": 0.32,
            "eps_4q_growth_year": -78.31,
            "roe": -3.6,
            "gross_profit": 52755,
            "gross_margin": 2.3,
            "net_income": -39108,
            "revenue": 2294210,
            "common_shares": 764021,
            "equity": 1066002,
            "current_ratio": 123.41,
            "debt_ratio": 79.12,
            "inventory_turnover_ratio": 2.53,
            "account_receivable_turnover_ratio": 1.14,
            "reinvestment_rate": 58.9,
            "research_to_sale_ratio": 0.26,
            "price_fair": 45.18,
            "eps_avg_yearly": 1.29,
            "eps_latest_yearly": 0.76,
            "eps_growth_yearly": 62
        },
        "20231": {
            "year_quarter": 20231,
            "year": 2023,
            "quarter": 1,
            "eps": -0.44,
            "eps_growth_year": -184.62,
            "eps_4q": -0.59,
            "eps_4q_growth_year": -135.88,
            "roe": -3.19,
            "gross_profit": 46913,
            "gross_margin": 2.09,
            "net_income": -33401,
            "revenue": 2249388,
            "common_shares": 764021,
            "equity": 1030196,
            "current_ratio": 122.24,
            "debt_ratio": 79.26,
            "inventory_turnover_ratio": 2.11,
            "account_receivable_turnover_ratio": 1.24,
            "reinvestment_rate": 46.15,
            "research_to_sale_ratio": 0.27,
            "price_fair": 46.2,
            "eps_avg_yearly": 1.32,
            "eps_latest_yearly": 0.76,
            "eps_growth_yearly": 45.7
        }
    },
    "months": {
        "2004-09": {
            "month": "2004-09",
            "price": "28.50",
            "revenue": 374431
        },
        "2005-05": {
            "month": "2005-05",
            "price": "23.97",
            "revenue": 247190
        },
        "2005-07": {
            "month": "2005-07",
            "price": "21.05",
            "revenue": 359503
        },
        "2005-12": {
            "month": "2005-12",
            "price": "17.05",
            "revenue": 398405
        },
        "2006-01": {
            "month": "2006-01",
            "price": "18.98",
            "revenue": 328197
        },
        "2006-02": {
            "month": "2006-02",
            "price": "20.70",
            "revenue": 337412
        },
        "2006-03": {
            "month": "2006-03",
            "price": "20.54",
            "revenue": 428053
        },
        "2006-04": {
            "month": "2006-04",
            "price": "23.39",
            "revenue": 304693
        },
        "2006-05": {
            "month": "2006-05",
            "price": "26.90",
            "revenue": 307709
        },
        "2006-06": {
            "month": "2006-06",
            "price": "17.99",
            "revenue": 424252
        },
        "2006-07": {
            "month": "2006-07",
            "price": "16.58",
            "revenue": 352777
        },
        "2006-08": {
            "month": "2006-08",
            "price": "14.92",
            "revenue": 325220
        },
        "2006-09": {
            "month": "2006-09",
            "price": "14.25",
            "revenue": 377843
        },
        "2006-10": {
            "month": "2006-10",
            "price": "14.24",
            "revenue": 282606
        },
        "2006-11": {
            "month": "2006-11",
            "price": "15.02",
            "revenue": 331542
        },
        "2006-12": {
            "month": "2006-12",
            "price": "16.11",
            "revenue": 361574
        },
        "2007-01": {
            "month": "2007-01",
            "price": "16.30",
            "revenue": 383355
        },
        "2007-02": {
            "month": "2007-02",
            "price": "15.41",
            "revenue": 325399
        },
        "2007-03": {
            "month": "2007-03",
            "price": "15.67",
            "revenue": 460596
        },
        "2007-04": {
            "month": "2007-04",
            "price": "18.43",
            "revenue": 436255
        },
        "2007-05": {
            "month": "2007-05",
            "price": "18.33",
            "revenue": 408779
        },
        "2007-06": {
            "month": "2007-06",
            "price": "20.03",
            "revenue": 419860
        },
        "2007-07": {
            "month": "2007-07",
            "price": "20.91",
            "revenue": 432001
        },
        "2007-08": {
            "month": "2007-08",
            "price": "18.99",
            "revenue": 529723
        },
        "2007-09": {
            "month": "2007-09",
            "price": "17.91",
            "revenue": 503042
        },
        "2007-10": {
            "month": "2007-10",
            "price": "17.77",
            "revenue": 501078
        },
        "2007-11": {
            "month": "2007-11",
            "price": "15.35",
            "revenue": 384411
        },
        "2007-12": {
            "month": "2007-12",
            "price": "14.31",
            "revenue": 388085
        },
        "2008-01": {
            "month": "2008-01",
            "price": "12.21",
            "revenue": 306044
        },
        "2008-02": {
            "month": "2008-02",
            "price": "11.53",
            "revenue": 329186
        },
        "2008-03": {
            "month": "2008-03",
            "price": "12.77",
            "revenue": 408606
        },
        "2008-04": {
            "month": "2008-04",
            "price": "14.04",
            "revenue": 302381
        },
        "2008-05": {
            "month": "2008-05",
            "price": "12.85",
            "revenue": 397273
        },
        "2008-06": {
            "month": "2008-06",
            "price": "10.54",
            "revenue": 503254
        },
        "2008-07": {
            "month": "2008-07",
            "price": "8.12",
            "revenue": 521028
        },
        "2008-08": {
            "month": "2008-08",
            "price": "9.06",
            "revenue": 510026
        },
        "2008-09": {
            "month": "2008-09",
            "price": "8.29",
            "revenue": 531514
        },
        "2008-10": {
            "month": "2008-10",
            "price": "7.75",
            "revenue": 492783
        },
        "2008-11": {
            "month": "2008-11",
            "price": "6.07",
            "revenue": 385561
        },
        "2008-12": {
            "month": "2008-12",
            "price": "5.16",
            "revenue": 333439
        },
        "2009-01": {
            "month": "2009-01",
            "price": "5.14",
            "revenue": 380284
        },
        "2009-02": {
            "month": "2009-02",
            "price": "5.25",
            "revenue": 300131
        },
        "2009-03": {
            "month": "2009-03",
            "price": "6.07",
            "revenue": 361989
        },
        "2009-04": {
            "month": "2009-04",
            "price": "6.82",
            "revenue": 404050
        },
        "2009-05": {
            "month": "2009-05",
            "price": "7.71",
            "revenue": 361945
        },
        "2009-06": {
            "month": "2009-06",
            "price": "8.27",
            "revenue": 410466
        },
        "2009-07": {
            "month": "2009-07",
            "price": "7.74",
            "revenue": 461795
        },
        "2009-08": {
            "month": "2009-08",
            "price": "8.53",
            "revenue": 565157
        },
        "2009-09": {
            "month": "2009-09",
            "price": "12.37",
            "revenue": 506781
        },
        "2009-10": {
            "month": "2009-10",
            "price": "16.31",
            "revenue": 559725
        },
        "2009-11": {
            "month": "2009-11",
            "price": "16.42",
            "revenue": 474932
        },
        "2009-12": {
            "month": "2009-12",
            "price": "18.32",
            "revenue": 461035
        },
        "2010-01": {
            "month": "2010-01",
            "price": "21.32",
            "revenue": 470726
        },
        "2010-02": {
            "month": "2010-02",
            "price": "22.97",
            "revenue": 505424
        },
        "2010-03": {
            "month": "2010-03",
            "price": "23.91",
            "revenue": 504908
        },
        "2010-04": {
            "month": "2010-04",
            "price": "21.78",
            "revenue": 493276
        },
        "2010-05": {
            "month": "2010-05",
            "price": "17.70",
            "revenue": 563331
        },
        "2010-06": {
            "month": "2010-06",
            "price": "17.66",
            "revenue": 637063
        },
        "2010-07": {
            "month": "2010-07",
            "price": "17.28",
            "revenue": 812437
        },
        "2010-08": {
            "month": "2010-08",
            "price": "18.95",
            "revenue": 667034
        },
        "2010-09": {
            "month": "2010-09",
            "price": "17.33",
            "revenue": 860628
        },
        "2010-10": {
            "month": "2010-10",
            "price": "19.20",
            "revenue": 496951
        },
        "2010-11": {
            "month": "2010-11",
            "price": "16.94",
            "revenue": 427721
        },
        "2010-12": {
            "month": "2010-12",
            "price": "18.35",
            "revenue": 441401
        },
        "2011-01": {
            "month": "2011-01",
            "price": "17.30",
            "revenue": 460748
        },
        "2011-02": {
            "month": "2011-02",
            "price": "16.53",
            "revenue": 443151
        },
        "2011-03": {
            "month": "2011-03",
            "price": "15.37",
            "revenue": 682637
        },
        "2011-04": {
            "month": "2011-04",
            "price": "16.63",
            "revenue": 572710
        },
        "2011-05": {
            "month": "2011-05",
            "price": "15.99",
            "revenue": 556645
        },
        "2011-06": {
            "month": "2011-06",
            "price": "14.45",
            "revenue": 558864
        },
        "2011-07": {
            "month": "2011-07",
            "price": "13.37",
            "revenue": 467795
        },
        "2011-08": {
            "month": "2011-08",
            "price": "10.54",
            "revenue": 458015
        },
        "2011-09": {
            "month": "2011-09",
            "price": "10.22",
            "revenue": 603044
        },
        "2011-10": {
            "month": "2011-10",
            "price": "9.79",
            "revenue": 666999
        },
        "2011-11": {
            "month": "2011-11",
            "price": "9.89",
            "revenue": 549516
        },
        "2011-12": {
            "month": "2011-12",
            "price": "8.91",
            "revenue": 807727
        },
        "2012-01": {
            "month": "2012-01",
            "price": "9.34",
            "revenue": 450817
        },
        "2012-02": {
            "month": "2012-02",
            "price": "10.92",
            "revenue": 622348
        },
        "2012-03": {
            "month": "2012-03",
            "price": "10.93",
            "revenue": 741318
        },
        "2012-04": {
            "month": "2012-04",
            "price": "9.74",
            "revenue": 584140
        },
        "2012-05": {
            "month": "2012-05",
            "price": "8.60",
            "revenue": 617245
        },
        "2012-06": {
            "month": "2012-06",
            "price": "8.21",
            "revenue": 646257
        },
        "2012-07": {
            "month": "2012-07",
            "price": "8.18",
            "revenue": 849680
        },
        "2012-08": {
            "month": "2012-08",
            "price": "8.64",
            "revenue": 699018
        },
        "2012-09": {
            "month": "2012-09",
            "price": "9.00",
            "revenue": 825450
        },
        "2012-10": {
            "month": "2012-10",
            "price": "8.53",
            "revenue": 956583
        },
        "2012-11": {
            "month": "2012-11",
            "price": "8.03",
            "revenue": 955328
        },
        "2012-12": {
            "month": "2012-12",
            "price": "8.25",
            "revenue": 771926
        },
        "2013-01": {
            "month": "2013-01",
            "price": "8.25",
            "revenue": 659227
        },
        "2013-02": {
            "month": "2013-02",
            "price": "8.06",
            "revenue": 447841
        },
        "2013-03": {
            "month": "2013-03",
            "price": "8.04",
            "revenue": 620381
        },
        "2013-04": {
            "month": "2013-04",
            "price": "8.56",
            "revenue": 677853
        },
        "2013-05": {
            "month": "2013-05",
            "price": "9.22",
            "revenue": 735111
        },
        "2013-06": {
            "month": "2013-06",
            "price": "8.52",
            "revenue": 574568
        },
        "2013-07": {
            "month": "2013-07",
            "price": "8.15",
            "revenue": 882140
        },
        "2013-08": {
            "month": "2013-08",
            "price": "7.78",
            "revenue": 501151
        },
        "2013-09": {
            "month": "2013-09",
            "price": "7.08",
            "revenue": 531338
        },
        "2013-10": {
            "month": "2013-10",
            "price": "7.26",
            "revenue": 949975
        },
        "2013-11": {
            "month": "2013-11",
            "price": "6.50",
            "revenue": 1161453
        },
        "2013-12": {
            "month": "2013-12",
            "price": "6.50",
            "revenue": 742089
        },
        "2014-01": {
            "month": "2014-01",
            "price": "7.28",
            "revenue": 702742
        },
        "2014-02": {
            "month": "2014-02",
            "price": "9.83",
            "revenue": 774007
        },
        "2014-03": {
            "month": "2014-03",
            "price": "12.87",
            "revenue": 794237
        },
        "2014-04": {
            "month": "2014-04",
            "price": "14.91",
            "revenue": 1000040
        },
        "2014-05": {
            "month": "2014-05",
            "price": "15.85",
            "revenue": 1164936
        },
        "2014-06": {
            "month": "2014-06",
            "price": "23.40",
            "revenue": 1378206
        },
        "2014-07": {
            "month": "2014-07",
            "price": "25.79",
            "revenue": 1325035
        },
        "2014-08": {
            "month": "2014-08",
            "price": "25.33",
            "revenue": 1004812
        },
        "2014-09": {
            "month": "2014-09",
            "price": "24.94",
            "revenue": 913157
        },
        "2014-10": {
            "month": "2014-10",
            "price": "22.65",
            "revenue": 1109344
        },
        "2014-11": {
            "month": "2014-11",
            "price": "21.62",
            "revenue": 1209757
        },
        "2014-12": {
            "month": "2014-12",
            "price": "24.48",
            "revenue": 1631458
        },
        "2015-01": {
            "month": "2015-01",
            "price": "24.88",
            "revenue": 1025731
        },
        "2015-02": {
            "month": "2015-02",
            "price": "24.67",
            "revenue": 551370
        },
        "2015-03": {
            "month": "2015-03",
            "price": "23.94",
            "revenue": 705079
        },
        "2015-04": {
            "month": "2015-04",
            "price": "21.32",
            "revenue": 824501
        },
        "2015-05": {
            "month": "2015-05",
            "price": "19.40",
            "revenue": 870820
        },
        "2015-06": {
            "month": "2015-06",
            "price": "19.18",
            "revenue": 1050689
        },
        "2015-07": {
            "month": "2015-07",
            "price": "16.59",
            "revenue": 1005265
        },
        "2015-08": {
            "month": "2015-08",
            "price": "12.29",
            "revenue": 1125308
        },
        "2015-09": {
            "month": "2015-09",
            "price": "12.68",
            "revenue": 1215858
        },
        "2015-10": {
            "month": "2015-10",
            "price": "13.35",
            "revenue": 1033336
        },
        "2015-11": {
            "month": "2015-11",
            "price": "12.60",
            "revenue": 734361
        },
        "2015-12": {
            "month": "2015-12",
            "price": "11.71",
            "revenue": 914693
        },
        "2016-01": {
            "month": "2016-01",
            "price": "14.86",
            "revenue": 882431
        },
        "2016-02": {
            "month": "2016-02",
            "price": "16.06",
            "revenue": 807868
        },
        "2016-03": {
            "month": "2016-03",
            "price": "20.65",
            "revenue": 718411
        },
        "2016-04": {
            "month": "2016-04",
            "price": "19.88",
            "revenue": 893955
        },
        "2016-05": {
            "month": "2016-05",
            "price": "15.58",
            "revenue": 916329
        },
        "2016-06": {
            "month": "2016-06",
            "price": "15.85",
            "revenue": 917468
        },
        "2016-07": {
            "month": "2016-07",
            "price": "16.33",
            "revenue": 1021539
        },
        "2016-08": {
            "month": "2016-08",
            "price": "16.61",
            "revenue": 1192428
        },
        "2016-09": {
            "month": "2016-09",
            "price": "17.24",
            "revenue": 1327919
        },
        "2016-10": {
            "month": "2016-10",
            "price": "17.80",
            "revenue": 1512991
        },
        "2016-11": {
            "month": "2016-11",
            "price": "17.41",
            "revenue": 1451294
        },
        "2016-12": {
            "month": "2016-12",
            "price": "20.34",
            "revenue": 1259715
        },
        "2017-01": {
            "month": "2017-01",
            "price": "20.57",
            "revenue": 974092
        },
        "2017-02": {
            "month": "2017-02",
            "price": "20.93",
            "revenue": 1019771
        },
        "2017-03": {
            "month": "2017-03",
            "price": "22.61",
            "revenue": 1185363
        },
        "2017-04": {
            "month": "2017-04",
            "price": "22.82",
            "revenue": 1282152
        },
        "2017-05": {
            "month": "2017-05",
            "price": "23.36",
            "revenue": 1104730
        },
        "2017-06": {
            "month": "2017-06",
            "price": "22.45",
            "revenue": 650882
        },
        "2017-07": {
            "month": "2017-07",
            "price": "18.79",
            "revenue": 521171
        },
        "2017-08": {
            "month": "2017-08",
            "price": "17.02",
            "revenue": 727873
        },
        "2017-09": {
            "month": "2017-09",
            "price": "18.17",
            "revenue": 565388
        },
        "2017-10": {
            "month": "2017-10",
            "price": "16.49",
            "revenue": 360143
        },
        "2017-11": {
            "month": "2017-11",
            "price": "15.31",
            "revenue": 305134
        },
        "2017-12": {
            "month": "2017-12",
            "price": "14.70",
            "revenue": 317352
        },
        "2018-01": {
            "month": "2018-01",
            "price": "15.12",
            "revenue": 410872
        },
        "2018-02": {
            "month": "2018-02",
            "price": "13.60",
            "revenue": 838233
        },
        "2018-03": {
            "month": "2018-03",
            "price": "14.75",
            "revenue": 808595
        },
        "2018-04": {
            "month": "2018-04",
            "price": "14.11",
            "revenue": 1166252
        },
        "2018-05": {
            "month": "2018-05",
            "price": "13.75",
            "revenue": 1186865
        },
        "2018-06": {
            "month": "2018-06",
            "price": "17.65",
            "revenue": 1212543
        },
        "2018-07": {
            "month": "2018-07",
            "price": "21.99",
            "revenue": 1232046
        },
        "2018-08": {
            "month": "2018-08",
            "price": "21.37",
            "revenue": 1272033
        },
        "2018-09": {
            "month": "2018-09",
            "price": "19.70",
            "revenue": 1330219
        },
        "2018-10": {
            "month": "2018-10",
            "price": "19.66",
            "revenue": 1353102
        },
        "2018-11": {
            "month": "2018-11",
            "price": "18.95",
            "revenue": 1380308
        },
        "2018-12": {
            "month": "2018-12",
            "price": "18.23",
            "revenue": 1413440
        },
        "2019-01": {
            "month": "2019-01",
            "price": "17.28",
            "revenue": 1460943
        },
        "2019-02": {
            "month": "2019-02",
            "price": "19.91",
            "revenue": 1504696
        },
        "2019-03": {
            "month": "2019-03",
            "price": "24.52",
            "revenue": 1558406
        },
        "2019-04": {
            "month": "2019-04",
            "price": "24.16",
            "revenue": 1607399
        },
        "2019-05": {
            "month": "2019-05",
            "price": "20.27",
            "revenue": 1749292
        },
        "2019-06": {
            "month": "2019-06",
            "price": "20.09",
            "revenue": 1976388
        },
        "2019-07": {
            "month": "2019-07",
            "price": "22.48",
            "revenue": 1998283
        },
        "2019-08": {
            "month": "2019-08",
            "price": "22.09",
            "revenue": 2020592
        },
        "2019-09": {
            "month": "2019-09",
            "price": "21.71",
            "revenue": 2075573
        },
        "2019-10": {
            "month": "2019-10",
            "price": "22.18",
            "revenue": 1190457
        },
        "2019-11": {
            "month": "2019-11",
            "price": "19.76",
            "revenue": 1021268
        },
        "2019-12": {
            "month": "2019-12",
            "price": "18.51",
            "revenue": 1076481
        },
        "2020-01": {
            "month": "2020-01",
            "price": "18.04",
            "revenue": 955420
        },
        "2020-02": {
            "month": "2020-02",
            "price": "16.20",
            "revenue": 1197572
        },
        "2020-03": {
            "month": "2020-03",
            "price": "12.97",
            "revenue": 1586274
        },
        "2020-04": {
            "month": "2020-04",
            "price": "13.86",
            "revenue": 2164786
        },
        "2020-05": {
            "month": "2020-05",
            "price": "16.16",
            "revenue": 1567115
        },
        "2020-06": {
            "month": "2020-06",
            "price": "16.32",
            "revenue": 1560345
        },
        "2020-07": {
            "month": "2020-07",
            "price": "16.16",
            "revenue": 763551
        },
        "2020-08": {
            "month": "2020-08",
            "price": "15.63",
            "revenue": 1423087
        },
        "2020-09": {
            "month": "2020-09",
            "price": "15.11",
            "revenue": 1683208
        },
        "2020-10": {
            "month": "2020-10",
            "price": "14.52",
            "revenue": 436061
        },
        "2020-11": {
            "month": "2020-11",
            "price": "14.97",
            "revenue": 380311
        },
        "2020-12": {
            "month": "2020-12",
            "price": "15.40",
            "revenue": 540616
        },
        "2021-01": {
            "month": "2021-01",
            "price": "15.16",
            "revenue": 1036311
        },
        "2021-02": {
            "month": "2021-02",
            "price": "15.00",
            "revenue": 997925
        },
        "2021-03": {
            "month": "2021-03",
            "price": "15.95",
            "revenue": 699757
        },
        "2021-04": {
            "month": "2021-04",
            "price": "17.54",
            "revenue": 909418
        },
        "2021-05": {
            "month": "2021-05",
            "price": "15.69",
            "revenue": 714925
        },
        "2021-06": {
            "month": "2021-06",
            "price": "15.60",
            "revenue": 563427
        },
        "2021-07": {
            "month": "2021-07",
            "price": "15.75",
            "revenue": 685649
        },
        "2021-08": {
            "month": "2021-08",
            "price": "15.04",
            "revenue": 718674
        },
        "2021-09": {
            "month": "2021-09",
            "price": "14.84",
            "revenue": 656602
        },
        "2021-10": {
            "month": "2021-10",
            "price": "13.98",
            "revenue": 749653
        },
        "2021-11": {
            "month": "2021-11",
            "price": "14.81",
            "revenue": 785135
        },
        "2021-12": {
            "month": "2021-12",
            "price": "15.48",
            "revenue": 871548
        },
        "2022-01": {
            "month": "2022-01",
            "price": "15.40",
            "revenue": 1048544
        },
        "2022-02": {
            "month": "2022-02",
            "price": "15.54",
            "revenue": 967327
        },
        "2022-03": {
            "month": "2022-03",
            "price": "16.40",
            "revenue": 1166469
        },
        "2022-04": {
            "month": "2022-04",
            "price": "17.63",
            "revenue": 815170
        },
        "2022-05": {
            "month": "2022-05",
            "price": "16.35",
            "revenue": 646691
        },
        "2022-06": {
            "month": "2022-06",
            "price": "15.88",
            "revenue": 505384
        },
        "2022-07": {
            "month": "2022-07",
            "price": "14.00",
            "revenue": 677652
        },
        "2022-08": {
            "month": "2022-08",
            "price": "14.05",
            "revenue": 1005064
        },
        "2022-09": {
            "month": "2022-09",
            "price": "13.94",
            "revenue": 981991
        },
        "2022-10": {
            "month": "2022-10",
            "price": "13.36",
            "revenue": 711437
        },
        "2022-11": {
            "month": "2022-11",
            "price": "13.65",
            "revenue": 701274
        },
        "2022-12": {
            "month": "2022-12",
            "price": "13.54",
            "revenue": 874125
        },
        "2023-01": {
            "month": "2023-01",
            "price": "13.33",
            "revenue": 685501
        },
        "2023-02": {
            "month": "2023-02",
            "price": "13.95",
            "revenue": 642369
        },
        "2023-03": {
            "month": "2023-03",
            "price": "14.01",
            "revenue": 921437
        },
        "2023-04": {
            "month": "2023-04",
            "price": "13.77",
            "revenue": 951042
        }
    }
}
