{
    "summary": {
        "stock_name": "先進光",
        "stock_id": "3362",
        "category": "光電",
        "main_business": "光學鏡片加工製造買賣<br>鏡片組合裝配製造買賣<br>光學原器加工製造買賣",
        "website_url": "http://www.aoet.com.tw",
        "ceo": "高維亞",
        "pe_ratio": 80,
        "report_year_from": 2003,
        "report_year_to": 2023,
        "age": 21,
        "eps_negative_percentage": 35,
        "eps_growth_avg": {
            "last_all": -4.15,
            "last_2y": 46.55,
            "last_4y": -2.3,
            "last_8y": -0.63,
            "last_12y": 13.34,
            "last_16y": 2.01,
            "last_20y": null,
            "at_2006_last_3y": null,
            "at_2007_last_3y": null,
            "at_2008_last_3y": -34.97,
            "at_2009_last_3y": -100,
            "at_2010_last_3y": -100,
            "at_2011_last_3y": -100,
            "at_2012_last_3y": 0,
            "at_2013_last_3y": 2.24,
            "at_2014_last_3y": 41.28,
            "at_2015_last_3y": 5.96,
            "at_2016_last_3y": -25.38,
            "at_2017_last_3y": -13.06,
            "at_2018_last_3y": 1.05,
            "at_2019_last_3y": 1.05,
            "at_2020_last_3y": 1.05,
            "at_2021_last_3y": -20.27,
            "at_2022_last_3y": 0,
            "at_2023_last_3y": 46.55,
            "at_2024_last_3y": 46.55,
            "at_2006_last_all": -34.97,
            "at_2007_last_all": -34.97,
            "at_2008_last_all": -34.97,
            "at_2009_last_all": -34.97,
            "at_2010_last_all": -56.65,
            "at_2011_last_all": -56.65,
            "at_2012_last_all": -17.48,
            "at_2013_last_all": -12.64,
            "at_2014_last_all": -7.68,
            "at_2015_last_all": -20.87,
            "at_2016_last_all": -20.87,
            "at_2017_last_all": -12.8,
            "at_2018_last_all": -4.77,
            "at_2019_last_all": -14.29,
            "at_2020_last_all": -14.29,
            "at_2021_last_all": -14.29,
            "at_2022_last_all": -3.9,
            "at_2023_last_all": -4.15,
            "at_2024_last_all": -4.15
        },
        "latest_eps": 2.81,
        "latest_price": 226,
        "latest_roe": 12.53,
        "latest_gross_margin": 33.47,
        "latest_equity": 3319534,
        "latest_revenue": 1044846,
        "latest_gross_profit": 349664,
        "latest_net_income": 89792,
        "latest_debt_ratio": 55.27,
        "latest_current_ratio": 127.64,
        "latest_account_receivable_turnover_ratio": 0.69,
        "latest_inventory_turnover_ratio": 0.79,
        "latest_reinvestment_rate": null,
        "latest_research_to_sale_ratio": 5.29
    },
    "eps_dividends": {
        "2001": {
            "cash": 0,
            "stock": 0,
            "eps": 0
        },
        "2002": {
            "cash": 0,
            "stock": 0,
            "eps": 0
        },
        "2003": {
            "cash": 0,
            "stock": 0,
            "eps": 0
        },
        "2004": {
            "cash": 0.5,
            "stock": 1,
            "eps": 1.63
        },
        "2005": {
            "cash": 0.8,
            "stock": 0.2,
            "eps": 2.12
        },
        "2006": {
            "cash": 0.8,
            "stock": 0.3,
            "eps": -2.01
        },
        "2007": {
            "cash": 0,
            "stock": 0,
            "eps": -2.31
        },
        "2008": {
            "cash": 0,
            "stock": 0,
            "eps": -1.89
        },
        "2009": {
            "cash": 0,
            "stock": 0,
            "eps": 0.66
        },
        "2010": {
            "cash": 0,
            "stock": 0,
            "eps": -0.86
        },
        "2011": {
            "cash": 0,
            "stock": 0,
            "eps": 0.22
        },
        "2012": {
            "cash": 0,
            "stock": 0,
            "eps": 1.04
        },
        "2013": {
            "cash": 0,
            "stock": 0,
            "eps": 1.11
        },
        "2014": {
            "cash": 0,
            "stock": 0,
            "eps": 1.3
        },
        "2015": {
            "cash": 1,
            "stock": 0,
            "eps": -1.11
        },
        "2016": {
            "cash": 0,
            "stock": 0,
            "eps": 1.03
        },
        "2017": {
            "cash": 0.3,
            "stock": 0,
            "eps": 1.48
        },
        "2018": {
            "cash": 0.03,
            "stock": 0.27,
            "eps": 2.36
        },
        "2019": {
            "cash": 0.5,
            "stock": 0.2,
            "eps": -0.16
        },
        "2020": {
            "cash": 0,
            "stock": 0,
            "eps": -8.9
        },
        "2021": {
            "cash": 0,
            "stock": 0,
            "eps": 0.1
        },
        "2022": {
            "cash": 0,
            "stock": 0,
            "eps": 3.04
        },
        "2023": {
            "cash": 1,
            "stock": 0,
            "eps": 2.83
        }
    },
    "dividends": {
        "2004-04-29": {
            "cash": 0.5,
            "stock": 1
        },
        "2005-02-28": {
            "cash": 0.8,
            "stock": 0.2
        },
        "2006-03-20": {
            "cash": 0.8,
            "stock": 0.3
        },
        "2015-10-01": {
            "cash": 1,
            "stock": 0
        },
        "2017-08-02": {
            "cash": 0.3,
            "stock": 0
        },
        "2018-08-15": {
            "cash": 0.03,
            "stock": 0.27
        },
        "2019-09-20": {
            "cash": 0.5,
            "stock": 0.2
        },
        "2023-08-11": {
            "cash": 1,
            "stock": 0
        }
    },
    "prices": {
        "200101": "無",
        "200102": "無",
        "200103": "無",
        "200104": "無",
        "200105": "無",
        "200106": "無",
        "200107": "無",
        "200108": "無",
        "200109": "無",
        "200110": "無",
        "200111": "無",
        "200112": "無",
        "200201": "無",
        "200202": "無",
        "200203": "無",
        "200204": "無",
        "200205": "無",
        "200206": "無",
        "200207": "無",
        "200208": "無",
        "200209": "無",
        "200210": "無",
        "200211": "無",
        "200212": "無",
        "200301": "無",
        "200302": "無",
        "200303": "無",
        "200304": "無",
        "200305": "無",
        "200306": "無",
        "200307": "無",
        "200308": "無",
        "200309": "無",
        "200310": "無",
        "200311": "無",
        "200312": "無",
        "200401": "無",
        "200402": "無",
        "200403": "無",
        "200404": "無",
        "200405": "無",
        "200406": "無",
        "200407": "22.59",
        "200408": "20.38",
        "200409": "21.68",
        "200410": "22.62",
        "200411": "22.29",
        "200412": "22.18",
        "200501": "21.99",
        "200502": "21.40",
        "200503": "22.79",
        "200504": "23.93",
        "200505": "22.24",
        "200506": "22.29",
        "200507": "28.76",
        "200508": "34.97",
        "200509": "27.93",
        "200510": "23.68",
        "200511": "23.66",
        "200512": "29.44",
        "200601": "28.11",
        "200602": "28.27",
        "200603": "24.60",
        "200604": "23.66",
        "200605": "20.42",
        "200606": "16.65",
        "200607": "16.42",
        "200608": "15.98",
        "200609": "14.29",
        "200610": "13.81",
        "200611": "16.97",
        "200612": "16.66",
        "200701": "20.33",
        "200702": "21.54",
        "200703": "20.74",
        "200704": "20.57",
        "200705": "19.05",
        "200706": "19.89",
        "200707": "21.38",
        "200708": "17.17",
        "200709": "15.95",
        "200710": "20.17",
        "200711": "16.32",
        "200712": "15.47",
        "200801": "13.53",
        "200802": "13.01",
        "200803": "12.99",
        "200804": "14.71",
        "200805": "14.00",
        "200806": "13.00",
        "200807": "11.67",
        "200808": "11.40",
        "200809": "10.34",
        "200810": "9.59",
        "200811": "9.77",
        "200812": "9.72",
        "200901": "9.93",
        "200902": "10.72",
        "200903": "12.62",
        "200904": "18.11",
        "200905": "25.10",
        "200906": "22.59",
        "200907": "26.54",
        "200908": "28.74",
        "200909": "30.69",
        "200910": "37.92",
        "200911": "38.45",
        "200912": "38.02",
        "201001": "39.28",
        "201002": "36.56",
        "201003": "36.09",
        "201004": "37.38",
        "201005": "39.01",
        "201006": "37.31",
        "201007": "36.49",
        "201008": "35.58",
        "201009": "28.65",
        "201010": "24.26",
        "201011": "22.82",
        "201012": "27.73",
        "201101": "27.76",
        "201102": "24.44",
        "201103": "24.86",
        "201104": "23.78",
        "201105": "23.19",
        "201106": "22.96",
        "201107": "22.38",
        "201108": "18.26",
        "201109": "17.08",
        "201110": "16.56",
        "201111": "16.50",
        "201112": "16.87",
        "201201": "16.98",
        "201202": "18.63",
        "201203": "21.35",
        "201204": "21.90",
        "201205": "20.58",
        "201206": "24.11",
        "201207": "25.55",
        "201208": "29.76",
        "201209": "34.99",
        "201210": "38.76",
        "201211": "37.84",
        "201212": "37.49",
        "201301": "36.87",
        "201302": "37.96",
        "201303": "37.69",
        "201304": "30.57",
        "201305": "33.56",
        "201306": "37.76",
        "201307": "41.91",
        "201308": "41.30",
        "201309": "33.76",
        "201310": "29.71",
        "201311": "21.84",
        "201312": "24.12",
        "201401": "25.77",
        "201402": "27.44",
        "201403": "30.81",
        "201404": "30.47",
        "201405": "28.91",
        "201406": "28.62",
        "201407": "30.66",
        "201408": "32.99",
        "201409": "33.12",
        "201410": "27.72",
        "201411": "27.98",
        "201412": "28.08",
        "201501": "27.05",
        "201502": "26.16",
        "201503": "26.37",
        "201504": "25.58",
        "201505": "23.01",
        "201506": "19.21",
        "201507": "19.67",
        "201508": "16.77",
        "201509": "16.40",
        "201510": "15.85",
        "201511": "14.91",
        "201512": "13.62",
        "201601": "12.32",
        "201602": "13.33",
        "201603": "13.51",
        "201604": "12.42",
        "201605": "13.38",
        "201606": "16.36",
        "201607": "23.38",
        "201608": "22.60",
        "201609": "21.17",
        "201610": "22.33",
        "201611": "22.61",
        "201612": "24.75",
        "201701": "24.73",
        "201702": "25.33",
        "201703": "34.52",
        "201704": "58.85",
        "201705": "58.62",
        "201706": "54.13",
        "201707": "61.66",
        "201708": "76.28",
        "201709": "73.08",
        "201710": "71.40",
        "201711": "73.36",
        "201712": "51.02",
        "201801": "41.32",
        "201802": "36.19",
        "201803": "41.12",
        "201804": "47.54",
        "201805": "48.86",
        "201806": "63.78",
        "201807": "63.91",
        "201808": "61.57",
        "201809": "54.88",
        "201810": "47.97",
        "201811": "48.60",
        "201812": "46.33",
        "201901": "45.41",
        "201902": "51.88",
        "201903": "59.20",
        "201904": "54.78",
        "201905": "48.67",
        "201906": "49.90",
        "201907": "55.03",
        "201908": "49.80",
        "201909": "51.36",
        "201910": "48.35",
        "201911": "47.17",
        "201912": "46.60",
        "202001": "45.59",
        "202002": "39.73",
        "202003": "28.71",
        "202004": "32.01",
        "202005": "37.83",
        "202006": "38.44",
        "202007": "37.30",
        "202008": "34.48",
        "202009": "34.48",
        "202010": "33.51",
        "202011": "34.78",
        "202012": "36.64",
        "202101": "36.90",
        "202102": "36.67",
        "202103": "68.75",
        "202104": "113.91",
        "202105": "76.95",
        "202106": "94.59",
        "202107": "87.74",
        "202108": "72.48",
        "202109": "71.80",
        "202110": "64.28",
        "202111": "73.25",
        "202112": "77.37",
        "202201": "74.41",
        "202202": "68.97",
        "202203": "64.62",
        "202204": "62.67",
        "202205": "58.34",
        "202206": "61.81",
        "202207": "66.24",
        "202208": "77.20",
        "202209": "76.50",
        "202210": "58.42",
        "202211": "70.41",
        "202212": "76.34",
        "202301": "70.42",
        "202302": "78.93",
        "202303": "108.95",
        "202304": "99.48",
        "202305": "94.28",
        "202306": "102.34",
        "202307": "135.48",
        "202308": "150.43",
        "202309": "151.80",
        "202310": "140.85",
        "202311": "155.00",
        "202312": "177.02",
        "202401": "175.30",
        "202402": "246.81",
        "202403": "244.10",
        "202404": "無"
    },
    "quarters": {
        "20011": {
            "year_quarter": 20011,
            "year": 2001,
            "quarter": 1,
            "eps": null,
            "eps_growth_year": null,
            "eps_4q": null,
            "eps_4q_growth_year": null,
            "roe": null,
            "roe_4q": 0,
            "gross_profit": null,
            "gross_margin": null,
            "gross_margin_4q_avg": 0,
            "net_income": null,
            "net_income_4q": null,
            "revenue": null,
            "revenue_4q": null,
            "common_shares": null,
            "book_valuer_per_share": null,
            "book_valuer_per_share_4q_avg": 0,
            "equity": null,
            "current_ratio": null,
            "debt_ratio": null,
            "inventory_turnover_ratio": null,
            "account_receivable_turnover_ratio": null,
            "reinvestment_rate": null,
            "research_to_sale_ratio": null,
            "price_fair": 0,
            "eps_avg_yearly": 0,
            "eps_latest_yearly": 0,
            "eps_growth_yearly": 0
        },
        "20012": {
            "year_quarter": 20012,
            "year": 2001,
            "quarter": 2,
            "eps": null,
            "eps_growth_year": null,
            "eps_4q": null,
            "eps_4q_growth_year": null,
            "roe": null,
            "roe_4q": 0,
            "gross_profit": null,
            "gross_margin": null,
            "gross_margin_4q_avg": 0,
            "net_income": null,
            "net_income_4q": null,
            "revenue": null,
            "revenue_4q": null,
            "common_shares": null,
            "book_valuer_per_share": null,
            "book_valuer_per_share_4q_avg": 0,
            "equity": null,
            "current_ratio": null,
            "debt_ratio": null,
            "inventory_turnover_ratio": null,
            "account_receivable_turnover_ratio": null,
            "reinvestment_rate": null,
            "research_to_sale_ratio": null,
            "price_fair": 0,
            "eps_avg_yearly": 0,
            "eps_latest_yearly": 0,
            "eps_growth_yearly": 0
        },
        "20013": {
            "year_quarter": 20013,
            "year": 2001,
            "quarter": 3,
            "eps": null,
            "eps_growth_year": null,
            "eps_4q": null,
            "eps_4q_growth_year": null,
            "roe": null,
            "roe_4q": 0,
            "gross_profit": null,
            "gross_margin": null,
            "gross_margin_4q_avg": 0,
            "net_income": null,
            "net_income_4q": null,
            "revenue": null,
            "revenue_4q": null,
            "common_shares": null,
            "book_valuer_per_share": null,
            "book_valuer_per_share_4q_avg": 0,
            "equity": null,
            "current_ratio": null,
            "debt_ratio": null,
            "inventory_turnover_ratio": null,
            "account_receivable_turnover_ratio": null,
            "reinvestment_rate": null,
            "research_to_sale_ratio": null,
            "price_fair": 0,
            "eps_avg_yearly": 0,
            "eps_latest_yearly": 0,
            "eps_growth_yearly": 0
        },
        "20014": {
            "year_quarter": 20014,
            "year": 2001,
            "quarter": 4,
            "eps": null,
            "eps_growth_year": null,
            "eps_4q": null,
            "eps_4q_growth_year": null,
            "roe": null,
            "roe_4q": 0,
            "gross_profit": null,
            "gross_margin": null,
            "gross_margin_4q_avg": 0,
            "net_income": null,
            "net_income_4q": null,
            "revenue": null,
            "revenue_4q": null,
            "common_shares": 148500,
            "book_valuer_per_share": 9.38,
            "book_valuer_per_share_4q_avg": 2.35,
            "equity": 139328,
            "current_ratio": 151.38,
            "debt_ratio": 46.31,
            "inventory_turnover_ratio": null,
            "account_receivable_turnover_ratio": null,
            "reinvestment_rate": null,
            "research_to_sale_ratio": null,
            "price_fair": 0,
            "eps_avg_yearly": 0,
            "eps_latest_yearly": 0,
            "eps_growth_yearly": 0
        },
        "20021": {
            "year_quarter": 20021,
            "year": 2002,
            "quarter": 1,
            "eps": null,
            "eps_growth_year": null,
            "eps_4q": null,
            "eps_4q_growth_year": null,
            "roe": null,
            "roe_4q": 0,
            "gross_profit": null,
            "gross_margin": null,
            "gross_margin_4q_avg": 0,
            "net_income": null,
            "net_income_4q": null,
            "revenue": null,
            "revenue_4q": null,
            "common_shares": null,
            "book_valuer_per_share": null,
            "book_valuer_per_share_4q_avg": 2.35,
            "equity": null,
            "current_ratio": null,
            "debt_ratio": null,
            "inventory_turnover_ratio": null,
            "account_receivable_turnover_ratio": null,
            "reinvestment_rate": null,
            "research_to_sale_ratio": null,
            "price_fair": 0,
            "eps_avg_yearly": 0,
            "eps_latest_yearly": 0,
            "eps_growth_yearly": 0
        },
        "20022": {
            "year_quarter": 20022,
            "year": 2002,
            "quarter": 2,
            "eps": null,
            "eps_growth_year": null,
            "eps_4q": null,
            "eps_4q_growth_year": null,
            "roe": null,
            "roe_4q": 0,
            "gross_profit": null,
            "gross_margin": null,
            "gross_margin_4q_avg": 0,
            "net_income": null,
            "net_income_4q": null,
            "revenue": null,
            "revenue_4q": null,
            "common_shares": null,
            "book_valuer_per_share": null,
            "book_valuer_per_share_4q_avg": 2.35,
            "equity": null,
            "current_ratio": null,
            "debt_ratio": null,
            "inventory_turnover_ratio": null,
            "account_receivable_turnover_ratio": null,
            "reinvestment_rate": null,
            "research_to_sale_ratio": null,
            "price_fair": 0,
            "eps_avg_yearly": 0,
            "eps_latest_yearly": 0,
            "eps_growth_yearly": 0
        },
        "20023": {
            "year_quarter": 20023,
            "year": 2002,
            "quarter": 3,
            "eps": null,
            "eps_growth_year": null,
            "eps_4q": null,
            "eps_4q_growth_year": null,
            "roe": null,
            "roe_4q": 0,
            "gross_profit": null,
            "gross_margin": null,
            "gross_margin_4q_avg": 0,
            "net_income": null,
            "net_income_4q": null,
            "revenue": null,
            "revenue_4q": null,
            "common_shares": null,
            "book_valuer_per_share": null,
            "book_valuer_per_share_4q_avg": 2.35,
            "equity": null,
            "current_ratio": null,
            "debt_ratio": null,
            "inventory_turnover_ratio": null,
            "account_receivable_turnover_ratio": null,
            "reinvestment_rate": null,
            "research_to_sale_ratio": null,
            "price_fair": 0,
            "eps_avg_yearly": 0,
            "eps_latest_yearly": 0,
            "eps_growth_yearly": 0
        },
        "20024": {
            "year_quarter": 20024,
            "year": 2002,
            "quarter": 4,
            "eps": null,
            "eps_growth_year": null,
            "eps_4q": null,
            "eps_4q_growth_year": null,
            "roe": null,
            "roe_4q": 0,
            "gross_profit": null,
            "gross_margin": null,
            "gross_margin_4q_avg": 0,
            "net_income": null,
            "net_income_4q": null,
            "revenue": null,
            "revenue_4q": null,
            "common_shares": 250000,
            "book_valuer_per_share": 6.67,
            "book_valuer_per_share_4q_avg": 1.67,
            "equity": 166758,
            "current_ratio": 99.36,
            "debt_ratio": 47.14,
            "inventory_turnover_ratio": null,
            "account_receivable_turnover_ratio": null,
            "reinvestment_rate": null,
            "research_to_sale_ratio": null,
            "price_fair": 0,
            "eps_avg_yearly": 0,
            "eps_latest_yearly": 0,
            "eps_growth_yearly": 0
        },
        "20031": {
            "year_quarter": 20031,
            "year": 2003,
            "quarter": 1,
            "eps": null,
            "eps_growth_year": null,
            "eps_4q": null,
            "eps_4q_growth_year": null,
            "roe": null,
            "roe_4q": 0,
            "gross_profit": null,
            "gross_margin": null,
            "gross_margin_4q_avg": 0,
            "net_income": null,
            "net_income_4q": null,
            "revenue": null,
            "revenue_4q": null,
            "common_shares": null,
            "book_valuer_per_share": null,
            "book_valuer_per_share_4q_avg": 1.67,
            "equity": null,
            "current_ratio": null,
            "debt_ratio": null,
            "inventory_turnover_ratio": null,
            "account_receivable_turnover_ratio": null,
            "reinvestment_rate": null,
            "research_to_sale_ratio": null,
            "price_fair": 0,
            "eps_avg_yearly": 0,
            "eps_latest_yearly": 0,
            "eps_growth_yearly": 0
        },
        "20032": {
            "year_quarter": 20032,
            "year": 2003,
            "quarter": 2,
            "eps": null,
            "eps_growth_year": null,
            "eps_4q": null,
            "eps_4q_growth_year": null,
            "roe": null,
            "roe_4q": 0,
            "gross_profit": null,
            "gross_margin": null,
            "gross_margin_4q_avg": 0,
            "net_income": null,
            "net_income_4q": null,
            "revenue": null,
            "revenue_4q": null,
            "common_shares": null,
            "book_valuer_per_share": null,
            "book_valuer_per_share_4q_avg": 1.67,
            "equity": null,
            "current_ratio": null,
            "debt_ratio": null,
            "inventory_turnover_ratio": null,
            "account_receivable_turnover_ratio": null,
            "reinvestment_rate": null,
            "research_to_sale_ratio": null,
            "price_fair": 0,
            "eps_avg_yearly": 0,
            "eps_latest_yearly": 0,
            "eps_growth_yearly": 0
        },
        "20033": {
            "year_quarter": 20033,
            "year": 2003,
            "quarter": 3,
            "eps": null,
            "eps_growth_year": null,
            "eps_4q": null,
            "eps_4q_growth_year": null,
            "roe": null,
            "roe_4q": 0,
            "gross_profit": null,
            "gross_margin": null,
            "gross_margin_4q_avg": 0,
            "net_income": null,
            "net_income_4q": null,
            "revenue": null,
            "revenue_4q": null,
            "common_shares": null,
            "book_valuer_per_share": null,
            "book_valuer_per_share_4q_avg": 1.67,
            "equity": null,
            "current_ratio": null,
            "debt_ratio": null,
            "inventory_turnover_ratio": null,
            "account_receivable_turnover_ratio": null,
            "reinvestment_rate": null,
            "research_to_sale_ratio": null,
            "price_fair": 0,
            "eps_avg_yearly": 0,
            "eps_latest_yearly": 0,
            "eps_growth_yearly": 0
        },
        "20034": {
            "year_quarter": 20034,
            "year": 2003,
            "quarter": 4,
            "eps": null,
            "eps_growth_year": null,
            "eps_4q": null,
            "eps_4q_growth_year": null,
            "roe": null,
            "roe_4q": 0,
            "gross_profit": null,
            "gross_margin": null,
            "gross_margin_4q_avg": 0,
            "net_income": null,
            "net_income_4q": null,
            "revenue": null,
            "revenue_4q": null,
            "common_shares": 225000,
            "book_valuer_per_share": 12.58,
            "book_valuer_per_share_4q_avg": 3.15,
            "equity": 283075,
            "current_ratio": 263.7,
            "debt_ratio": 27.06,
            "inventory_turnover_ratio": null,
            "account_receivable_turnover_ratio": null,
            "reinvestment_rate": null,
            "research_to_sale_ratio": null,
            "price_fair": 0,
            "eps_avg_yearly": 0,
            "eps_latest_yearly": 0,
            "eps_growth_yearly": 0
        },
        "20041": {
            "year_quarter": 20041,
            "year": 2004,
            "quarter": 1,
            "eps": null,
            "eps_growth_year": null,
            "eps_4q": null,
            "eps_4q_growth_year": null,
            "roe": null,
            "roe_4q": 0,
            "gross_profit": null,
            "gross_margin": null,
            "gross_margin_4q_avg": 0,
            "net_income": null,
            "net_income_4q": null,
            "revenue": null,
            "revenue_4q": null,
            "common_shares": null,
            "book_valuer_per_share": null,
            "book_valuer_per_share_4q_avg": 3.15,
            "equity": null,
            "current_ratio": null,
            "debt_ratio": null,
            "inventory_turnover_ratio": null,
            "account_receivable_turnover_ratio": null,
            "reinvestment_rate": null,
            "research_to_sale_ratio": null,
            "price_fair": 0,
            "eps_avg_yearly": 0,
            "eps_latest_yearly": 0,
            "eps_growth_yearly": 0
        },
        "20042": {
            "year_quarter": 20042,
            "year": 2004,
            "quarter": 2,
            "eps": null,
            "eps_growth_year": null,
            "eps_4q": null,
            "eps_4q_growth_year": null,
            "roe": null,
            "roe_4q": 0,
            "gross_profit": null,
            "gross_margin": null,
            "gross_margin_4q_avg": 0,
            "net_income": null,
            "net_income_4q": null,
            "revenue": null,
            "revenue_4q": null,
            "common_shares": null,
            "book_valuer_per_share": null,
            "book_valuer_per_share_4q_avg": 3.15,
            "equity": null,
            "current_ratio": null,
            "debt_ratio": null,
            "inventory_turnover_ratio": null,
            "account_receivable_turnover_ratio": null,
            "reinvestment_rate": null,
            "research_to_sale_ratio": null,
            "price_fair": 0,
            "eps_avg_yearly": 0,
            "eps_latest_yearly": 0,
            "eps_growth_yearly": 0
        },
        "20043": {
            "year_quarter": 20043,
            "year": 2004,
            "quarter": 3,
            "eps": 0.89,
            "eps_growth_year": null,
            "eps_4q": null,
            "eps_4q_growth_year": null,
            "roe": 7.01,
            "roe_4q": 7.01,
            "gross_profit": 28375,
            "gross_margin": 31.08,
            "gross_margin_4q_avg": 7.77,
            "net_income": 22236,
            "net_income_4q": null,
            "revenue": 91296,
            "revenue_4q": null,
            "common_shares": 249500,
            "book_valuer_per_share": 12.71,
            "book_valuer_per_share_4q_avg": 6.32,
            "equity": 317236,
            "current_ratio": 303.06,
            "debt_ratio": 21.42,
            "inventory_turnover_ratio": 13.38,
            "account_receivable_turnover_ratio": null,
            "reinvestment_rate": null,
            "research_to_sale_ratio": null,
            "price_fair": 0,
            "eps_avg_yearly": 0,
            "eps_latest_yearly": 0,
            "eps_growth_yearly": 0
        },
        "20044": {
            "year_quarter": 20044,
            "year": 2004,
            "quarter": 4,
            "eps": 0.74,
            "eps_growth_year": null,
            "eps_4q": null,
            "eps_4q_growth_year": null,
            "roe": 5.7,
            "roe_4q": 12.71,
            "gross_profit": 23549,
            "gross_margin": 28.46,
            "gross_margin_4q_avg": 14.89,
            "net_income": 18416,
            "net_income_4q": null,
            "revenue": 82742,
            "revenue_4q": null,
            "common_shares": 249500,
            "book_valuer_per_share": 13.18,
            "book_valuer_per_share_4q_avg": 6.47,
            "equity": 328862,
            "current_ratio": 374.36,
            "debt_ratio": 19.8,
            "inventory_turnover_ratio": 6.63,
            "account_receivable_turnover_ratio": null,
            "reinvestment_rate": null,
            "research_to_sale_ratio": null,
            "price_fair": 8.88,
            "eps_avg_yearly": 2.96,
            "eps_latest_yearly": 2.96,
            "eps_growth_yearly": -67.42
        },
        "20051": {
            "year_quarter": 20051,
            "year": 2005,
            "quarter": 1,
            "eps": -0.03,
            "eps_growth_year": null,
            "eps_4q": null,
            "eps_4q_growth_year": null,
            "roe": -0.25,
            "roe_4q": 12.46,
            "gross_profit": 17589,
            "gross_margin": 27.54,
            "gross_margin_4q_avg": 21.77,
            "net_income": -809,
            "net_income_4q": null,
            "revenue": 63872,
            "revenue_4q": null,
            "common_shares": 249500,
            "book_valuer_per_share": 13.09,
            "book_valuer_per_share_4q_avg": 9.75,
            "equity": 326536,
            "current_ratio": 283.59,
            "debt_ratio": 21.54,
            "inventory_turnover_ratio": 5.64,
            "account_receivable_turnover_ratio": null,
            "reinvestment_rate": null,
            "research_to_sale_ratio": null,
            "price_fair": 8.88,
            "eps_avg_yearly": 2.96,
            "eps_latest_yearly": 2.96,
            "eps_growth_yearly": -67.42
        },
        "20052": {
            "year_quarter": 20052,
            "year": 2005,
            "quarter": 2,
            "eps": 0.6,
            "eps_growth_year": null,
            "eps_4q": 2.16,
            "eps_4q_growth_year": null,
            "roe": 4.73,
            "roe_4q": 17.189999999999998,
            "gross_profit": 29885,
            "gross_margin": 28.86,
            "gross_margin_4q_avg": 28.99,
            "net_income": 15319,
            "net_income_4q": null,
            "revenue": 103542,
            "revenue_4q": null,
            "common_shares": 249500,
            "book_valuer_per_share": 12.88,
            "book_valuer_per_share_4q_avg": 12.97,
            "equity": 321314,
            "current_ratio": 199,
            "debt_ratio": 30.78,
            "inventory_turnover_ratio": 23.15,
            "account_receivable_turnover_ratio": null,
            "reinvestment_rate": null,
            "research_to_sale_ratio": null,
            "price_fair": 8.88,
            "eps_avg_yearly": 2.96,
            "eps_latest_yearly": 2.96,
            "eps_growth_yearly": -67.42
        },
        "20053": {
            "year_quarter": 20053,
            "year": 2005,
            "quarter": 3,
            "eps": 0.82,
            "eps_growth_year": -7.87,
            "eps_4q": 2.09,
            "eps_4q_growth_year": null,
            "roe": 5.78,
            "roe_4q": 15.96,
            "gross_profit": 30643,
            "gross_margin": 26.22,
            "gross_margin_4q_avg": 27.77,
            "net_income": 21260,
            "net_income_4q": null,
            "revenue": 116888,
            "revenue_4q": null,
            "common_shares": 287000,
            "book_valuer_per_share": 14.43,
            "book_valuer_per_share_4q_avg": 13.4,
            "equity": 414261,
            "current_ratio": 263.45,
            "debt_ratio": 25.12,
            "inventory_turnover_ratio": 36.68,
            "account_receivable_turnover_ratio": null,
            "reinvestment_rate": null,
            "research_to_sale_ratio": null,
            "price_fair": 109.2,
            "eps_avg_yearly": 3.12,
            "eps_latest_yearly": 3.28,
            "eps_growth_yearly": 39.63
        },
        "20054": {
            "year_quarter": 20054,
            "year": 2005,
            "quarter": 4,
            "eps": 0.73,
            "eps_growth_year": -1.35,
            "eps_4q": 2.07,
            "eps_4q_growth_year": null,
            "roe": 4.6,
            "roe_4q": 14.86,
            "gross_profit": 33567,
            "gross_margin": 27.4,
            "gross_margin_4q_avg": 27.51,
            "net_income": 19487,
            "net_income_4q": null,
            "revenue": 122507,
            "revenue_4q": null,
            "common_shares": 287000,
            "book_valuer_per_share": 15.06,
            "book_valuer_per_share_4q_avg": 13.87,
            "equity": 432346,
            "current_ratio": 384.39,
            "debt_ratio": 19.88,
            "inventory_turnover_ratio": 11.62,
            "account_receivable_turnover_ratio": null,
            "reinvestment_rate": null,
            "research_to_sale_ratio": null,
            "price_fair": 66.51,
            "eps_avg_yearly": 3.05,
            "eps_latest_yearly": 2.92,
            "eps_growth_yearly": 11.78
        },
        "20061": {
            "year_quarter": 20061,
            "year": 2006,
            "quarter": 1,
            "eps": -0.21,
            "eps_growth_year": null,
            "eps_4q": 1.92,
            "eps_4q_growth_year": null,
            "roe": -1.29,
            "roe_4q": 13.82,
            "gross_profit": 14324,
            "gross_margin": 27.78,
            "gross_margin_4q_avg": 27.57,
            "net_income": -5536,
            "net_income_4q": null,
            "revenue": 51558,
            "revenue_4q": null,
            "common_shares": 287000,
            "book_valuer_per_share": 14.81,
            "book_valuer_per_share_4q_avg": 14.3,
            "equity": 425113,
            "current_ratio": 306.19,
            "debt_ratio": 21.17,
            "inventory_turnover_ratio": 5.37,
            "account_receivable_turnover_ratio": null,
            "reinvestment_rate": null,
            "research_to_sale_ratio": null,
            "price_fair": 66.51,
            "eps_avg_yearly": 3.05,
            "eps_latest_yearly": 2.92,
            "eps_growth_yearly": 11.78
        },
        "20062": {
            "year_quarter": 20062,
            "year": 2006,
            "quarter": 2,
            "eps": -0.66,
            "eps_growth_year": -210,
            "eps_4q": 0.54,
            "eps_4q_growth_year": -75.13,
            "roe": -4.91,
            "roe_4q": 4.18,
            "gross_profit": 10928,
            "gross_margin": 30.66,
            "gross_margin_4q_avg": 28.02,
            "net_income": -19788,
            "net_income_4q": null,
            "revenue": 35643,
            "revenue_4q": null,
            "common_shares": 287000,
            "book_valuer_per_share": 13.27,
            "book_valuer_per_share_4q_avg": 14.39,
            "equity": 380849,
            "current_ratio": 257.18,
            "debt_ratio": 24.57,
            "inventory_turnover_ratio": 175.28,
            "account_receivable_turnover_ratio": null,
            "reinvestment_rate": null,
            "research_to_sale_ratio": null,
            "price_fair": 66.51,
            "eps_avg_yearly": 3.05,
            "eps_latest_yearly": 2.92,
            "eps_growth_yearly": 11.78
        },
        "20063": {
            "year_quarter": 20063,
            "year": 2006,
            "quarter": 3,
            "eps": -0.34,
            "eps_growth_year": -141.46,
            "eps_4q": -0.53,
            "eps_4q_growth_year": -125.46,
            "roe": -2.68,
            "roe_4q": -4.279999999999999,
            "gross_profit": 14344,
            "gross_margin": 32.1,
            "gross_margin_4q_avg": 29.49,
            "net_income": -10100,
            "net_income_4q": null,
            "revenue": 44689,
            "revenue_4q": null,
            "common_shares": 299500,
            "book_valuer_per_share": 12.5,
            "book_valuer_per_share_4q_avg": 13.91,
            "equity": 374284,
            "current_ratio": 223.8,
            "debt_ratio": 27.7,
            "inventory_turnover_ratio": 481.67,
            "account_receivable_turnover_ratio": null,
            "reinvestment_rate": null,
            "research_to_sale_ratio": null,
            "price_fair": 66.51,
            "eps_avg_yearly": 3.05,
            "eps_latest_yearly": 2.92,
            "eps_growth_yearly": 11.78
        },
        "20064": {
            "year_quarter": 20064,
            "year": 2006,
            "quarter": 4,
            "eps": -0.8,
            "eps_growth_year": -209.59,
            "eps_4q": -1.98,
            "eps_4q_growth_year": -195.65,
            "roe": -6.6,
            "roe_4q": -15.48,
            "gross_profit": 13500,
            "gross_margin": 28.28,
            "gross_margin_4q_avg": 29.71,
            "net_income": -23835,
            "net_income_4q": null,
            "revenue": 47733,
            "revenue_4q": null,
            "common_shares": 299500,
            "book_valuer_per_share": 11.63,
            "book_valuer_per_share_4q_avg": 13.05,
            "equity": 348179,
            "current_ratio": 303.15,
            "debt_ratio": 20.59,
            "inventory_turnover_ratio": 5.23,
            "account_receivable_turnover_ratio": null,
            "reinvestment_rate": null,
            "research_to_sale_ratio": null,
            "price_fair": 66.51,
            "eps_avg_yearly": 3.05,
            "eps_latest_yearly": 2.92,
            "eps_growth_yearly": 11.78
        },
        "20071": {
            "year_quarter": 20071,
            "year": 2007,
            "quarter": 1,
            "eps": -0.51,
            "eps_growth_year": null,
            "eps_4q": -2.32,
            "eps_4q_growth_year": -220.78,
            "roe": -4.44,
            "roe_4q": -18.63,
            "gross_profit": 8450,
            "gross_margin": 19.26,
            "gross_margin_4q_avg": 27.58,
            "net_income": -15179,
            "net_income_4q": null,
            "revenue": 43877,
            "revenue_4q": null,
            "common_shares": 299500,
            "book_valuer_per_share": 11.21,
            "book_valuer_per_share_4q_avg": 12.15,
            "equity": 335635,
            "current_ratio": 91.18,
            "debt_ratio": 27.55,
            "inventory_turnover_ratio": 5.02,
            "account_receivable_turnover_ratio": null,
            "reinvestment_rate": null,
            "research_to_sale_ratio": null,
            "price_fair": 66.51,
            "eps_avg_yearly": 3.05,
            "eps_latest_yearly": 2.92,
            "eps_growth_yearly": 11.78
        },
        "20072": {
            "year_quarter": 20072,
            "year": 2007,
            "quarter": 2,
            "eps": 0.29,
            "eps_growth_year": null,
            "eps_4q": -1.35,
            "eps_4q_growth_year": -351.17,
            "roe": 2.56,
            "roe_4q": -11.16,
            "gross_profit": 6860,
            "gross_margin": 15.42,
            "gross_margin_4q_avg": 23.77,
            "net_income": 8686,
            "net_income_4q": null,
            "revenue": 44501,
            "revenue_4q": null,
            "common_shares": 299500,
            "book_valuer_per_share": 11.46,
            "book_valuer_per_share_4q_avg": 11.7,
            "equity": 343103,
            "current_ratio": 113.57,
            "debt_ratio": 33.03,
            "inventory_turnover_ratio": 24.53,
            "account_receivable_turnover_ratio": null,
            "reinvestment_rate": null,
            "research_to_sale_ratio": null,
            "price_fair": 66.51,
            "eps_avg_yearly": 3.05,
            "eps_latest_yearly": 2.92,
            "eps_growth_yearly": 11.78
        },
        "20073": {
            "year_quarter": 20073,
            "year": 2007,
            "quarter": 3,
            "eps": -0.67,
            "eps_growth_year": null,
            "eps_4q": -1.68,
            "eps_4q_growth_year": null,
            "roe": -6.04,
            "roe_4q": -14.52,
            "gross_profit": 3097,
            "gross_margin": 8.98,
            "gross_margin_4q_avg": 17.99,
            "net_income": -20100,
            "net_income_4q": null,
            "revenue": 34506,
            "revenue_4q": null,
            "common_shares": 299500,
            "book_valuer_per_share": 10.77,
            "book_valuer_per_share_4q_avg": 11.27,
            "equity": 322711,
            "current_ratio": 96.75,
            "debt_ratio": 32.49,
            "inventory_turnover_ratio": 11.18,
            "account_receivable_turnover_ratio": null,
            "reinvestment_rate": null,
            "research_to_sale_ratio": null,
            "price_fair": 66.51,
            "eps_avg_yearly": 3.05,
            "eps_latest_yearly": 2.92,
            "eps_growth_yearly": 11.78
        },
        "20074": {
            "year_quarter": 20074,
            "year": 2007,
            "quarter": 4,
            "eps": -1.42,
            "eps_growth_year": null,
            "eps_4q": -2.27,
            "eps_4q_growth_year": null,
            "roe": -11.18,
            "roe_4q": -19.099999999999998,
            "gross_profit": -961,
            "gross_margin": -3.12,
            "gross_margin_4q_avg": 10.14,
            "net_income": -44057,
            "net_income_4q": null,
            "revenue": 30830,
            "revenue_4q": null,
            "common_shares": 439880,
            "book_valuer_per_share": 10.59,
            "book_valuer_per_share_4q_avg": 11.01,
            "equity": 465650,
            "current_ratio": 379.35,
            "debt_ratio": 20.43,
            "inventory_turnover_ratio": 2.91,
            "account_receivable_turnover_ratio": null,
            "reinvestment_rate": null,
            "research_to_sale_ratio": null,
            "price_fair": 66.51,
            "eps_avg_yearly": 3.05,
            "eps_latest_yearly": 2.92,
            "eps_growth_yearly": 11.78
        },
        "20081": {
            "year_quarter": 20081,
            "year": 2008,
            "quarter": 1,
            "eps": -0.54,
            "eps_growth_year": null,
            "eps_4q": -1.81,
            "eps_4q_growth_year": null,
            "roe": -5.26,
            "roe_4q": -19.919999999999998,
            "gross_profit": 569,
            "gross_margin": 1.97,
            "gross_margin_4q_avg": 5.81,
            "net_income": -23641,
            "net_income_4q": null,
            "revenue": 28934,
            "revenue_4q": null,
            "common_shares": 439880,
            "book_valuer_per_share": 9.86,
            "book_valuer_per_share_4q_avg": 10.67,
            "equity": 433827,
            "current_ratio": 297.61,
            "debt_ratio": 21.7,
            "inventory_turnover_ratio": 1.26,
            "account_receivable_turnover_ratio": null,
            "reinvestment_rate": null,
            "research_to_sale_ratio": null,
            "price_fair": 66.51,
            "eps_avg_yearly": 3.05,
            "eps_latest_yearly": 2.92,
            "eps_growth_yearly": 11.78
        },
        "20082": {
            "year_quarter": 20082,
            "year": 2008,
            "quarter": 2,
            "eps": -0.59,
            "eps_growth_year": -303.45,
            "eps_4q": -2.59,
            "eps_4q_growth_year": null,
            "roe": -6.19,
            "roe_4q": -28.669999999999998,
            "gross_profit": -5096,
            "gross_margin": -15.48,
            "gross_margin_4q_avg": -1.91,
            "net_income": -26069,
            "net_income_4q": null,
            "revenue": 32929,
            "revenue_4q": null,
            "common_shares": 439880,
            "book_valuer_per_share": 9.28,
            "book_valuer_per_share_4q_avg": 10.13,
            "equity": 408074,
            "current_ratio": 243.34,
            "debt_ratio": 22.3,
            "inventory_turnover_ratio": 1.03,
            "account_receivable_turnover_ratio": null,
            "reinvestment_rate": null,
            "research_to_sale_ratio": null,
            "price_fair": 66.51,
            "eps_avg_yearly": 3.05,
            "eps_latest_yearly": 2.92,
            "eps_growth_yearly": 11.78
        },
        "20083": {
            "year_quarter": 20083,
            "year": 2008,
            "quarter": 3,
            "eps": -0.44,
            "eps_growth_year": null,
            "eps_4q": -2.57,
            "eps_4q_growth_year": null,
            "roe": -4.85,
            "roe_4q": -27.479999999999997,
            "gross_profit": 4105,
            "gross_margin": 5.67,
            "gross_margin_4q_avg": -2.74,
            "net_income": -19493,
            "net_income_4q": null,
            "revenue": 72405,
            "revenue_4q": null,
            "common_shares": 439880,
            "book_valuer_per_share": 9,
            "book_valuer_per_share_4q_avg": 9.68,
            "equity": 395690,
            "current_ratio": 219.08,
            "debt_ratio": 23.46,
            "inventory_turnover_ratio": 1.24,
            "account_receivable_turnover_ratio": null,
            "reinvestment_rate": null,
            "research_to_sale_ratio": null,
            "price_fair": 66.51,
            "eps_avg_yearly": 3.05,
            "eps_latest_yearly": 2.92,
            "eps_growth_yearly": 11.78
        },
        "20084": {
            "year_quarter": 20084,
            "year": 2008,
            "quarter": 4,
            "eps": -0.32,
            "eps_growth_year": null,
            "eps_4q": -1.87,
            "eps_4q_growth_year": null,
            "roe": -3.35,
            "roe_4q": -19.65,
            "gross_profit": 8050,
            "gross_margin": 12.05,
            "gross_margin_4q_avg": 1.05,
            "net_income": -14288,
            "net_income_4q": null,
            "revenue": 66801,
            "revenue_4q": null,
            "common_shares": 513600,
            "book_valuer_per_share": 8.92,
            "book_valuer_per_share_4q_avg": 9.27,
            "equity": 457954,
            "current_ratio": 286.39,
            "debt_ratio": 20.13,
            "inventory_turnover_ratio": 0.85,
            "account_receivable_turnover_ratio": 1.65,
            "reinvestment_rate": null,
            "research_to_sale_ratio": null,
            "price_fair": 108.5,
            "eps_avg_yearly": 3.1,
            "eps_latest_yearly": 2.92,
            "eps_growth_yearly": 51.38
        },
        "20091": {
            "year_quarter": 20091,
            "year": 2009,
            "quarter": 1,
            "eps": -0.25,
            "eps_growth_year": null,
            "eps_4q": -1.41,
            "eps_4q_growth_year": null,
            "roe": -2.8,
            "roe_4q": -17.19,
            "gross_profit": 13756,
            "gross_margin": 17.63,
            "gross_margin_4q_avg": 4.97,
            "net_income": -12758,
            "net_income_4q": null,
            "revenue": 78039,
            "revenue_4q": null,
            "common_shares": 513600,
            "book_valuer_per_share": 8.82,
            "book_valuer_per_share_4q_avg": 9.01,
            "equity": 452973,
            "current_ratio": 186.2,
            "debt_ratio": 32.12,
            "inventory_turnover_ratio": 0.64,
            "account_receivable_turnover_ratio": 0.87,
            "reinvestment_rate": null,
            "research_to_sale_ratio": null,
            "price_fair": 108.5,
            "eps_avg_yearly": 3.1,
            "eps_latest_yearly": 2.92,
            "eps_growth_yearly": 51.38
        },
        "20092": {
            "year_quarter": 20092,
            "year": 2009,
            "quarter": 2,
            "eps": 0.29,
            "eps_growth_year": null,
            "eps_4q": -0.62,
            "eps_4q_growth_year": null,
            "roe": 3.26,
            "roe_4q": -7.74,
            "gross_profit": 46658,
            "gross_margin": 33.5,
            "gross_margin_4q_avg": 17.21,
            "net_income": 14863,
            "net_income_4q": null,
            "revenue": 139267,
            "revenue_4q": null,
            "common_shares": 513600,
            "book_valuer_per_share": 8.95,
            "book_valuer_per_share_4q_avg": 8.92,
            "equity": 459897,
            "current_ratio": 176.06,
            "debt_ratio": 33.14,
            "inventory_turnover_ratio": 0.88,
            "account_receivable_turnover_ratio": 1.17,
            "reinvestment_rate": null,
            "research_to_sale_ratio": null,
            "price_fair": 108.5,
            "eps_avg_yearly": 3.1,
            "eps_latest_yearly": 2.92,
            "eps_growth_yearly": 51.38
        },
        "20093": {
            "year_quarter": 20093,
            "year": 2009,
            "quarter": 3,
            "eps": 0.37,
            "eps_growth_year": null,
            "eps_4q": 0.15,
            "eps_4q_growth_year": null,
            "roe": 3.24,
            "roe_4q": 0.3500000000000001,
            "gross_profit": 61756,
            "gross_margin": 43.85,
            "gross_margin_4q_avg": 26.76,
            "net_income": 20214,
            "net_income_4q": null,
            "revenue": 140841,
            "revenue_4q": null,
            "common_shares": 770000,
            "book_valuer_per_share": 10.25,
            "book_valuer_per_share_4q_avg": 9.24,
            "equity": 789622,
            "current_ratio": 387.86,
            "debt_ratio": 22.2,
            "inventory_turnover_ratio": 0.88,
            "account_receivable_turnover_ratio": 0.98,
            "reinvestment_rate": null,
            "research_to_sale_ratio": null,
            "price_fair": 77,
            "eps_avg_yearly": 2.2,
            "eps_latest_yearly": 1.48,
            "eps_growth_yearly": 33.22
        },
        "20094": {
            "year_quarter": 20094,
            "year": 2009,
            "quarter": 4,
            "eps": 0.25,
            "eps_growth_year": null,
            "eps_4q": 0.48,
            "eps_4q_growth_year": null,
            "roe": 1.86,
            "roe_4q": 5.56,
            "gross_profit": 53798,
            "gross_margin": 30.24,
            "gross_margin_4q_avg": 31.31,
            "net_income": 14843,
            "net_income_4q": null,
            "revenue": 177920,
            "revenue_4q": null,
            "common_shares": 770000,
            "book_valuer_per_share": 10.39,
            "book_valuer_per_share_4q_avg": 9.6,
            "equity": 803878,
            "current_ratio": 306.11,
            "debt_ratio": 26.22,
            "inventory_turnover_ratio": 1.07,
            "account_receivable_turnover_ratio": 1.66,
            "reinvestment_rate": null,
            "research_to_sale_ratio": null,
            "price_fair": 3.72,
            "eps_avg_yearly": 1.24,
            "eps_latest_yearly": 1,
            "eps_growth_yearly": -9.69
        },
        "20101": {
            "year_quarter": 20101,
            "year": 2010,
            "quarter": 1,
            "eps": 0.14,
            "eps_growth_year": null,
            "eps_4q": 0.78,
            "eps_4q_growth_year": null,
            "roe": 1.3,
            "roe_4q": 9.66,
            "gross_profit": 50507,
            "gross_margin": 29.65,
            "gross_margin_4q_avg": 34.31,
            "net_income": 10534,
            "net_income_4q": null,
            "revenue": 170371,
            "revenue_4q": null,
            "common_shares": 770000,
            "book_valuer_per_share": 10.53,
            "book_valuer_per_share_4q_avg": 10.03,
            "equity": 816108,
            "current_ratio": 315.91,
            "debt_ratio": 24.1,
            "inventory_turnover_ratio": 0.8,
            "account_receivable_turnover_ratio": 0.8,
            "reinvestment_rate": null,
            "research_to_sale_ratio": 10.49,
            "price_fair": 3.04,
            "eps_avg_yearly": 1.01,
            "eps_latest_yearly": 0.56,
            "eps_growth_yearly": -65.13
        },
        "20102": {
            "year_quarter": 20102,
            "year": 2010,
            "quarter": 2,
            "eps": 0.26,
            "eps_growth_year": -9.88,
            "eps_4q": 0.85,
            "eps_4q_growth_year": null,
            "roe": 2.45,
            "roe_4q": 8.850000000000001,
            "gross_profit": 63284,
            "gross_margin": 29.75,
            "gross_margin_4q_avg": 33.37,
            "net_income": 20269,
            "net_income_4q": null,
            "revenue": 212685,
            "revenue_4q": null,
            "common_shares": 775250,
            "book_valuer_per_share": 10.81,
            "book_valuer_per_share_4q_avg": 10.5,
            "equity": 838342,
            "current_ratio": 273.24,
            "debt_ratio": 28.38,
            "inventory_turnover_ratio": 0.87,
            "account_receivable_turnover_ratio": 0.87,
            "reinvestment_rate": null,
            "research_to_sale_ratio": 10.33,
            "price_fair": 35.7,
            "eps_avg_yearly": 1.02,
            "eps_latest_yearly": 1.04,
            "eps_growth_yearly": 36.87
        },
        "20103": {
            "year_quarter": 20103,
            "year": 2010,
            "quarter": 3,
            "eps": -0.25,
            "eps_growth_year": -166.49,
            "eps_4q": 0.34,
            "eps_4q_growth_year": 132.1,
            "roe": -2.31,
            "roe_4q": 3.3000000000000003,
            "gross_profit": 29440,
            "gross_margin": 20.66,
            "gross_margin_4q_avg": 27.58,
            "net_income": -19124,
            "net_income_4q": null,
            "revenue": 142500,
            "revenue_4q": null,
            "common_shares": 775250,
            "book_valuer_per_share": 10.53,
            "book_valuer_per_share_4q_avg": 10.57,
            "equity": 817735,
            "current_ratio": 363.12,
            "debt_ratio": 24.47,
            "inventory_turnover_ratio": 0.62,
            "account_receivable_turnover_ratio": 0.57,
            "reinvestment_rate": null,
            "research_to_sale_ratio": 15.64,
            "price_fair": 35.7,
            "eps_avg_yearly": 1.02,
            "eps_latest_yearly": 1.04,
            "eps_growth_yearly": 36.87
        },
        "20104": {
            "year_quarter": 20104,
            "year": 2010,
            "quarter": 4,
            "eps": -1.01,
            "eps_growth_year": -505.77,
            "eps_4q": -0.86,
            "eps_4q_growth_year": -280.46,
            "roe": -10.16,
            "roe_4q": -8.719999999999999,
            "gross_profit": -5547,
            "gross_margin": -3.69,
            "gross_margin_4q_avg": 19.09,
            "net_income": -78860,
            "net_income_4q": null,
            "revenue": 150141,
            "revenue_4q": null,
            "common_shares": 776780,
            "book_valuer_per_share": 9.44,
            "book_valuer_per_share_4q_avg": 10.33,
            "equity": 734020,
            "current_ratio": 285.08,
            "debt_ratio": 27.8,
            "inventory_turnover_ratio": 0.97,
            "account_receivable_turnover_ratio": 0.75,
            "reinvestment_rate": null,
            "research_to_sale_ratio": 13.9,
            "price_fair": 35.7,
            "eps_avg_yearly": 1.02,
            "eps_latest_yearly": 1.04,
            "eps_growth_yearly": 36.87
        },
        "20111": {
            "year_quarter": 20111,
            "year": 2011,
            "quarter": 1,
            "eps": -0.3,
            "eps_growth_year": -314.29,
            "eps_4q": -1.3,
            "eps_4q_growth_year": -267.53,
            "roe": -3.25,
            "roe_4q": -13.27,
            "gross_profit": 21374,
            "gross_margin": 15.34,
            "gross_margin_4q_avg": 15.52,
            "net_income": -23465,
            "net_income_4q": null,
            "revenue": 139357,
            "revenue_4q": null,
            "common_shares": 776780,
            "book_valuer_per_share": 9.14,
            "book_valuer_per_share_4q_avg": 9.98,
            "equity": 710830,
            "current_ratio": 252.37,
            "debt_ratio": 30.99,
            "inventory_turnover_ratio": 0.78,
            "account_receivable_turnover_ratio": 0.75,
            "reinvestment_rate": null,
            "research_to_sale_ratio": 11.43,
            "price_fair": 35.7,
            "eps_avg_yearly": 1.02,
            "eps_latest_yearly": 1.04,
            "eps_growth_yearly": 36.87
        },
        "20112": {
            "year_quarter": 20112,
            "year": 2011,
            "quarter": 2,
            "eps": 0.31,
            "eps_growth_year": 17.2,
            "eps_4q": -1.26,
            "eps_4q_growth_year": -247.85,
            "roe": 3.3,
            "roe_4q": -12.42,
            "gross_profit": 77459,
            "gross_margin": 30.54,
            "gross_margin_4q_avg": 15.71,
            "net_income": 23818,
            "net_income_4q": null,
            "revenue": 253608,
            "revenue_4q": null,
            "common_shares": 776780,
            "book_valuer_per_share": 9.43,
            "book_valuer_per_share_4q_avg": 9.64,
            "equity": 733418,
            "current_ratio": 197.85,
            "debt_ratio": 36.59,
            "inventory_turnover_ratio": 0.99,
            "account_receivable_turnover_ratio": 1.02,
            "reinvestment_rate": null,
            "research_to_sale_ratio": 3.9,
            "price_fair": 35.7,
            "eps_avg_yearly": 1.02,
            "eps_latest_yearly": 1.04,
            "eps_growth_yearly": 36.87
        },
        "20113": {
            "year_quarter": 20113,
            "year": 2011,
            "quarter": 3,
            "eps": 0.27,
            "eps_growth_year": null,
            "eps_4q": -0.73,
            "eps_4q_growth_year": -315.32,
            "roe": 2.87,
            "roe_4q": -7.24,
            "gross_profit": 40180,
            "gross_margin": 19.09,
            "gross_margin_4q_avg": 15.32,
            "net_income": 21375,
            "net_income_4q": null,
            "revenue": 210462,
            "revenue_4q": null,
            "common_shares": 776780,
            "book_valuer_per_share": 9.72,
            "book_valuer_per_share_4q_avg": 9.43,
            "equity": 755947,
            "current_ratio": 190.58,
            "debt_ratio": 37.39,
            "inventory_turnover_ratio": 0.8,
            "account_receivable_turnover_ratio": 0.67,
            "reinvestment_rate": null,
            "research_to_sale_ratio": 8.51,
            "price_fair": 30.11,
            "eps_avg_yearly": 1.03,
            "eps_latest_yearly": 1.08,
            "eps_growth_yearly": 19.17
        },
        "20114": {
            "year_quarter": 20114,
            "year": 2011,
            "quarter": 4,
            "eps": -0.06,
            "eps_growth_year": null,
            "eps_4q": 0.22,
            "eps_4q_growth_year": null,
            "roe": -0.59,
            "roe_4q": 2.33,
            "gross_profit": 43920,
            "gross_margin": 20.66,
            "gross_margin_4q_avg": 21.41,
            "net_income": -4474,
            "net_income_4q": null,
            "revenue": 212535,
            "revenue_4q": null,
            "common_shares": 777435,
            "book_valuer_per_share": 9.67,
            "book_valuer_per_share_4q_avg": 9.49,
            "equity": 751802,
            "current_ratio": 193.46,
            "debt_ratio": 34.99,
            "inventory_turnover_ratio": 0.76,
            "account_receivable_turnover_ratio": 0.74,
            "reinvestment_rate": null,
            "research_to_sale_ratio": 7.91,
            "price_fair": 30.11,
            "eps_avg_yearly": 1.03,
            "eps_latest_yearly": 1.08,
            "eps_growth_yearly": 19.17
        },
        "20121": {
            "year_quarter": 20121,
            "year": 2012,
            "quarter": 1,
            "eps": -0.47,
            "eps_growth_year": null,
            "eps_4q": 0.05,
            "eps_4q_growth_year": null,
            "roe": -4.99,
            "roe_4q": 0.5899999999999999,
            "gross_profit": 26340,
            "gross_margin": 14.1,
            "gross_margin_4q_avg": 21.1,
            "net_income": -36590,
            "net_income_4q": null,
            "revenue": 186829,
            "revenue_4q": null,
            "common_shares": 777435,
            "book_valuer_per_share": 9.2,
            "book_valuer_per_share_4q_avg": 9.51,
            "equity": 715618,
            "current_ratio": 162.08,
            "debt_ratio": 40.52,
            "inventory_turnover_ratio": 0.78,
            "account_receivable_turnover_ratio": 0.75,
            "reinvestment_rate": null,
            "research_to_sale_ratio": 12.63,
            "price_fair": 30.11,
            "eps_avg_yearly": 1.03,
            "eps_latest_yearly": 1.08,
            "eps_growth_yearly": 19.17
        },
        "20122": {
            "year_quarter": 20122,
            "year": 2012,
            "quarter": 2,
            "eps": 0.73,
            "eps_growth_year": 138.79,
            "eps_4q": 0.48,
            "eps_4q_growth_year": null,
            "roe": 7.65,
            "roe_4q": 4.94,
            "gross_profit": 104145,
            "gross_margin": 36.71,
            "gross_margin_4q_avg": 22.64,
            "net_income": 57013,
            "net_income_4q": null,
            "revenue": 283695,
            "revenue_4q": null,
            "common_shares": 777435,
            "book_valuer_per_share": 9.96,
            "book_valuer_per_share_4q_avg": 9.64,
            "equity": 775552,
            "current_ratio": 150.35,
            "debt_ratio": 41.24,
            "inventory_turnover_ratio": 0.82,
            "account_receivable_turnover_ratio": 0.98,
            "reinvestment_rate": null,
            "research_to_sale_ratio": 7.36,
            "price_fair": 30.11,
            "eps_avg_yearly": 1.03,
            "eps_latest_yearly": 1.08,
            "eps_growth_yearly": 19.17
        },
        "20123": {
            "year_quarter": 20123,
            "year": 2012,
            "quarter": 3,
            "eps": 0.46,
            "eps_growth_year": 68.36,
            "eps_4q": 0.67,
            "eps_4q_growth_year": null,
            "roe": 4.55,
            "roe_4q": 6.619999999999999,
            "gross_profit": 108862,
            "gross_margin": 38.9,
            "gross_margin_4q_avg": 27.59,
            "net_income": 36117,
            "net_income_4q": null,
            "revenue": 279872,
            "revenue_4q": null,
            "common_shares": 777435,
            "book_valuer_per_share": 10.4,
            "book_valuer_per_share_4q_avg": 9.81,
            "equity": 811203,
            "current_ratio": 185,
            "debt_ratio": 40.88,
            "inventory_turnover_ratio": 0.72,
            "account_receivable_turnover_ratio": 0.8,
            "reinvestment_rate": 1336.74,
            "research_to_sale_ratio": 7.34,
            "price_fair": 3.5,
            "eps_avg_yearly": 1.17,
            "eps_latest_yearly": 1.84,
            "eps_growth_yearly": -8.68
        },
        "20124": {
            "year_quarter": 20124,
            "year": 2012,
            "quarter": 4,
            "eps": 0.32,
            "eps_growth_year": null,
            "eps_4q": 1.05,
            "eps_4q_growth_year": 372.88,
            "roe": 3.07,
            "roe_4q": 10.28,
            "gross_profit": 87420,
            "gross_margin": 32.31,
            "gross_margin_4q_avg": 30.51,
            "net_income": 25284,
            "net_income_4q": null,
            "revenue": 270538,
            "revenue_4q": null,
            "common_shares": 779650,
            "book_valuer_per_share": 10.73,
            "book_valuer_per_share_4q_avg": 10.07,
            "equity": 836305,
            "current_ratio": 202.78,
            "debt_ratio": 38.63,
            "inventory_turnover_ratio": 0.76,
            "account_receivable_turnover_ratio": 0.77,
            "reinvestment_rate": 554.47,
            "research_to_sale_ratio": 5.15,
            "price_fair": 3.55,
            "eps_avg_yearly": 1.18,
            "eps_latest_yearly": 1.28,
            "eps_growth_yearly": -24.83
        },
        "20131": {
            "year_quarter": 20131,
            "year": 2013,
            "quarter": 1,
            "eps": 0.13,
            "eps_growth_year": null,
            "eps_4q": 1.65,
            "eps_4q_growth_year": 3014.74,
            "roe": 1.23,
            "roe_4q": 16.5,
            "gross_profit": 48802,
            "gross_margin": 22.58,
            "gross_margin_4q_avg": 32.63,
            "net_income": 10469,
            "net_income_4q": null,
            "revenue": 216102,
            "revenue_4q": null,
            "common_shares": 779650,
            "book_valuer_per_share": 10.86,
            "book_valuer_per_share_4q_avg": 10.49,
            "equity": 866570,
            "current_ratio": 174.46,
            "debt_ratio": 41.25,
            "inventory_turnover_ratio": 0.65,
            "account_receivable_turnover_ratio": 0.62,
            "reinvestment_rate": 146.09,
            "research_to_sale_ratio": 8.68,
            "price_fair": 3.3,
            "eps_avg_yearly": 1.1,
            "eps_latest_yearly": 0.52,
            "eps_growth_yearly": -51.42
        },
        "20132": {
            "year_quarter": 20132,
            "year": 2013,
            "quarter": 2,
            "eps": 0.69,
            "eps_growth_year": -5.66,
            "eps_4q": 1.61,
            "eps_4q_growth_year": 235.43,
            "roe": 6.07,
            "roe_4q": 14.920000000000002,
            "gross_profit": 119331,
            "gross_margin": 34.07,
            "gross_margin_4q_avg": 31.97,
            "net_income": 54402,
            "net_income_4q": null,
            "revenue": 350210,
            "revenue_4q": null,
            "common_shares": 786170,
            "book_valuer_per_share": 11.51,
            "book_valuer_per_share_4q_avg": 10.88,
            "equity": 924892,
            "current_ratio": 142.92,
            "debt_ratio": 47.96,
            "inventory_turnover_ratio": 0.83,
            "account_receivable_turnover_ratio": 0.87,
            "reinvestment_rate": 108.03,
            "research_to_sale_ratio": 5.35,
            "price_fair": 44.96,
            "eps_avg_yearly": 1.28,
            "eps_latest_yearly": 2.76,
            "eps_growth_yearly": 145.75
        },
        "20133": {
            "year_quarter": 20133,
            "year": 2013,
            "quarter": 3,
            "eps": 0.27,
            "eps_growth_year": -41.65,
            "eps_4q": 1.41,
            "eps_4q_growth_year": 111.9,
            "roe": 2.34,
            "roe_4q": 12.71,
            "gross_profit": 93557,
            "gross_margin": 27.14,
            "gross_margin_4q_avg": 29.03,
            "net_income": 21962,
            "net_income_4q": null,
            "revenue": 344691,
            "revenue_4q": null,
            "common_shares": 786650,
            "book_valuer_per_share": 11.8,
            "book_valuer_per_share_4q_avg": 11.23,
            "equity": 948922,
            "current_ratio": 129.44,
            "debt_ratio": 50.47,
            "inventory_turnover_ratio": 0.84,
            "account_receivable_turnover_ratio": 0.71,
            "reinvestment_rate": 101.32,
            "research_to_sale_ratio": 6.16,
            "price_fair": 43.4,
            "eps_avg_yearly": 1.24,
            "eps_latest_yearly": 1.08,
            "eps_growth_yearly": 106.44
        },
        "20134": {
            "year_quarter": 20134,
            "year": 2013,
            "quarter": 4,
            "eps": 0.02,
            "eps_growth_year": -94.63,
            "eps_4q": 1.11,
            "eps_4q_growth_year": 6.05,
            "roe": 0.04,
            "roe_4q": 9.68,
            "gross_profit": 79793,
            "gross_margin": 22.2,
            "gross_margin_4q_avg": 26.5,
            "net_income": 373,
            "net_income_4q": null,
            "revenue": 359371,
            "revenue_4q": null,
            "common_shares": 784220,
            "book_valuer_per_share": 11.92,
            "book_valuer_per_share_4q_avg": 11.52,
            "equity": 954745,
            "current_ratio": 117.52,
            "debt_ratio": 49.84,
            "inventory_turnover_ratio": 0.96,
            "account_receivable_turnover_ratio": 0.72,
            "reinvestment_rate": 36.76,
            "research_to_sale_ratio": 6.51,
            "price_fair": 39.82,
            "eps_avg_yearly": 1.14,
            "eps_latest_yearly": 0.08,
            "eps_growth_yearly": 79.7
        },
        "20141": {
            "year_quarter": 20141,
            "year": 2014,
            "quarter": 1,
            "eps": 0.07,
            "eps_growth_year": -46.15,
            "eps_4q": 1.05,
            "eps_4q_growth_year": -36.42,
            "roe": 0.59,
            "roe_4q": 9.04,
            "gross_profit": 59148,
            "gross_margin": 19.11,
            "gross_margin_4q_avg": 25.63,
            "net_income": 5615,
            "net_income_4q": null,
            "revenue": 309587,
            "revenue_4q": null,
            "common_shares": 784220,
            "book_valuer_per_share": 12.03,
            "book_valuer_per_share_4q_avg": 11.82,
            "equity": 943807,
            "current_ratio": 125.78,
            "debt_ratio": 49.81,
            "inventory_turnover_ratio": 0.92,
            "account_receivable_turnover_ratio": 0.63,
            "reinvestment_rate": 117.77,
            "research_to_sale_ratio": 7.78,
            "price_fair": 38.73,
            "eps_avg_yearly": 1.11,
            "eps_latest_yearly": 0.28,
            "eps_growth_yearly": 210.37
        },
        "20142": {
            "year_quarter": 20142,
            "year": 2014,
            "quarter": 2,
            "eps": 0.12,
            "eps_growth_year": -82.61,
            "eps_4q": 0.47,
            "eps_4q_growth_year": -70.55,
            "roe": 0.96,
            "roe_4q": 3.9299999999999997,
            "gross_profit": 89697,
            "gross_margin": 24.34,
            "gross_margin_4q_avg": 23.2,
            "net_income": 9064,
            "net_income_4q": null,
            "revenue": 368549,
            "revenue_4q": null,
            "common_shares": 784220,
            "book_valuer_per_share": 12.12,
            "book_valuer_per_share_4q_avg": 11.97,
            "equity": 950602,
            "current_ratio": 125.1,
            "debt_ratio": 49.88,
            "inventory_turnover_ratio": 1.01,
            "account_receivable_turnover_ratio": 0.71,
            "reinvestment_rate": 122.91,
            "research_to_sale_ratio": 5.5,
            "price_fair": 36.56,
            "eps_avg_yearly": 1.04,
            "eps_latest_yearly": 0.48,
            "eps_growth_yearly": 204.02
        },
        "20143": {
            "year_quarter": 20143,
            "year": 2014,
            "quarter": 3,
            "eps": 0.86,
            "eps_growth_year": 218.52,
            "eps_4q": 1.06,
            "eps_4q_growth_year": -24.67,
            "roe": 6.83,
            "roe_4q": 8.42,
            "gross_profit": 141189,
            "gross_margin": 32.5,
            "gross_margin_4q_avg": 24.54,
            "net_income": 67466,
            "net_income_4q": null,
            "revenue": 434469,
            "revenue_4q": null,
            "common_shares": 784220,
            "book_valuer_per_share": 13.06,
            "book_valuer_per_share_4q_avg": 12.28,
            "equity": 1023802,
            "current_ratio": 141.67,
            "debt_ratio": 48.83,
            "inventory_turnover_ratio": 0.98,
            "account_receivable_turnover_ratio": 0.97,
            "reinvestment_rate": 87.67,
            "research_to_sale_ratio": 4.79,
            "price_fair": 44.94,
            "eps_avg_yearly": 1.28,
            "eps_latest_yearly": 3.44,
            "eps_growth_yearly": 430.28
        },
        "20144": {
            "year_quarter": 20144,
            "year": 2014,
            "quarter": 4,
            "eps": 0.25,
            "eps_growth_year": 1324.55,
            "eps_4q": 1.18,
            "eps_4q_growth_year": 5.58,
            "roe": 2.01,
            "roe_4q": 10.39,
            "gross_profit": 65381,
            "gross_margin": 17.91,
            "gross_margin_4q_avg": 23.47,
            "net_income": 21970,
            "net_income_4q": null,
            "revenue": 365021,
            "revenue_4q": null,
            "common_shares": 784005,
            "book_valuer_per_share": 14.11,
            "book_valuer_per_share_4q_avg": 12.83,
            "equity": 1166120,
            "current_ratio": 184.91,
            "debt_ratio": 40.83,
            "inventory_turnover_ratio": 1.05,
            "account_receivable_turnover_ratio": 1.19,
            "reinvestment_rate": 79.43,
            "research_to_sale_ratio": 6.4,
            "price_fair": 44.04,
            "eps_avg_yearly": 1.26,
            "eps_latest_yearly": 1,
            "eps_growth_yearly": 365.37
        },
        "20151": {
            "year_quarter": 20151,
            "year": 2015,
            "quarter": 1,
            "eps": -0.36,
            "eps_growth_year": -614.29,
            "eps_4q": 0.69,
            "eps_4q_growth_year": -34.09,
            "roe": -2.65,
            "roe_4q": 7.1499999999999995,
            "gross_profit": 34261,
            "gross_margin": 10.79,
            "gross_margin_4q_avg": 21.39,
            "net_income": -33796,
            "net_income_4q": null,
            "revenue": 317523,
            "revenue_4q": null,
            "common_shares": 934005,
            "book_valuer_per_share": 14.86,
            "book_valuer_per_share_4q_avg": 13.54,
            "equity": 1388326,
            "current_ratio": 288.21,
            "debt_ratio": 29.38,
            "inventory_turnover_ratio": 1.22,
            "account_receivable_turnover_ratio": 1.34,
            "reinvestment_rate": 98.85,
            "research_to_sale_ratio": 8.53,
            "price_fair": 44.04,
            "eps_avg_yearly": 1.26,
            "eps_latest_yearly": 1,
            "eps_growth_yearly": 365.37
        },
        "20152": {
            "year_quarter": 20152,
            "year": 2015,
            "quarter": 2,
            "eps": -0.3,
            "eps_growth_year": -350,
            "eps_4q": 0.3,
            "eps_4q_growth_year": -36.46,
            "roe": -2.1,
            "roe_4q": 4.09,
            "gross_profit": 48861,
            "gross_margin": 16.9,
            "gross_margin_4q_avg": 19.53,
            "net_income": -27753,
            "net_income_4q": null,
            "revenue": 289187,
            "revenue_4q": null,
            "common_shares": 933780,
            "book_valuer_per_share": 13.49,
            "book_valuer_per_share_4q_avg": 13.88,
            "equity": 1252125,
            "current_ratio": 238.58,
            "debt_ratio": 32.65,
            "inventory_turnover_ratio": 1.11,
            "account_receivable_turnover_ratio": 1.2,
            "reinvestment_rate": 118.64,
            "research_to_sale_ratio": 9.87,
            "price_fair": 44.04,
            "eps_avg_yearly": 1.26,
            "eps_latest_yearly": 1,
            "eps_growth_yearly": 365.37
        },
        "20153": {
            "year_quarter": 20153,
            "year": 2015,
            "quarter": 3,
            "eps": 0.03,
            "eps_growth_year": -96.51,
            "eps_4q": -0.4,
            "eps_4q_growth_year": -137.42,
            "roe": 0.24,
            "roe_4q": -2.5,
            "gross_profit": 38796,
            "gross_margin": 12.44,
            "gross_margin_4q_avg": 14.51,
            "net_income": 2967,
            "net_income_4q": null,
            "revenue": 311799,
            "revenue_4q": null,
            "common_shares": 933780,
            "book_valuer_per_share": 13.6,
            "book_valuer_per_share_4q_avg": 14.02,
            "equity": 1249800,
            "current_ratio": 251.09,
            "debt_ratio": 29.99,
            "inventory_turnover_ratio": 1.33,
            "account_receivable_turnover_ratio": 1.22,
            "reinvestment_rate": 130.08,
            "research_to_sale_ratio": 9.23,
            "price_fair": 44.66,
            "eps_avg_yearly": 1.28,
            "eps_latest_yearly": 1,
            "eps_growth_yearly": 407.07
        },
        "20154": {
            "year_quarter": 20154,
            "year": 2015,
            "quarter": 4,
            "eps": -0.48,
            "eps_growth_year": -292.9,
            "eps_4q": -1.12,
            "eps_4q_growth_year": -194.97,
            "roe": -3.58,
            "roe_4q": -8.09,
            "gross_profit": 26158,
            "gross_margin": 7.84,
            "gross_margin_4q_avg": 11.99,
            "net_income": -43946,
            "net_income_4q": null,
            "revenue": 333839,
            "revenue_4q": null,
            "common_shares": 933780,
            "book_valuer_per_share": 13.08,
            "book_valuer_per_share_4q_avg": 13.76,
            "equity": 1202187,
            "current_ratio": 197.68,
            "debt_ratio": 38.18,
            "inventory_turnover_ratio": 1.76,
            "account_receivable_turnover_ratio": 1.31,
            "reinvestment_rate": 136.02,
            "research_to_sale_ratio": 9.6,
            "price_fair": 44.66,
            "eps_avg_yearly": 1.28,
            "eps_latest_yearly": 1,
            "eps_growth_yearly": 407.07
        },
        "20161": {
            "year_quarter": 20161,
            "year": 2016,
            "quarter": 1,
            "eps": -0.04,
            "eps_growth_year": null,
            "eps_4q": -0.78,
            "eps_4q_growth_year": -213.15,
            "roe": -0.27,
            "roe_4q": -5.710000000000001,
            "gross_profit": 77785,
            "gross_margin": 29.73,
            "gross_margin_4q_avg": 16.73,
            "net_income": -3289,
            "net_income_4q": null,
            "revenue": 261672,
            "revenue_4q": null,
            "common_shares": 933780,
            "book_valuer_per_share": 13.02,
            "book_valuer_per_share_4q_avg": 13.3,
            "equity": 1196599,
            "current_ratio": 211.88,
            "debt_ratio": 38.16,
            "inventory_turnover_ratio": 0.97,
            "account_receivable_turnover_ratio": 1.1,
            "reinvestment_rate": 99.29,
            "research_to_sale_ratio": 10.46,
            "price_fair": 44.66,
            "eps_avg_yearly": 1.28,
            "eps_latest_yearly": 1,
            "eps_growth_yearly": 407.07
        },
        "20162": {
            "year_quarter": 20162,
            "year": 2016,
            "quarter": 2,
            "eps": 0.07,
            "eps_growth_year": null,
            "eps_4q": -0.42,
            "eps_4q_growth_year": -238.16,
            "roe": 0.51,
            "roe_4q": -3.0999999999999996,
            "gross_profit": 77526,
            "gross_margin": 20.76,
            "gross_margin_4q_avg": 17.69,
            "net_income": 6121,
            "net_income_4q": null,
            "revenue": 373461,
            "revenue_4q": null,
            "common_shares": 933780,
            "book_valuer_per_share": 13.09,
            "book_valuer_per_share_4q_avg": 13.2,
            "equity": 1202277,
            "current_ratio": 202.44,
            "debt_ratio": 37.64,
            "inventory_turnover_ratio": 1.42,
            "account_receivable_turnover_ratio": 1.33,
            "reinvestment_rate": 8.02,
            "research_to_sale_ratio": 7.86,
            "price_fair": 44.66,
            "eps_avg_yearly": 1.28,
            "eps_latest_yearly": 1,
            "eps_growth_yearly": 407.07
        },
        "20163": {
            "year_quarter": 20163,
            "year": 2016,
            "quarter": 3,
            "eps": 0.38,
            "eps_growth_year": 1166.67,
            "eps_4q": -0.06,
            "eps_4q_growth_year": null,
            "roe": 2.91,
            "roe_4q": -0.43000000000000016,
            "gross_profit": 135321,
            "gross_margin": 31.76,
            "gross_margin_4q_avg": 22.52,
            "net_income": 35380,
            "net_income_4q": null,
            "revenue": 426107,
            "revenue_4q": null,
            "common_shares": 933780,
            "book_valuer_per_share": 13.39,
            "book_valuer_per_share_4q_avg": 13.15,
            "equity": 1230346,
            "current_ratio": 201.56,
            "debt_ratio": 37.58,
            "inventory_turnover_ratio": 1.42,
            "account_receivable_turnover_ratio": 1.1,
            "reinvestment_rate": -9.2,
            "research_to_sale_ratio": 7.45,
            "price_fair": 43.54,
            "eps_avg_yearly": 1.24,
            "eps_latest_yearly": 1.52,
            "eps_growth_yearly": 599.01
        },
        "20164": {
            "year_quarter": 20164,
            "year": 2016,
            "quarter": 4,
            "eps": 0.62,
            "eps_growth_year": null,
            "eps_4q": 1.03,
            "eps_4q_growth_year": null,
            "roe": 4.51,
            "roe_4q": 7.66,
            "gross_profit": 117651,
            "gross_margin": 29.03,
            "gross_margin_4q_avg": 27.82,
            "net_income": 56811,
            "net_income_4q": null,
            "revenue": 405222,
            "revenue_4q": null,
            "common_shares": 933780,
            "book_valuer_per_share": 14.03,
            "book_valuer_per_share_4q_avg": 13.38,
            "equity": 1288891,
            "current_ratio": 198.09,
            "debt_ratio": 38.04,
            "inventory_turnover_ratio": 1.35,
            "account_receivable_turnover_ratio": 0.95,
            "reinvestment_rate": 1.05,
            "research_to_sale_ratio": 8.55,
            "price_fair": 47.74,
            "eps_avg_yearly": 1.36,
            "eps_latest_yearly": 2.48,
            "eps_growth_yearly": 636.44
        },
        "20171": {
            "year_quarter": 20171,
            "year": 2017,
            "quarter": 1,
            "eps": -0.11,
            "eps_growth_year": null,
            "eps_4q": 0.96,
            "eps_4q_growth_year": null,
            "roe": -0.82,
            "roe_4q": 7.109999999999999,
            "gross_profit": 100022,
            "gross_margin": 29.78,
            "gross_margin_4q_avg": 27.83,
            "net_income": -10382,
            "net_income_4q": null,
            "revenue": 335847,
            "revenue_4q": null,
            "common_shares": 933780,
            "book_valuer_per_share": 13.67,
            "book_valuer_per_share_4q_avg": 13.55,
            "equity": 1256393,
            "current_ratio": 179.61,
            "debt_ratio": 38,
            "inventory_turnover_ratio": 1.08,
            "account_receivable_turnover_ratio": 0.87,
            "reinvestment_rate": 158.22,
            "research_to_sale_ratio": 9.41,
            "price_fair": 51.02,
            "eps_avg_yearly": 1.46,
            "eps_latest_yearly": 2.48,
            "eps_growth_yearly": 733.55
        },
        "20172": {
            "year_quarter": 20172,
            "year": 2017,
            "quarter": 2,
            "eps": 0.63,
            "eps_growth_year": 800,
            "eps_4q": 1.52,
            "eps_4q_growth_year": null,
            "roe": 4.53,
            "roe_4q": 11.13,
            "gross_profit": 144921,
            "gross_margin": 33.99,
            "gross_margin_4q_avg": 31.14,
            "net_income": 57622,
            "net_income_4q": null,
            "revenue": 426393,
            "revenue_4q": null,
            "common_shares": 933780,
            "book_valuer_per_share": 14.04,
            "book_valuer_per_share_4q_avg": 13.78,
            "equity": 1290342,
            "current_ratio": 185.39,
            "debt_ratio": 38.46,
            "inventory_turnover_ratio": 1.12,
            "account_receivable_turnover_ratio": 1.06,
            "reinvestment_rate": 142.61,
            "research_to_sale_ratio": 8.39,
            "price_fair": 45.33,
            "eps_avg_yearly": 1.3,
            "eps_latest_yearly": 2.48,
            "eps_growth_yearly": 609.86
        },
        "20173": {
            "year_quarter": 20173,
            "year": 2017,
            "quarter": 3,
            "eps": 0.81,
            "eps_growth_year": 113.16,
            "eps_4q": 1.94,
            "eps_4q_growth_year": null,
            "roe": 5.58,
            "roe_4q": 13.799999999999999,
            "gross_profit": 170090,
            "gross_margin": 34.02,
            "gross_margin_4q_avg": 31.71,
            "net_income": 74105,
            "net_income_4q": null,
            "revenue": 499954,
            "revenue_4q": null,
            "common_shares": 933780,
            "book_valuer_per_share": 14.86,
            "book_valuer_per_share_4q_avg": 14.15,
            "equity": 1365626,
            "current_ratio": 186.21,
            "debt_ratio": 38.07,
            "inventory_turnover_ratio": 1.19,
            "account_receivable_turnover_ratio": 1.04,
            "reinvestment_rate": 93.89,
            "research_to_sale_ratio": 6.91,
            "price_fair": 54.78,
            "eps_avg_yearly": 1.57,
            "eps_latest_yearly": 3.24,
            "eps_growth_yearly": 654.58
        },
        "20174": {
            "year_quarter": 20174,
            "year": 2017,
            "quarter": 4,
            "eps": 0.15,
            "eps_growth_year": -76.23,
            "eps_4q": 1.47,
            "eps_4q_growth_year": 41.91,
            "roe": 0.99,
            "roe_4q": 10.280000000000001,
            "gross_profit": 150463,
            "gross_margin": 31.15,
            "gross_margin_4q_avg": 32.24,
            "net_income": 13504,
            "net_income_4q": null,
            "revenue": 483081,
            "revenue_4q": null,
            "common_shares": 933780,
            "book_valuer_per_share": 14.96,
            "book_valuer_per_share_4q_avg": 14.38,
            "equity": 1374275,
            "current_ratio": 174.8,
            "debt_ratio": 39.01,
            "inventory_turnover_ratio": 1.28,
            "account_receivable_turnover_ratio": 1,
            "reinvestment_rate": 17.57,
            "research_to_sale_ratio": 9.99,
            "price_fair": 57.05,
            "eps_avg_yearly": 1.63,
            "eps_latest_yearly": 0.6,
            "eps_growth_yearly": 660.13
        },
        "20181": {
            "year_quarter": 20181,
            "year": 2018,
            "quarter": 1,
            "eps": 0.36,
            "eps_growth_year": null,
            "eps_4q": 1.94,
            "eps_4q_growth_year": 102.31,
            "roe": 2.35,
            "roe_4q": 13.45,
            "gross_profit": 143435,
            "gross_margin": 32.98,
            "gross_margin_4q_avg": 33.04,
            "net_income": 32664,
            "net_income_4q": null,
            "revenue": 434921,
            "revenue_4q": null,
            "common_shares": 933780,
            "book_valuer_per_share": 15.3,
            "book_valuer_per_share_4q_avg": 14.79,
            "equity": 1405505,
            "current_ratio": 173.08,
            "debt_ratio": 38.51,
            "inventory_turnover_ratio": 1.11,
            "account_receivable_turnover_ratio": 0.96,
            "reinvestment_rate": -7.24,
            "research_to_sale_ratio": 9.47,
            "price_fair": 62.13,
            "eps_avg_yearly": 1.78,
            "eps_latest_yearly": 1.44,
            "eps_growth_yearly": 605.13
        },
        "20182": {
            "year_quarter": 20182,
            "year": 2018,
            "quarter": 2,
            "eps": 0.57,
            "eps_growth_year": -9.52,
            "eps_4q": 1.84,
            "eps_4q_growth_year": 21.32,
            "roe": 3.71,
            "roe_4q": 12.63,
            "gross_profit": 129081,
            "gross_margin": 29.09,
            "gross_margin_4q_avg": 31.81,
            "net_income": 54191,
            "net_income_4q": null,
            "revenue": 443705,
            "revenue_4q": null,
            "common_shares": 933780,
            "book_valuer_per_share": 15.94,
            "book_valuer_per_share_4q_avg": 15.27,
            "equity": 1515551,
            "current_ratio": 153.8,
            "debt_ratio": 40.43,
            "inventory_turnover_ratio": 1.08,
            "account_receivable_turnover_ratio": 0.96,
            "reinvestment_rate": 24.05,
            "research_to_sale_ratio": 8.29,
            "price_fair": 70,
            "eps_avg_yearly": 2,
            "eps_latest_yearly": 2.28,
            "eps_growth_yearly": 598.59
        },
        "20183": {
            "year_quarter": 20183,
            "year": 2018,
            "quarter": 3,
            "eps": 0.81,
            "eps_growth_year": 0,
            "eps_4q": 1.64,
            "eps_4q_growth_year": -15.17,
            "roe": 3.93,
            "roe_4q": 10.98,
            "gross_profit": 224498,
            "gross_margin": 34.66,
            "gross_margin_4q_avg": 31.97,
            "net_income": 79266,
            "net_income_4q": null,
            "revenue": 647668,
            "revenue_4q": null,
            "common_shares": 1093587,
            "book_valuer_per_share": 22.61,
            "book_valuer_per_share_4q_avg": 17.2,
            "equity": 2522587,
            "current_ratio": 299.71,
            "debt_ratio": 23.97,
            "inventory_turnover_ratio": 1.49,
            "account_receivable_turnover_ratio": 1.01,
            "reinvestment_rate": 26.14,
            "research_to_sale_ratio": 7.17,
            "price_fair": 69.13,
            "eps_avg_yearly": 1.98,
            "eps_latest_yearly": 3.24,
            "eps_growth_yearly": 311.31
        },
        "20184": {
            "year_quarter": 20184,
            "year": 2018,
            "quarter": 4,
            "eps": 0.62,
            "eps_growth_year": 324.7,
            "eps_4q": 2.15,
            "eps_4q_growth_year": 46.2,
            "roe": 2.67,
            "roe_4q": 12.659999999999998,
            "gross_profit": 179924,
            "gross_margin": 30.03,
            "gross_margin_4q_avg": 31.69,
            "net_income": 68237,
            "net_income_4q": null,
            "revenue": 599244,
            "revenue_4q": null,
            "common_shares": 1093587,
            "book_valuer_per_share": 23.27,
            "book_valuer_per_share_4q_avg": 19.28,
            "equity": 2594236,
            "current_ratio": 268.29,
            "debt_ratio": 25.71,
            "inventory_turnover_ratio": 1.42,
            "account_receivable_turnover_ratio": 0.72,
            "reinvestment_rate": 16.64,
            "research_to_sale_ratio": 7.82,
            "price_fair": 75.6,
            "eps_avg_yearly": 2.16,
            "eps_latest_yearly": 2.48,
            "eps_growth_yearly": 335.04
        },
        "20191": {
            "year_quarter": 20191,
            "year": 2019,
            "quarter": 1,
            "eps": 0.02,
            "eps_growth_year": -94.44,
            "eps_4q": 1.87,
            "eps_4q_growth_year": -3.53,
            "roe": 0.07,
            "roe_4q": 10.379999999999999,
            "gross_profit": 115476,
            "gross_margin": 29.17,
            "gross_margin_4q_avg": 30.74,
            "net_income": 1738,
            "net_income_4q": null,
            "revenue": 395861,
            "revenue_4q": null,
            "common_shares": 1093587,
            "book_valuer_per_share": 23.36,
            "book_valuer_per_share_4q_avg": 21.3,
            "equity": 2603865,
            "current_ratio": 255.37,
            "debt_ratio": 29.88,
            "inventory_turnover_ratio": 0.71,
            "account_receivable_turnover_ratio": 0.55,
            "reinvestment_rate": 25.3,
            "research_to_sale_ratio": 16.63,
            "price_fair": 67.51,
            "eps_avg_yearly": 1.93,
            "eps_latest_yearly": 0.08,
            "eps_growth_yearly": 254.81
        },
        "20192": {
            "year_quarter": 20192,
            "year": 2019,
            "quarter": 2,
            "eps": -0.2,
            "eps_growth_year": -135.09,
            "eps_4q": 1.16,
            "eps_4q_growth_year": -37.1,
            "roe": -0.91,
            "roe_4q": 5.76,
            "gross_profit": 104793,
            "gross_margin": 18.61,
            "gross_margin_4q_avg": 28.12,
            "net_income": -23310,
            "net_income_4q": null,
            "revenue": 563205,
            "revenue_4q": null,
            "common_shares": 1093587,
            "book_valuer_per_share": 22.64,
            "book_valuer_per_share_4q_avg": 22.97,
            "equity": 2523880,
            "current_ratio": 226.13,
            "debt_ratio": 31.5,
            "inventory_turnover_ratio": 0.94,
            "account_receivable_turnover_ratio": 0.89,
            "reinvestment_rate": 48.81,
            "research_to_sale_ratio": 11.24,
            "price_fair": 67.51,
            "eps_avg_yearly": 1.93,
            "eps_latest_yearly": 0.08,
            "eps_growth_yearly": 254.81
        },
        "20193": {
            "year_quarter": 20193,
            "year": 2019,
            "quarter": 3,
            "eps": 0.16,
            "eps_growth_year": -80.25,
            "eps_4q": 0.6,
            "eps_4q_growth_year": -63.34,
            "roe": 0.67,
            "roe_4q": 2.5,
            "gross_profit": 142087,
            "gross_margin": 22.41,
            "gross_margin_4q_avg": 25.06,
            "net_income": 16844,
            "net_income_4q": null,
            "revenue": 633924,
            "revenue_4q": null,
            "common_shares": 1115459,
            "book_valuer_per_share": 22.24,
            "book_valuer_per_share_4q_avg": 22.88,
            "equity": 2527195,
            "current_ratio": 222.44,
            "debt_ratio": 31.37,
            "inventory_turnover_ratio": 0.94,
            "account_receivable_turnover_ratio": 0.81,
            "reinvestment_rate": 40.66,
            "research_to_sale_ratio": 10.93,
            "price_fair": 67.51,
            "eps_avg_yearly": 1.93,
            "eps_latest_yearly": 0.08,
            "eps_growth_yearly": 254.81
        },
        "20194": {
            "year_quarter": 20194,
            "year": 2019,
            "quarter": 4,
            "eps": -0.14,
            "eps_growth_year": -122.36,
            "eps_4q": -0.15,
            "eps_4q_growth_year": -106.92,
            "roe": -0.72,
            "roe_4q": -0.8899999999999999,
            "gross_profit": 185187,
            "gross_margin": 28.67,
            "gross_margin_4q_avg": 24.72,
            "net_income": -18143,
            "net_income_4q": null,
            "revenue": 645858,
            "revenue_4q": null,
            "common_shares": 1115459,
            "book_valuer_per_share": 22.02,
            "book_valuer_per_share_4q_avg": 22.57,
            "equity": 2499820,
            "current_ratio": 221.53,
            "debt_ratio": 30.4,
            "inventory_turnover_ratio": 0.83,
            "account_receivable_turnover_ratio": 0.75,
            "reinvestment_rate": 100.89,
            "research_to_sale_ratio": 10.54,
            "price_fair": 67.51,
            "eps_avg_yearly": 1.93,
            "eps_latest_yearly": 0.08,
            "eps_growth_yearly": 254.81
        },
        "20201": {
            "year_quarter": 20201,
            "year": 2020,
            "quarter": 1,
            "eps": -0.4,
            "eps_growth_year": -2100,
            "eps_4q": -0.57,
            "eps_4q_growth_year": -130.39,
            "roe": -1.75,
            "roe_4q": -2.71,
            "gross_profit": 73911,
            "gross_margin": 13.66,
            "gross_margin_4q_avg": 20.84,
            "net_income": -43327,
            "net_income_4q": null,
            "revenue": 541161,
            "revenue_4q": null,
            "common_shares": 1115459,
            "book_valuer_per_share": 21.61,
            "book_valuer_per_share_4q_avg": 22.13,
            "equity": 2455286,
            "current_ratio": 226.16,
            "debt_ratio": 31.2,
            "inventory_turnover_ratio": 0.78,
            "account_receivable_turnover_ratio": 0.67,
            "reinvestment_rate": 103.29,
            "research_to_sale_ratio": 9.85,
            "price_fair": 67.51,
            "eps_avg_yearly": 1.93,
            "eps_latest_yearly": 0.08,
            "eps_growth_yearly": 254.81
        },
        "20202": {
            "year_quarter": 20202,
            "year": 2020,
            "quarter": 2,
            "eps": -0.04,
            "eps_growth_year": null,
            "eps_4q": -0.42,
            "eps_4q_growth_year": -136.07,
            "roe": -0.22,
            "roe_4q": -2.02,
            "gross_profit": 187031,
            "gross_margin": 23.09,
            "gross_margin_4q_avg": 21.96,
            "net_income": -5434,
            "net_income_4q": null,
            "revenue": 810174,
            "revenue_4q": null,
            "common_shares": 1115459,
            "book_valuer_per_share": 21.49,
            "book_valuer_per_share_4q_avg": 21.84,
            "equity": 2441309,
            "current_ratio": 208.29,
            "debt_ratio": 35.47,
            "inventory_turnover_ratio": 1,
            "account_receivable_turnover_ratio": 0.91,
            "reinvestment_rate": 103.41,
            "research_to_sale_ratio": 7.85,
            "price_fair": 67.51,
            "eps_avg_yearly": 1.93,
            "eps_latest_yearly": 0.08,
            "eps_growth_yearly": 254.81
        },
        "20203": {
            "year_quarter": 20203,
            "year": 2020,
            "quarter": 3,
            "eps": 0.12,
            "eps_growth_year": -25,
            "eps_4q": -0.47,
            "eps_4q_growth_year": -177.36,
            "roe": 0.4,
            "roe_4q": -2.29,
            "gross_profit": 196473,
            "gross_margin": 22.33,
            "gross_margin_4q_avg": 21.94,
            "net_income": 9900,
            "net_income_4q": null,
            "revenue": 879864,
            "revenue_4q": null,
            "common_shares": 1115459,
            "book_valuer_per_share": 21.63,
            "book_valuer_per_share_4q_avg": 21.69,
            "equity": 2453434,
            "current_ratio": 194.34,
            "debt_ratio": 38.92,
            "inventory_turnover_ratio": 1.08,
            "account_receivable_turnover_ratio": 0.83,
            "reinvestment_rate": 112.46,
            "research_to_sale_ratio": 7.36,
            "price_fair": 69.3,
            "eps_avg_yearly": 1.98,
            "eps_latest_yearly": 0.08,
            "eps_growth_yearly": 65.23
        },
        "20204": {
            "year_quarter": 20204,
            "year": 2020,
            "quarter": 4,
            "eps": -8.58,
            "eps_growth_year": null,
            "eps_4q": -8.9,
            "eps_4q_growth_year": null,
            "roe": -49.05,
            "roe_4q": -50.62,
            "gross_profit": 171451,
            "gross_margin": 17.81,
            "gross_margin_4q_avg": 19.22,
            "net_income": -967509,
            "net_income_4q": null,
            "revenue": 962412,
            "revenue_4q": null,
            "common_shares": 1115459,
            "book_valuer_per_share": 13.1,
            "book_valuer_per_share_4q_avg": 19.46,
            "equity": 1491359,
            "current_ratio": 108.41,
            "debt_ratio": 66.04,
            "inventory_turnover_ratio": 1.3,
            "account_receivable_turnover_ratio": 0.82,
            "reinvestment_rate": null,
            "research_to_sale_ratio": 8.54,
            "price_fair": 66.8,
            "eps_avg_yearly": 1.91,
            "eps_latest_yearly": 0.08,
            "eps_growth_yearly": 38.46
        },
        "20211": {
            "year_quarter": 20211,
            "year": 2021,
            "quarter": 1,
            "eps": 0.31,
            "eps_growth_year": null,
            "eps_4q": -6.95,
            "eps_4q_growth_year": null,
            "roe": 1.74,
            "roe_4q": -47.129999999999995,
            "gross_profit": 179249,
            "gross_margin": 20.11,
            "gross_margin_4q_avg": 20.84,
            "net_income": 31333,
            "net_income_4q": null,
            "revenue": 891492,
            "revenue_4q": null,
            "common_shares": 1315459,
            "book_valuer_per_share": 15.9,
            "book_valuer_per_share_4q_avg": 18.03,
            "equity": 2118349,
            "current_ratio": 138.1,
            "debt_ratio": 61.91,
            "inventory_turnover_ratio": 1.12,
            "account_receivable_turnover_ratio": 0.7,
            "reinvestment_rate": null,
            "research_to_sale_ratio": 8,
            "price_fair": 66.8,
            "eps_avg_yearly": 1.91,
            "eps_latest_yearly": 0.08,
            "eps_growth_yearly": 38.46
        },
        "20212": {
            "year_quarter": 20212,
            "year": 2021,
            "quarter": 2,
            "eps": -0.22,
            "eps_growth_year": null,
            "eps_4q": -7.13,
            "eps_4q_growth_year": null,
            "roe": -1.52,
            "roe_4q": -48.43,
            "gross_profit": 147368,
            "gross_margin": 16.95,
            "gross_margin_4q_avg": 19.3,
            "net_income": -31937,
            "net_income_4q": null,
            "revenue": 869364,
            "revenue_4q": null,
            "common_shares": 1315459,
            "book_valuer_per_share": 15.59,
            "book_valuer_per_share_4q_avg": 16.56,
            "equity": 2075287,
            "current_ratio": 146.59,
            "debt_ratio": 61.89,
            "inventory_turnover_ratio": 1.01,
            "account_receivable_turnover_ratio": 0.69,
            "reinvestment_rate": null,
            "research_to_sale_ratio": 8.28,
            "price_fair": 66.8,
            "eps_avg_yearly": 1.91,
            "eps_latest_yearly": 0.08,
            "eps_growth_yearly": 38.46
        },
        "20213": {
            "year_quarter": 20213,
            "year": 2021,
            "quarter": 3,
            "eps": -0.11,
            "eps_growth_year": -191.67,
            "eps_4q": -7.34,
            "eps_4q_growth_year": null,
            "roe": -0.88,
            "roe_4q": -49.709999999999994,
            "gross_profit": 107478,
            "gross_margin": 12.83,
            "gross_margin_4q_avg": 16.93,
            "net_income": -18232,
            "net_income_4q": null,
            "revenue": 837824,
            "revenue_4q": null,
            "common_shares": 1315459,
            "book_valuer_per_share": 15.48,
            "book_valuer_per_share_4q_avg": 15.02,
            "equity": 2056524,
            "current_ratio": 146.86,
            "debt_ratio": 63.46,
            "inventory_turnover_ratio": 0.99,
            "account_receivable_turnover_ratio": 0.7,
            "reinvestment_rate": null,
            "research_to_sale_ratio": 8.53,
            "price_fair": 59.03,
            "eps_avg_yearly": 1.69,
            "eps_latest_yearly": 0.08,
            "eps_growth_yearly": 25.82
        },
        "20214": {
            "year_quarter": 20214,
            "year": 2021,
            "quarter": 4,
            "eps": 0.12,
            "eps_growth_year": null,
            "eps_4q": 0.05,
            "eps_4q_growth_year": null,
            "roe": 0.55,
            "roe_4q": -0.1100000000000001,
            "gross_profit": 158306,
            "gross_margin": 15.05,
            "gross_margin_4q_avg": 16.24,
            "net_income": 11350,
            "net_income_4q": null,
            "revenue": 1051754,
            "revenue_4q": null,
            "common_shares": 1315459,
            "book_valuer_per_share": 15.62,
            "book_valuer_per_share_4q_avg": 15.65,
            "equity": 2070499,
            "current_ratio": 120.9,
            "debt_ratio": 66.98,
            "inventory_turnover_ratio": 1.21,
            "account_receivable_turnover_ratio": 0.77,
            "reinvestment_rate": null,
            "research_to_sale_ratio": 6.15,
            "price_fair": 66.64,
            "eps_avg_yearly": 1.9,
            "eps_latest_yearly": 0.08,
            "eps_growth_yearly": 96.17
        },
        "20221": {
            "year_quarter": 20221,
            "year": 2022,
            "quarter": 1,
            "eps": 0.81,
            "eps_growth_year": 161.29,
            "eps_4q": 0.56,
            "eps_4q_growth_year": null,
            "roe": 4.26,
            "roe_4q": 2.4099999999999997,
            "gross_profit": 206058,
            "gross_margin": 21.1,
            "gross_margin_4q_avg": 16.48,
            "net_income": 102192,
            "net_income_4q": null,
            "revenue": 976694,
            "revenue_4q": null,
            "common_shares": 1415459,
            "book_valuer_per_share": 19.2,
            "book_valuer_per_share_4q_avg": 16.47,
            "equity": 2730055,
            "current_ratio": 147.88,
            "debt_ratio": 60.55,
            "inventory_turnover_ratio": 1.03,
            "account_receivable_turnover_ratio": 0.65,
            "reinvestment_rate": null,
            "research_to_sale_ratio": 6.27,
            "price_fair": 79.24,
            "eps_avg_yearly": 2.26,
            "eps_latest_yearly": 3.24,
            "eps_growth_yearly": 444.17
        },
        "20222": {
            "year_quarter": 20222,
            "year": 2022,
            "quarter": 2,
            "eps": 0.87,
            "eps_growth_year": null,
            "eps_4q": 1.63,
            "eps_4q_growth_year": null,
            "roe": 4.32,
            "roe_4q": 8.25,
            "gross_profit": 229444,
            "gross_margin": 22.13,
            "gross_margin_4q_avg": 17.78,
            "net_income": 120597,
            "net_income_4q": null,
            "revenue": 1037011,
            "revenue_4q": null,
            "common_shares": 1419399,
            "book_valuer_per_share": 20.06,
            "book_valuer_per_share_4q_avg": 17.59,
            "equity": 2856188,
            "current_ratio": 156.61,
            "debt_ratio": 58.35,
            "inventory_turnover_ratio": 1.04,
            "account_receivable_turnover_ratio": 0.68,
            "reinvestment_rate": null,
            "research_to_sale_ratio": 6.45,
            "price_fair": 87.64,
            "eps_avg_yearly": 2.5,
            "eps_latest_yearly": 3.48,
            "eps_growth_yearly": 403.43
        },
        "20223": {
            "year_quarter": 20223,
            "year": 2022,
            "quarter": 3,
            "eps": 1.03,
            "eps_growth_year": null,
            "eps_4q": 2.77,
            "eps_4q_growth_year": null,
            "roe": 4.9,
            "roe_4q": 14.030000000000001,
            "gross_profit": 227574,
            "gross_margin": 28.53,
            "gross_margin_4q_avg": 21.7,
            "net_income": 143990,
            "net_income_4q": null,
            "revenue": 797567,
            "revenue_4q": null,
            "common_shares": 1419399,
            "book_valuer_per_share": 21.24,
            "book_valuer_per_share_4q_avg": 19.03,
            "equity": 3019256,
            "current_ratio": 157.78,
            "debt_ratio": 55.48,
            "inventory_turnover_ratio": 0.62,
            "account_receivable_turnover_ratio": 0.57,
            "reinvestment_rate": null,
            "research_to_sale_ratio": 7.91,
            "price_fair": 93.8,
            "eps_avg_yearly": 2.68,
            "eps_latest_yearly": 4.12,
            "eps_growth_yearly": 384.45
        },
        "20224": {
            "year_quarter": 20224,
            "year": 2022,
            "quarter": 4,
            "eps": 0.33,
            "eps_growth_year": 176.34,
            "eps_4q": 2.98,
            "eps_4q_growth_year": 5853.11,
            "roe": 1.54,
            "roe_4q": 15.020000000000001,
            "gross_profit": 249665,
            "gross_margin": 29.34,
            "gross_margin_4q_avg": 25.28,
            "net_income": 46845,
            "net_income_4q": null,
            "revenue": 851007,
            "revenue_4q": null,
            "common_shares": 1424599,
            "book_valuer_per_share": 21.45,
            "book_valuer_per_share_4q_avg": 20.49,
            "equity": 3059376,
            "current_ratio": 126.66,
            "debt_ratio": 57.54,
            "inventory_turnover_ratio": 0.54,
            "account_receivable_turnover_ratio": 0.69,
            "reinvestment_rate": null,
            "research_to_sale_ratio": 8.19,
            "price_fair": 85.68,
            "eps_avg_yearly": 2.45,
            "eps_latest_yearly": 1.32,
            "eps_growth_yearly": 348.85
        },
        "20231": {
            "year_quarter": 20231,
            "year": 2023,
            "quarter": 1,
            "eps": -0.01,
            "eps_growth_year": -101.23,
            "eps_4q": 2.22,
            "eps_4q_growth_year": 298.08,
            "roe": -0.06,
            "roe_4q": 10.700000000000001,
            "gross_profit": 154139,
            "gross_margin": 18.42,
            "gross_margin_4q_avg": 24.61,
            "net_income": -1914,
            "net_income_4q": null,
            "revenue": 836669,
            "revenue_4q": null,
            "common_shares": 1424599,
            "book_valuer_per_share": 21.5,
            "book_valuer_per_share_4q_avg": 21.06,
            "equity": 3067223,
            "current_ratio": 125.46,
            "debt_ratio": 56.9,
            "inventory_turnover_ratio": 0.6,
            "account_receivable_turnover_ratio": 0.72,
            "reinvestment_rate": null,
            "research_to_sale_ratio": 6.73,
            "price_fair": 106.4,
            "eps_avg_yearly": 3.04,
            "eps_latest_yearly": 1.32,
            "eps_growth_yearly": 532.84
        },
        "20232": {
            "year_quarter": 20232,
            "year": 2023,
            "quarter": 2,
            "eps": 0.77,
            "eps_growth_year": -11.49,
            "eps_4q": 2.11,
            "eps_4q_growth_year": 29.31,
            "roe": 3.57,
            "roe_4q": 9.95,
            "gross_profit": 223073,
            "gross_margin": 22.09,
            "gross_margin_4q_avg": 24.6,
            "net_income": 108697,
            "net_income_4q": null,
            "revenue": 1009801,
            "revenue_4q": null,
            "common_shares": 1424599,
            "book_valuer_per_share": 21.19,
            "book_valuer_per_share_4q_avg": 21.35,
            "equity": 3022888,
            "current_ratio": 120.45,
            "debt_ratio": 57.74,
            "inventory_turnover_ratio": 0.78,
            "account_receivable_turnover_ratio": 0.77,
            "reinvestment_rate": null,
            "research_to_sale_ratio": 5.15,
            "price_fair": 106.4,
            "eps_avg_yearly": 3.04,
            "eps_latest_yearly": 1.32,
            "eps_growth_yearly": 532.84
        },
        "20233": {
            "year_quarter": 20233,
            "year": 2023,
            "quarter": 3,
            "eps": 1.44,
            "eps_growth_year": 39.81,
            "eps_4q": 2.51,
            "eps_4q_growth_year": -9.34,
            "roe": 6.47,
            "roe_4q": 11.52,
            "gross_profit": 322846,
            "gross_margin": 29.23,
            "gross_margin_4q_avg": 24.77,
            "net_income": 202996,
            "net_income_4q": null,
            "revenue": 1104527,
            "revenue_4q": null,
            "common_shares": 1424599,
            "book_valuer_per_share": 22.79,
            "book_valuer_per_share_4q_avg": 21.73,
            "equity": 3250038,
            "current_ratio": 127.47,
            "debt_ratio": 55.93,
            "inventory_turnover_ratio": 0.89,
            "account_receivable_turnover_ratio": 0.73,
            "reinvestment_rate": null,
            "research_to_sale_ratio": 5.21,
            "price_fair": 125.44,
            "eps_avg_yearly": 3.58,
            "eps_latest_yearly": 5.76,
            "eps_growth_yearly": 495.88
        },
        "20234": {
            "year_quarter": 20234,
            "year": 2023,
            "quarter": 4,
            "eps": 0.63,
            "eps_growth_year": 92.32,
            "eps_4q": 2.81,
            "eps_4q_growth_year": -5.5,
            "roe": 2.73,
            "roe_4q": 12.709999999999999,
            "gross_profit": 349664,
            "gross_margin": 33.47,
            "gross_margin_4q_avg": 25.8,
            "net_income": 89792,
            "net_income_4q": null,
            "revenue": 1044846,
            "revenue_4q": null,
            "common_shares": 1424599,
            "book_valuer_per_share": 23.28,
            "book_valuer_per_share_4q_avg": 22.19,
            "equity": 3319534,
            "current_ratio": 127.64,
            "debt_ratio": 55.27,
            "inventory_turnover_ratio": 0.79,
            "account_receivable_turnover_ratio": 0.69,
            "reinvestment_rate": null,
            "research_to_sale_ratio": 5.29,
            "price_fair": 119.23,
            "eps_avg_yearly": 3.41,
            "eps_latest_yearly": 2.52,
            "eps_growth_yearly": 375.73
        }
    },
    "months": {
        "2004-07": {
            "month": "2004-07",
            "price": "22.59",
            "revenue": 23901
        },
        "2004-08": {
            "month": "2004-08",
            "price": "20.38",
            "revenue": 32047
        },
        "2004-09": {
            "month": "2004-09",
            "price": "21.68",
            "revenue": 35348
        },
        "2004-10": {
            "month": "2004-10",
            "price": "22.62",
            "revenue": 43253
        },
        "2004-11": {
            "month": "2004-11",
            "price": "22.29",
            "revenue": 21285
        },
        "2004-12": {
            "month": "2004-12",
            "price": "22.18",
            "revenue": 18204
        },
        "2005-01": {
            "month": "2005-01",
            "price": "21.99",
            "revenue": 18824
        },
        "2005-02": {
            "month": "2005-02",
            "price": "21.40",
            "revenue": 15598
        },
        "2005-03": {
            "month": "2005-03",
            "price": "22.79",
            "revenue": 29451
        },
        "2005-04": {
            "month": "2005-04",
            "price": "23.93",
            "revenue": 29323
        },
        "2005-05": {
            "month": "2005-05",
            "price": "22.24",
            "revenue": 34022
        },
        "2005-06": {
            "month": "2005-06",
            "price": "22.29",
            "revenue": 40196
        },
        "2005-07": {
            "month": "2005-07",
            "price": "28.76",
            "revenue": 40077
        },
        "2005-08": {
            "month": "2005-08",
            "price": "34.97",
            "revenue": 39989
        },
        "2005-09": {
            "month": "2005-09",
            "price": "27.93",
            "revenue": 36821
        },
        "2005-10": {
            "month": "2005-10",
            "price": "23.68",
            "revenue": 44816
        },
        "2005-11": {
            "month": "2005-11",
            "price": "23.66",
            "revenue": 43984
        },
        "2005-12": {
            "month": "2005-12",
            "price": "29.44",
            "revenue": 33707
        },
        "2006-01": {
            "month": "2006-01",
            "price": "28.11",
            "revenue": 18086
        },
        "2006-02": {
            "month": "2006-02",
            "price": "28.27",
            "revenue": 14501
        },
        "2006-03": {
            "month": "2006-03",
            "price": "24.60",
            "revenue": 18971
        },
        "2006-04": {
            "month": "2006-04",
            "price": "23.66",
            "revenue": 8424
        },
        "2006-05": {
            "month": "2006-05",
            "price": "20.42",
            "revenue": 13553
        },
        "2006-06": {
            "month": "2006-06",
            "price": "16.65",
            "revenue": 13666
        },
        "2006-07": {
            "month": "2006-07",
            "price": "16.42",
            "revenue": 13852
        },
        "2006-08": {
            "month": "2006-08",
            "price": "15.98",
            "revenue": 12933
        },
        "2006-09": {
            "month": "2006-09",
            "price": "14.29",
            "revenue": 17995
        },
        "2006-10": {
            "month": "2006-10",
            "price": "13.81",
            "revenue": 15985
        },
        "2006-11": {
            "month": "2006-11",
            "price": "16.97",
            "revenue": 16291
        },
        "2006-12": {
            "month": "2006-12",
            "price": "16.66",
            "revenue": 15490
        },
        "2007-01": {
            "month": "2007-01",
            "price": "20.33",
            "revenue": 18468
        },
        "2007-02": {
            "month": "2007-02",
            "price": "21.54",
            "revenue": 14512
        },
        "2007-03": {
            "month": "2007-03",
            "price": "20.74",
            "revenue": 12470
        },
        "2007-04": {
            "month": "2007-04",
            "price": "20.57",
            "revenue": 14971
        },
        "2007-05": {
            "month": "2007-05",
            "price": "19.05",
            "revenue": 17651
        },
        "2007-06": {
            "month": "2007-06",
            "price": "19.89",
            "revenue": 16617
        },
        "2007-07": {
            "month": "2007-07",
            "price": "21.38",
            "revenue": 11453
        },
        "2007-08": {
            "month": "2007-08",
            "price": "17.17",
            "revenue": 13822
        },
        "2007-09": {
            "month": "2007-09",
            "price": "15.95",
            "revenue": 12976
        },
        "2007-10": {
            "month": "2007-10",
            "price": "20.17",
            "revenue": 13721
        },
        "2007-11": {
            "month": "2007-11",
            "price": "16.32",
            "revenue": 8129
        },
        "2007-12": {
            "month": "2007-12",
            "price": "15.47",
            "revenue": 9520
        },
        "2008-01": {
            "month": "2008-01",
            "price": "13.53",
            "revenue": 8982
        },
        "2008-02": {
            "month": "2008-02",
            "price": "13.01",
            "revenue": 8009
        },
        "2008-03": {
            "month": "2008-03",
            "price": "12.99",
            "revenue": 11926
        },
        "2008-04": {
            "month": "2008-04",
            "price": "14.71",
            "revenue": 8323
        },
        "2008-05": {
            "month": "2008-05",
            "price": "14.00",
            "revenue": 18497
        },
        "2008-06": {
            "month": "2008-06",
            "price": "13.00",
            "revenue": 16425
        },
        "2008-07": {
            "month": "2008-07",
            "price": "11.67",
            "revenue": 20469
        },
        "2008-08": {
            "month": "2008-08",
            "price": "11.40",
            "revenue": 23814
        },
        "2008-09": {
            "month": "2008-09",
            "price": "10.34",
            "revenue": 26536
        },
        "2008-10": {
            "month": "2008-10",
            "price": "9.59",
            "revenue": 28907
        },
        "2008-11": {
            "month": "2008-11",
            "price": "9.77",
            "revenue": 28029
        },
        "2008-12": {
            "month": "2008-12",
            "price": "9.72",
            "revenue": 10004
        },
        "2009-01": {
            "month": "2009-01",
            "price": "9.93",
            "revenue": 15388
        },
        "2009-02": {
            "month": "2009-02",
            "price": "10.72",
            "revenue": 23629
        },
        "2009-03": {
            "month": "2009-03",
            "price": "12.62",
            "revenue": 39022
        },
        "2009-04": {
            "month": "2009-04",
            "price": "18.11",
            "revenue": 58538
        },
        "2009-05": {
            "month": "2009-05",
            "price": "25.10",
            "revenue": 43242
        },
        "2009-06": {
            "month": "2009-06",
            "price": "22.59",
            "revenue": 23323
        },
        "2009-07": {
            "month": "2009-07",
            "price": "26.54",
            "revenue": 36595
        },
        "2009-08": {
            "month": "2009-08",
            "price": "28.74",
            "revenue": 41160
        },
        "2009-09": {
            "month": "2009-09",
            "price": "30.69",
            "revenue": 64175
        },
        "2009-10": {
            "month": "2009-10",
            "price": "37.92",
            "revenue": 66677
        },
        "2009-11": {
            "month": "2009-11",
            "price": "38.45",
            "revenue": 64101
        },
        "2009-12": {
            "month": "2009-12",
            "price": "38.02",
            "revenue": 40039
        },
        "2010-01": {
            "month": "2010-01",
            "price": "39.28",
            "revenue": 55552
        },
        "2010-02": {
            "month": "2010-02",
            "price": "36.56",
            "revenue": 46530
        },
        "2010-03": {
            "month": "2010-03",
            "price": "36.09",
            "revenue": 68290
        },
        "2010-04": {
            "month": "2010-04",
            "price": "37.38",
            "revenue": 76118
        },
        "2010-05": {
            "month": "2010-05",
            "price": "39.01",
            "revenue": 74304
        },
        "2010-06": {
            "month": "2010-06",
            "price": "37.31",
            "revenue": 60878
        },
        "2010-07": {
            "month": "2010-07",
            "price": "36.49",
            "revenue": 50140
        },
        "2010-08": {
            "month": "2010-08",
            "price": "35.58",
            "revenue": 43723
        },
        "2010-09": {
            "month": "2010-09",
            "price": "28.65",
            "revenue": 49942
        },
        "2010-10": {
            "month": "2010-10",
            "price": "24.26",
            "revenue": 50020
        },
        "2010-11": {
            "month": "2010-11",
            "price": "22.82",
            "revenue": 62007
        },
        "2010-12": {
            "month": "2010-12",
            "price": "27.73",
            "revenue": 48545
        },
        "2011-01": {
            "month": "2011-01",
            "price": "27.76",
            "revenue": 43311
        },
        "2011-02": {
            "month": "2011-02",
            "price": "24.44",
            "revenue": 42529
        },
        "2011-03": {
            "month": "2011-03",
            "price": "24.86",
            "revenue": 56189
        },
        "2011-04": {
            "month": "2011-04",
            "price": "23.78",
            "revenue": 75505
        },
        "2011-05": {
            "month": "2011-05",
            "price": "23.19",
            "revenue": 87823
        },
        "2011-06": {
            "month": "2011-06",
            "price": "22.96",
            "revenue": 87672
        },
        "2011-07": {
            "month": "2011-07",
            "price": "22.38",
            "revenue": 81358
        },
        "2011-08": {
            "month": "2011-08",
            "price": "18.26",
            "revenue": 73004
        },
        "2011-09": {
            "month": "2011-09",
            "price": "17.08",
            "revenue": 56036
        },
        "2011-10": {
            "month": "2011-10",
            "price": "16.56",
            "revenue": 72442
        },
        "2011-11": {
            "month": "2011-11",
            "price": "16.50",
            "revenue": 69000
        },
        "2011-12": {
            "month": "2011-12",
            "price": "16.87",
            "revenue": 70920
        },
        "2012-01": {
            "month": "2012-01",
            "price": "16.98",
            "revenue": 48553
        },
        "2012-02": {
            "month": "2012-02",
            "price": "18.63",
            "revenue": 66597
        },
        "2012-03": {
            "month": "2012-03",
            "price": "21.35",
            "revenue": 71807
        },
        "2012-04": {
            "month": "2012-04",
            "price": "21.90",
            "revenue": 85093
        },
        "2012-05": {
            "month": "2012-05",
            "price": "20.58",
            "revenue": 103908
        },
        "2012-06": {
            "month": "2012-06",
            "price": "24.11",
            "revenue": 94731
        },
        "2012-07": {
            "month": "2012-07",
            "price": "25.55",
            "revenue": 85152
        },
        "2012-08": {
            "month": "2012-08",
            "price": "29.76",
            "revenue": 90710
        },
        "2012-09": {
            "month": "2012-09",
            "price": "34.99",
            "revenue": 103916
        },
        "2012-10": {
            "month": "2012-10",
            "price": "38.76",
            "revenue": 91909
        },
        "2012-11": {
            "month": "2012-11",
            "price": "37.84",
            "revenue": 91159
        },
        "2012-12": {
            "month": "2012-12",
            "price": "37.49",
            "revenue": 87619
        },
        "2013-01": {
            "month": "2013-01",
            "price": "36.87",
            "revenue": 80682
        },
        "2013-02": {
            "month": "2013-02",
            "price": "37.96",
            "revenue": 61604
        },
        "2013-03": {
            "month": "2013-03",
            "price": "37.69",
            "revenue": 73533
        },
        "2013-04": {
            "month": "2013-04",
            "price": "30.57",
            "revenue": 101632
        },
        "2013-05": {
            "month": "2013-05",
            "price": "33.56",
            "revenue": 122432
        },
        "2013-06": {
            "month": "2013-06",
            "price": "37.76",
            "revenue": 125632
        },
        "2013-07": {
            "month": "2013-07",
            "price": "41.91",
            "revenue": 122539
        },
        "2013-08": {
            "month": "2013-08",
            "price": "41.30",
            "revenue": 105219
        },
        "2013-09": {
            "month": "2013-09",
            "price": "33.76",
            "revenue": 117425
        },
        "2013-10": {
            "month": "2013-10",
            "price": "29.71",
            "revenue": 101320
        },
        "2013-11": {
            "month": "2013-11",
            "price": "21.84",
            "revenue": 132569
        },
        "2013-12": {
            "month": "2013-12",
            "price": "24.12",
            "revenue": 125562
        },
        "2014-01": {
            "month": "2014-01",
            "price": "25.77",
            "revenue": 105037
        },
        "2014-02": {
            "month": "2014-02",
            "price": "27.44",
            "revenue": 98574
        },
        "2014-03": {
            "month": "2014-03",
            "price": "30.81",
            "revenue": 105324
        },
        "2014-04": {
            "month": "2014-04",
            "price": "30.47",
            "revenue": 113027
        },
        "2014-05": {
            "month": "2014-05",
            "price": "28.91",
            "revenue": 122652
        },
        "2014-06": {
            "month": "2014-06",
            "price": "28.62",
            "revenue": 132780
        },
        "2014-07": {
            "month": "2014-07",
            "price": "30.66",
            "revenue": 135103
        },
        "2014-08": {
            "month": "2014-08",
            "price": "32.99",
            "revenue": 150142
        },
        "2014-09": {
            "month": "2014-09",
            "price": "33.12",
            "revenue": 150045
        },
        "2014-10": {
            "month": "2014-10",
            "price": "27.72",
            "revenue": 112318
        },
        "2014-11": {
            "month": "2014-11",
            "price": "27.98",
            "revenue": 142425
        },
        "2014-12": {
            "month": "2014-12",
            "price": "28.08",
            "revenue": 110197
        },
        "2015-01": {
            "month": "2015-01",
            "price": "27.05",
            "revenue": 124834
        },
        "2015-02": {
            "month": "2015-02",
            "price": "26.16",
            "revenue": 86900
        },
        "2015-03": {
            "month": "2015-03",
            "price": "26.37",
            "revenue": 105787
        },
        "2015-04": {
            "month": "2015-04",
            "price": "25.58",
            "revenue": 110443
        },
        "2015-05": {
            "month": "2015-05",
            "price": "23.01",
            "revenue": 80084
        },
        "2015-06": {
            "month": "2015-06",
            "price": "19.21",
            "revenue": 98660
        },
        "2015-07": {
            "month": "2015-07",
            "price": "19.67",
            "revenue": 102948
        },
        "2015-08": {
            "month": "2015-08",
            "price": "16.77",
            "revenue": 102048
        },
        "2015-09": {
            "month": "2015-09",
            "price": "16.40",
            "revenue": 105522
        },
        "2015-10": {
            "month": "2015-10",
            "price": "15.85",
            "revenue": 106609
        },
        "2015-11": {
            "month": "2015-11",
            "price": "14.91",
            "revenue": 120222
        },
        "2015-12": {
            "month": "2015-12",
            "price": "13.62",
            "revenue": 108291
        },
        "2016-01": {
            "month": "2016-01",
            "price": "12.32",
            "revenue": 100279
        },
        "2016-02": {
            "month": "2016-02",
            "price": "13.33",
            "revenue": 71070
        },
        "2016-03": {
            "month": "2016-03",
            "price": "13.51",
            "revenue": 90474
        },
        "2016-04": {
            "month": "2016-04",
            "price": "12.42",
            "revenue": 122104
        },
        "2016-05": {
            "month": "2016-05",
            "price": "13.38",
            "revenue": 120483
        },
        "2016-06": {
            "month": "2016-06",
            "price": "16.36",
            "revenue": 130722
        },
        "2016-07": {
            "month": "2016-07",
            "price": "23.38",
            "revenue": 136041
        },
        "2016-08": {
            "month": "2016-08",
            "price": "22.60",
            "revenue": 139509
        },
        "2016-09": {
            "month": "2016-09",
            "price": "21.17",
            "revenue": 150558
        },
        "2016-10": {
            "month": "2016-10",
            "price": "22.33",
            "revenue": 147414
        },
        "2016-11": {
            "month": "2016-11",
            "price": "22.61",
            "revenue": 139401
        },
        "2016-12": {
            "month": "2016-12",
            "price": "24.75",
            "revenue": 117913
        },
        "2017-01": {
            "month": "2017-01",
            "price": "24.73",
            "revenue": 100395
        },
        "2017-02": {
            "month": "2017-02",
            "price": "25.33",
            "revenue": 105766
        },
        "2017-03": {
            "month": "2017-03",
            "price": "34.52",
            "revenue": 129897
        },
        "2017-04": {
            "month": "2017-04",
            "price": "58.85",
            "revenue": 134136
        },
        "2017-05": {
            "month": "2017-05",
            "price": "58.62",
            "revenue": 131708
        },
        "2017-06": {
            "month": "2017-06",
            "price": "54.13",
            "revenue": 160337
        },
        "2017-07": {
            "month": "2017-07",
            "price": "61.66",
            "revenue": 161602
        },
        "2017-08": {
            "month": "2017-08",
            "price": "76.28",
            "revenue": 156278
        },
        "2017-09": {
            "month": "2017-09",
            "price": "73.08",
            "revenue": 182075
        },
        "2017-10": {
            "month": "2017-10",
            "price": "71.40",
            "revenue": 180308
        },
        "2017-11": {
            "month": "2017-11",
            "price": "73.36",
            "revenue": 152836
        },
        "2017-12": {
            "month": "2017-12",
            "price": "51.02",
            "revenue": 151886
        },
        "2018-01": {
            "month": "2018-01",
            "price": "41.32",
            "revenue": 183858
        },
        "2018-02": {
            "month": "2018-02",
            "price": "36.19",
            "revenue": 108744
        },
        "2018-03": {
            "month": "2018-03",
            "price": "41.12",
            "revenue": 142319
        },
        "2018-04": {
            "month": "2018-04",
            "price": "47.54",
            "revenue": 134562
        },
        "2018-05": {
            "month": "2018-05",
            "price": "48.86",
            "revenue": 153715
        },
        "2018-06": {
            "month": "2018-06",
            "price": "63.78",
            "revenue": 155774
        },
        "2018-07": {
            "month": "2018-07",
            "price": "63.91",
            "revenue": 185556
        },
        "2018-08": {
            "month": "2018-08",
            "price": "61.57",
            "revenue": 229988
        },
        "2018-09": {
            "month": "2018-09",
            "price": "54.88",
            "revenue": 231780
        },
        "2018-10": {
            "month": "2018-10",
            "price": "47.97",
            "revenue": 214225
        },
        "2018-11": {
            "month": "2018-11",
            "price": "48.60",
            "revenue": 213641
        },
        "2018-12": {
            "month": "2018-12",
            "price": "46.33",
            "revenue": 172933
        },
        "2019-01": {
            "month": "2019-01",
            "price": "45.41",
            "revenue": 196333
        },
        "2019-02": {
            "month": "2019-02",
            "price": "51.88",
            "revenue": 96579
        },
        "2019-03": {
            "month": "2019-03",
            "price": "59.20",
            "revenue": 103656
        },
        "2019-04": {
            "month": "2019-04",
            "price": "54.78",
            "revenue": 153443
        },
        "2019-05": {
            "month": "2019-05",
            "price": "48.67",
            "revenue": 200109
        },
        "2019-06": {
            "month": "2019-06",
            "price": "49.90",
            "revenue": 209227
        },
        "2019-07": {
            "month": "2019-07",
            "price": "55.03",
            "revenue": 200302
        },
        "2019-08": {
            "month": "2019-08",
            "price": "49.80",
            "revenue": 209659
        },
        "2019-09": {
            "month": "2019-09",
            "price": "51.36",
            "revenue": 226365
        },
        "2019-10": {
            "month": "2019-10",
            "price": "48.35",
            "revenue": 224699
        },
        "2019-11": {
            "month": "2019-11",
            "price": "47.17",
            "revenue": 220432
        },
        "2019-12": {
            "month": "2019-12",
            "price": "46.60",
            "revenue": 200738
        },
        "2020-01": {
            "month": "2020-01",
            "price": "45.59",
            "revenue": 194084
        },
        "2020-02": {
            "month": "2020-02",
            "price": "39.73",
            "revenue": 135831
        },
        "2020-03": {
            "month": "2020-03",
            "price": "28.71",
            "revenue": 205081
        },
        "2020-04": {
            "month": "2020-04",
            "price": "32.01",
            "revenue": 290634
        },
        "2020-05": {
            "month": "2020-05",
            "price": "37.83",
            "revenue": 256011
        },
        "2020-06": {
            "month": "2020-06",
            "price": "38.44",
            "revenue": 262995
        },
        "2020-07": {
            "month": "2020-07",
            "price": "37.30",
            "revenue": 302337
        },
        "2020-08": {
            "month": "2020-08",
            "price": "34.48",
            "revenue": 272417
        },
        "2020-09": {
            "month": "2020-09",
            "price": "34.48",
            "revenue": 291166
        },
        "2020-10": {
            "month": "2020-10",
            "price": "33.51",
            "revenue": 292251
        },
        "2020-11": {
            "month": "2020-11",
            "price": "34.78",
            "revenue": 315119
        },
        "2020-12": {
            "month": "2020-12",
            "price": "36.64",
            "revenue": 343089
        },
        "2021-01": {
            "month": "2021-01",
            "price": "36.90",
            "revenue": 345334
        },
        "2021-02": {
            "month": "2021-02",
            "price": "36.67",
            "revenue": 231109
        },
        "2021-03": {
            "month": "2021-03",
            "price": "68.75",
            "revenue": 316821
        },
        "2021-04": {
            "month": "2021-04",
            "price": "113.91",
            "revenue": 341543
        },
        "2021-05": {
            "month": "2021-05",
            "price": "76.95",
            "revenue": 259572
        },
        "2021-06": {
            "month": "2021-06",
            "price": "94.59",
            "revenue": 264882
        },
        "2021-07": {
            "month": "2021-07",
            "price": "87.74",
            "revenue": 278276
        },
        "2021-08": {
            "month": "2021-08",
            "price": "72.48",
            "revenue": 261643
        },
        "2021-09": {
            "month": "2021-09",
            "price": "71.80",
            "revenue": 294851
        },
        "2021-10": {
            "month": "2021-10",
            "price": "64.28",
            "revenue": 314385
        },
        "2021-11": {
            "month": "2021-11",
            "price": "73.25",
            "revenue": 377720
        },
        "2021-12": {
            "month": "2021-12",
            "price": "77.37",
            "revenue": 382345
        },
        "2022-01": {
            "month": "2022-01",
            "price": "74.41",
            "revenue": 355489
        },
        "2022-02": {
            "month": "2022-02",
            "price": "68.97",
            "revenue": 269263
        },
        "2022-03": {
            "month": "2022-03",
            "price": "64.62",
            "revenue": 358826
        },
        "2022-04": {
            "month": "2022-04",
            "price": "62.67",
            "revenue": 361539
        },
        "2022-05": {
            "month": "2022-05",
            "price": "58.34",
            "revenue": 377934
        },
        "2022-06": {
            "month": "2022-06",
            "price": "61.81",
            "revenue": 289130
        },
        "2022-07": {
            "month": "2022-07",
            "price": "66.24",
            "revenue": 273302
        },
        "2022-08": {
            "month": "2022-08",
            "price": "77.20",
            "revenue": 291000
        },
        "2022-09": {
            "month": "2022-09",
            "price": "76.50",
            "revenue": 242781
        },
        "2022-10": {
            "month": "2022-10",
            "price": "58.42",
            "revenue": 309746
        },
        "2022-11": {
            "month": "2022-11",
            "price": "70.41",
            "revenue": 310594
        },
        "2022-12": {
            "month": "2022-12",
            "price": "76.34",
            "revenue": 227780
        },
        "2023-01": {
            "month": "2023-01",
            "price": "70.42",
            "revenue": 225850
        },
        "2023-02": {
            "month": "2023-02",
            "price": "78.93",
            "revenue": 271920
        },
        "2023-03": {
            "month": "2023-03",
            "price": "108.95",
            "revenue": 340596
        },
        "2023-04": {
            "month": "2023-04",
            "price": "99.48",
            "revenue": 345692
        },
        "2023-05": {
            "month": "2023-05",
            "price": "94.28",
            "revenue": 348437
        },
        "2023-06": {
            "month": "2023-06",
            "price": "102.34",
            "revenue": 315491
        },
        "2023-07": {
            "month": "2023-07",
            "price": "135.48",
            "revenue": 355643
        },
        "2023-08": {
            "month": "2023-08",
            "price": "150.43",
            "revenue": 371210
        },
        "2023-09": {
            "month": "2023-09",
            "price": "151.80",
            "revenue": 375224
        },
        "2023-10": {
            "month": "2023-10",
            "price": "140.85",
            "revenue": 375884
        },
        "2023-11": {
            "month": "2023-11",
            "price": "155.00",
            "revenue": 358590
        },
        "2023-12": {
            "month": "2023-12",
            "price": "177.02",
            "revenue": 310145
        },
        "2024-01": {
            "month": "2024-01",
            "price": "175.30",
            "revenue": 385403
        },
        "2024-02": {
            "month": "2024-02",
            "price": "246.81",
            "revenue": 228603
        }
    }
}
