{
    "summary": {
        "stock_name": "上詮",
        "stock_id": "3363",
        "category": "通信網路",
        "main_business": "光纖被動元件之設計、生產與銷售服務<br>光纖模組及整合系統之設計、生產與銷售服務<br>光纖相關之生產測試儀器設備之設計、生產與銷售服務",
        "website_url": "http://www.foci.com.tw",
        "ceo": "胡頂達",
        "pe_ratio": 100,
        "report_year_from": 2003,
        "report_year_to": 2023,
        "age": 20,
        "eps_negative_percentage": 13,
        "eps_growth_avg": {
            "last_all": -0.99,
            "last_2y": 3.22,
            "last_4y": 12.26,
            "last_8y": -14.76,
            "last_12y": -0.99,
            "last_16y": null,
            "last_20y": null,
            "at_2006_last_3y": null,
            "at_2007_last_3y": null,
            "at_2008_last_3y": null,
            "at_2009_last_3y": null,
            "at_2010_last_3y": null,
            "at_2011_last_3y": null,
            "at_2012_last_3y": null,
            "at_2013_last_3y": 23.11,
            "at_2014_last_3y": -26.89,
            "at_2015_last_3y": -43.81,
            "at_2016_last_3y": -66.24,
            "at_2017_last_3y": -82.31,
            "at_2018_last_3y": 17.69,
            "at_2019_last_3y": -4.33,
            "at_2020_last_3y": -6.6,
            "at_2021_last_3y": 34.56,
            "at_2022_last_3y": -9.68,
            "at_2023_last_3y": -9.68,
            "at_2006_last_all": null,
            "at_2007_last_all": null,
            "at_2008_last_all": null,
            "at_2009_last_all": null,
            "at_2010_last_all": null,
            "at_2011_last_all": 61.94,
            "at_2012_last_all": 41.64,
            "at_2013_last_all": 23.11,
            "at_2014_last_all": -1.51,
            "at_2015_last_all": -1.51,
            "at_2016_last_all": -1.51,
            "at_2017_last_all": -12.03,
            "at_2018_last_all": 3.97,
            "at_2019_last_all": -2.57,
            "at_2020_last_all": -3.77,
            "at_2021_last_all": 6.6,
            "at_2022_last_all": -0.99,
            "at_2023_last_all": -0.99
        },
        "latest_eps": 0.7,
        "latest_price": 70.5,
        "latest_roe": 3.87,
        "latest_gross_margin": 7.24,
        "latest_equity": 1608276,
        "latest_revenue": 284079,
        "latest_gross_profit": 20570,
        "latest_net_income": -14707,
        "latest_debt_ratio": 24.76,
        "latest_current_ratio": 307.83,
        "latest_account_receivable_turnover_ratio": 0.96,
        "latest_inventory_turnover_ratio": 0.92,
        "latest_reinvestment_rate": -81.67,
        "latest_research_to_sale_ratio": 8.45
    },
    "eps_dividends": {
        "2001": {
            "cash": 0,
            "stock": 0,
            "eps": 0
        },
        "2002": {
            "cash": 0,
            "stock": 0,
            "eps": 0
        },
        "2003": {
            "cash": 0,
            "stock": 0,
            "eps": 0
        },
        "2004": {
            "cash": 0,
            "stock": 0,
            "eps": 0
        },
        "2005": {
            "cash": 0,
            "stock": 0,
            "eps": 0
        },
        "2006": {
            "cash": 0,
            "stock": 0,
            "eps": 0
        },
        "2007": {
            "cash": 0,
            "stock": 0,
            "eps": 0
        },
        "2008": {
            "cash": 0.5,
            "stock": 0,
            "eps": 0
        },
        "2009": {
            "cash": 0.3,
            "stock": 0,
            "eps": 0.48
        },
        "2010": {
            "cash": 0.5,
            "stock": 0,
            "eps": 1.55
        },
        "2011": {
            "cash": 1.2,
            "stock": 0,
            "eps": 1.92
        },
        "2012": {
            "cash": 1.2,
            "stock": 0,
            "eps": 1.94
        },
        "2013": {
            "cash": 1.3,
            "stock": 0,
            "eps": 1.31
        },
        "2014": {
            "cash": 1.5,
            "stock": 0,
            "eps": -0.12
        },
        "2015": {
            "cash": 0.5,
            "stock": 0,
            "eps": -0.62
        },
        "2016": {
            "cash": 0,
            "stock": 0,
            "eps": 2.29
        },
        "2017": {
            "cash": 0.5,
            "stock": 0,
            "eps": 0.81
        },
        "2018": {
            "cash": 1,
            "stock": 0,
            "eps": 2.46
        },
        "2019": {
            "cash": 1.5,
            "stock": 0,
            "eps": 1.27
        },
        "2020": {
            "cash": 0.8,
            "stock": 0,
            "eps": 1.1
        },
        "2021": {
            "cash": 1,
            "stock": 0,
            "eps": 2.3
        },
        "2022": {
            "cash": 1.6,
            "stock": 0,
            "eps": 0.53
        },
        "2023": {
            "cash": 0.5,
            "stock": 0,
            "eps": 0.21
        }
    },
    "dividends": {
        "2008-03-18": {
            "cash": 0.5,
            "stock": 0
        },
        "2009-03-23": {
            "cash": 0.3,
            "stock": 0
        },
        "2010-03-03": {
            "cash": 0.5,
            "stock": 0
        },
        "2011-03-11": {
            "cash": 1.2,
            "stock": 0
        },
        "2012-06-22": {
            "cash": 1.2,
            "stock": 0
        },
        "2013-06-19": {
            "cash": 1.3,
            "stock": 0
        },
        "2014-08-25": {
            "cash": 1.5,
            "stock": 0
        },
        "2015-09-25": {
            "cash": 0.5,
            "stock": 0
        },
        "2017-09-20": {
            "cash": 0.5,
            "stock": 0
        },
        "2018-09-18": {
            "cash": 1,
            "stock": 0
        },
        "2019-07-26": {
            "cash": 1.5,
            "stock": 0
        },
        "2020-07-21": {
            "cash": 0.8,
            "stock": 0
        },
        "2021-07-20": {
            "cash": 1,
            "stock": 0
        },
        "2022-07-20": {
            "cash": 1.6,
            "stock": 0
        },
        "2023-07-25": {
            "cash": 0.5,
            "stock": 0
        }
    },
    "prices": {
        "200101": "無",
        "200102": "無",
        "200103": "無",
        "200104": "無",
        "200105": "無",
        "200106": "無",
        "200107": "無",
        "200108": "無",
        "200109": "無",
        "200110": "無",
        "200111": "無",
        "200112": "無",
        "200201": "無",
        "200202": "無",
        "200203": "無",
        "200204": "無",
        "200205": "無",
        "200206": "無",
        "200207": "無",
        "200208": "無",
        "200209": "無",
        "200210": "無",
        "200211": "無",
        "200212": "無",
        "200301": "無",
        "200302": "無",
        "200303": "無",
        "200304": "無",
        "200305": "無",
        "200306": "無",
        "200307": "無",
        "200308": "無",
        "200309": "無",
        "200310": "無",
        "200311": "無",
        "200312": "無",
        "200401": "無",
        "200402": "無",
        "200403": "無",
        "200404": "無",
        "200405": "無",
        "200406": "無",
        "200407": "無",
        "200408": "無",
        "200409": "13.06",
        "200410": "無",
        "200411": "無",
        "200412": "無",
        "200501": "無",
        "200502": "12.20",
        "200503": "無",
        "200504": "11.82",
        "200505": "無",
        "200506": "10.95",
        "200507": "10.75",
        "200508": "10.70",
        "200509": "8.59",
        "200510": "6.90",
        "200511": "無",
        "200512": "4.90",
        "200601": "4.52",
        "200602": "3.72",
        "200603": "5.25",
        "200604": "6.83",
        "200605": "11.82",
        "200606": "9.00",
        "200607": "8.29",
        "200608": "8.98",
        "200609": "8.98",
        "200610": "9.29",
        "200611": "9.93",
        "200612": "9.88",
        "200701": "10.06",
        "200702": "10.03",
        "200703": "13.19",
        "200704": "13.79",
        "200705": "13.64",
        "200706": "13.31",
        "200707": "12.92",
        "200708": "11.66",
        "200709": "12.19",
        "200710": "10.97",
        "200711": "9.96",
        "200712": "9.44",
        "200801": "9.01",
        "200802": "9.54",
        "200803": "9.10",
        "200804": "8.99",
        "200805": "8.67",
        "200806": "7.82",
        "200807": "7.50",
        "200808": "7.64",
        "200809": "7.05",
        "200810": "5.88",
        "200811": "4.30",
        "200812": "4.16",
        "200901": "無",
        "200902": "4.05",
        "200903": "6.60",
        "200904": "7.06",
        "200905": "6.86",
        "200906": "8.14",
        "200907": "8.36",
        "200908": "無",
        "200909": "8.01",
        "200910": "8.38",
        "200911": "7.96",
        "200912": "9.22",
        "201001": "9.33",
        "201002": "無",
        "201003": "8.24",
        "201004": "14.89",
        "201005": "16.66",
        "201006": "16.68",
        "201007": "17.17",
        "201008": "18.35",
        "201009": "19.97",
        "201010": "23.32",
        "201011": "31.60",
        "201012": "44.42",
        "201101": "45.44",
        "201102": "66.00",
        "201103": "53.16",
        "201104": "53.33",
        "201105": "49.65",
        "201106": "43.15",
        "201107": "35.91",
        "201108": "24.19",
        "201109": "24.58",
        "201110": "26.72",
        "201111": "24.88",
        "201112": "23.27",
        "201201": "27.15",
        "201202": "34.40",
        "201203": "37.40",
        "201204": "31.22",
        "201205": "23.91",
        "201206": "23.73",
        "201207": "25.21",
        "201208": "27.13",
        "201209": "26.97",
        "201210": "24.33",
        "201211": "23.11",
        "201212": "25.17",
        "201301": "28.57",
        "201302": "28.85",
        "201303": "25.44",
        "201304": "25.21",
        "201305": "25.66",
        "201306": "23.89",
        "201307": "24.31",
        "201308": "25.88",
        "201309": "26.92",
        "201310": "26.42",
        "201311": "25.58",
        "201312": "24.18",
        "201401": "24.82",
        "201402": "24.18",
        "201403": "30.27",
        "201404": "41.09",
        "201405": "38.38",
        "201406": "38.78",
        "201407": "32.56",
        "201408": "30.30",
        "201409": "27.99",
        "201410": "28.27",
        "201411": "28.18",
        "201412": "30.23",
        "201501": "31.94",
        "201502": "31.87",
        "201503": "34.21",
        "201504": "33.40",
        "201505": "31.53",
        "201506": "30.28",
        "201507": "30.56",
        "201508": "28.45",
        "201509": "26.98",
        "201510": "26.67",
        "201511": "25.31",
        "201512": "26.42",
        "201601": "26.58",
        "201602": "27.06",
        "201603": "30.03",
        "201604": "29.22",
        "201605": "28.85",
        "201606": "29.40",
        "201607": "29.46",
        "201608": "28.34",
        "201609": "28.83",
        "201610": "27.58",
        "201611": "26.82",
        "201612": "27.23",
        "201701": "28.12",
        "201702": "29.81",
        "201703": "33.05",
        "201704": "34.80",
        "201705": "34.76",
        "201706": "34.91",
        "201707": "34.28",
        "201708": "34.06",
        "201709": "30.88",
        "201710": "29.17",
        "201711": "30.10",
        "201712": "31.30",
        "201801": "30.18",
        "201802": "28.33",
        "201803": "28.39",
        "201804": "27.07",
        "201805": "26.13",
        "201806": "26.84",
        "201807": "26.82",
        "201808": "26.38",
        "201809": "26.17",
        "201810": "25.31",
        "201811": "25.30",
        "201812": "28.18",
        "201901": "32.20",
        "201902": "36.96",
        "201903": "43.73",
        "201904": "50.32",
        "201905": "44.14",
        "201906": "43.74",
        "201907": "46.92",
        "201908": "43.17",
        "201909": "41.44",
        "201910": "38.71",
        "201911": "35.18",
        "201912": "34.32",
        "202001": "30.23",
        "202002": "26.64",
        "202003": "20.66",
        "202004": "22.00",
        "202005": "24.76",
        "202006": "25.27",
        "202007": "27.54",
        "202008": "28.94",
        "202009": "27.87",
        "202010": "25.94",
        "202011": "26.42",
        "202012": "28.35",
        "202101": "26.40",
        "202102": "26.16",
        "202103": "26.61",
        "202104": "31.06",
        "202105": "25.51",
        "202106": "25.64",
        "202107": "27.10",
        "202108": "25.80",
        "202109": "26.92",
        "202110": "28.72",
        "202111": "33.92",
        "202112": "34.25",
        "202201": "30.80",
        "202202": "30.01",
        "202203": "29.25",
        "202204": "27.91",
        "202205": "25.83",
        "202206": "25.58",
        "202207": "23.65",
        "202208": "25.89",
        "202209": "24.14",
        "202210": "22.28",
        "202211": "22.77",
        "202212": "23.32",
        "202301": "23.14",
        "202302": "24.03",
        "202303": "24.83",
        "202304": "31.93",
        "202305": "37.91",
        "202306": "45.04",
        "202307": "62.24",
        "202308": "59.98",
        "202309": "66.27",
        "202310": "73.60"
    },
    "quarters": {
        "20011": {
            "year_quarter": 20011,
            "year": 2001,
            "quarter": 1,
            "eps": null,
            "eps_growth_year": null,
            "eps_4q": null,
            "eps_4q_growth_year": null,
            "roe": null,
            "roe_4q": 0,
            "gross_profit": null,
            "gross_margin": null,
            "gross_margin_4q_avg": 0,
            "net_income": null,
            "net_income_4q": null,
            "revenue": null,
            "revenue_4q": null,
            "common_shares": null,
            "book_valuer_per_share": null,
            "book_valuer_per_share_4q_avg": 0,
            "equity": null,
            "current_ratio": null,
            "debt_ratio": null,
            "inventory_turnover_ratio": null,
            "account_receivable_turnover_ratio": null,
            "reinvestment_rate": null,
            "research_to_sale_ratio": null,
            "price_fair": 0,
            "eps_avg_yearly": 0,
            "eps_latest_yearly": 0,
            "eps_growth_yearly": 0
        },
        "20012": {
            "year_quarter": 20012,
            "year": 2001,
            "quarter": 2,
            "eps": null,
            "eps_growth_year": null,
            "eps_4q": null,
            "eps_4q_growth_year": null,
            "roe": null,
            "roe_4q": 0,
            "gross_profit": null,
            "gross_margin": null,
            "gross_margin_4q_avg": 0,
            "net_income": null,
            "net_income_4q": null,
            "revenue": null,
            "revenue_4q": null,
            "common_shares": null,
            "book_valuer_per_share": null,
            "book_valuer_per_share_4q_avg": 0,
            "equity": null,
            "current_ratio": null,
            "debt_ratio": null,
            "inventory_turnover_ratio": null,
            "account_receivable_turnover_ratio": null,
            "reinvestment_rate": null,
            "research_to_sale_ratio": null,
            "price_fair": 0,
            "eps_avg_yearly": 0,
            "eps_latest_yearly": 0,
            "eps_growth_yearly": 0
        },
        "20013": {
            "year_quarter": 20013,
            "year": 2001,
            "quarter": 3,
            "eps": null,
            "eps_growth_year": null,
            "eps_4q": null,
            "eps_4q_growth_year": null,
            "roe": null,
            "roe_4q": 0,
            "gross_profit": null,
            "gross_margin": null,
            "gross_margin_4q_avg": 0,
            "net_income": null,
            "net_income_4q": null,
            "revenue": null,
            "revenue_4q": null,
            "common_shares": null,
            "book_valuer_per_share": null,
            "book_valuer_per_share_4q_avg": 0,
            "equity": null,
            "current_ratio": null,
            "debt_ratio": null,
            "inventory_turnover_ratio": null,
            "account_receivable_turnover_ratio": null,
            "reinvestment_rate": null,
            "research_to_sale_ratio": null,
            "price_fair": 0,
            "eps_avg_yearly": 0,
            "eps_latest_yearly": 0,
            "eps_growth_yearly": 0
        },
        "20014": {
            "year_quarter": 20014,
            "year": 2001,
            "quarter": 4,
            "eps": null,
            "eps_growth_year": null,
            "eps_4q": null,
            "eps_4q_growth_year": null,
            "roe": null,
            "roe_4q": 0,
            "gross_profit": null,
            "gross_margin": null,
            "gross_margin_4q_avg": 0,
            "net_income": null,
            "net_income_4q": null,
            "revenue": null,
            "revenue_4q": null,
            "common_shares": 689844,
            "book_valuer_per_share": 11.15,
            "book_valuer_per_share_4q_avg": 2.79,
            "equity": 769237,
            "current_ratio": 135.25,
            "debt_ratio": 59.01,
            "inventory_turnover_ratio": null,
            "account_receivable_turnover_ratio": null,
            "reinvestment_rate": null,
            "research_to_sale_ratio": null,
            "price_fair": 0,
            "eps_avg_yearly": 0,
            "eps_latest_yearly": 0,
            "eps_growth_yearly": 0
        },
        "20021": {
            "year_quarter": 20021,
            "year": 2002,
            "quarter": 1,
            "eps": null,
            "eps_growth_year": null,
            "eps_4q": null,
            "eps_4q_growth_year": null,
            "roe": null,
            "roe_4q": 0,
            "gross_profit": null,
            "gross_margin": null,
            "gross_margin_4q_avg": 0,
            "net_income": null,
            "net_income_4q": null,
            "revenue": null,
            "revenue_4q": null,
            "common_shares": null,
            "book_valuer_per_share": null,
            "book_valuer_per_share_4q_avg": 2.79,
            "equity": null,
            "current_ratio": null,
            "debt_ratio": null,
            "inventory_turnover_ratio": null,
            "account_receivable_turnover_ratio": null,
            "reinvestment_rate": null,
            "research_to_sale_ratio": null,
            "price_fair": 0,
            "eps_avg_yearly": 0,
            "eps_latest_yearly": 0,
            "eps_growth_yearly": 0
        },
        "20022": {
            "year_quarter": 20022,
            "year": 2002,
            "quarter": 2,
            "eps": null,
            "eps_growth_year": null,
            "eps_4q": null,
            "eps_4q_growth_year": null,
            "roe": null,
            "roe_4q": 0,
            "gross_profit": null,
            "gross_margin": null,
            "gross_margin_4q_avg": 0,
            "net_income": null,
            "net_income_4q": null,
            "revenue": null,
            "revenue_4q": null,
            "common_shares": null,
            "book_valuer_per_share": null,
            "book_valuer_per_share_4q_avg": 2.79,
            "equity": null,
            "current_ratio": null,
            "debt_ratio": null,
            "inventory_turnover_ratio": null,
            "account_receivable_turnover_ratio": null,
            "reinvestment_rate": null,
            "research_to_sale_ratio": null,
            "price_fair": 0,
            "eps_avg_yearly": 0,
            "eps_latest_yearly": 0,
            "eps_growth_yearly": 0
        },
        "20023": {
            "year_quarter": 20023,
            "year": 2002,
            "quarter": 3,
            "eps": null,
            "eps_growth_year": null,
            "eps_4q": null,
            "eps_4q_growth_year": null,
            "roe": null,
            "roe_4q": 0,
            "gross_profit": null,
            "gross_margin": null,
            "gross_margin_4q_avg": 0,
            "net_income": null,
            "net_income_4q": null,
            "revenue": null,
            "revenue_4q": null,
            "common_shares": null,
            "book_valuer_per_share": null,
            "book_valuer_per_share_4q_avg": 2.79,
            "equity": null,
            "current_ratio": null,
            "debt_ratio": null,
            "inventory_turnover_ratio": null,
            "account_receivable_turnover_ratio": null,
            "reinvestment_rate": null,
            "research_to_sale_ratio": null,
            "price_fair": 0,
            "eps_avg_yearly": 0,
            "eps_latest_yearly": 0,
            "eps_growth_yearly": 0
        },
        "20024": {
            "year_quarter": 20024,
            "year": 2002,
            "quarter": 4,
            "eps": null,
            "eps_growth_year": null,
            "eps_4q": null,
            "eps_4q_growth_year": null,
            "roe": null,
            "roe_4q": 0,
            "gross_profit": null,
            "gross_margin": null,
            "gross_margin_4q_avg": 0,
            "net_income": null,
            "net_income_4q": null,
            "revenue": null,
            "revenue_4q": null,
            "common_shares": 689844,
            "book_valuer_per_share": 7.1,
            "book_valuer_per_share_4q_avg": 1.78,
            "equity": 490147,
            "current_ratio": 90.37,
            "debt_ratio": 66.3,
            "inventory_turnover_ratio": null,
            "account_receivable_turnover_ratio": null,
            "reinvestment_rate": null,
            "research_to_sale_ratio": null,
            "price_fair": 0,
            "eps_avg_yearly": 0,
            "eps_latest_yearly": 0,
            "eps_growth_yearly": 0
        },
        "20031": {
            "year_quarter": 20031,
            "year": 2003,
            "quarter": 1,
            "eps": null,
            "eps_growth_year": null,
            "eps_4q": null,
            "eps_4q_growth_year": null,
            "roe": null,
            "roe_4q": 0,
            "gross_profit": null,
            "gross_margin": null,
            "gross_margin_4q_avg": 0,
            "net_income": null,
            "net_income_4q": null,
            "revenue": null,
            "revenue_4q": null,
            "common_shares": null,
            "book_valuer_per_share": null,
            "book_valuer_per_share_4q_avg": 1.78,
            "equity": null,
            "current_ratio": null,
            "debt_ratio": null,
            "inventory_turnover_ratio": null,
            "account_receivable_turnover_ratio": null,
            "reinvestment_rate": null,
            "research_to_sale_ratio": null,
            "price_fair": 0,
            "eps_avg_yearly": 0,
            "eps_latest_yearly": 0,
            "eps_growth_yearly": 0
        },
        "20032": {
            "year_quarter": 20032,
            "year": 2003,
            "quarter": 2,
            "eps": null,
            "eps_growth_year": null,
            "eps_4q": null,
            "eps_4q_growth_year": null,
            "roe": null,
            "roe_4q": 0,
            "gross_profit": null,
            "gross_margin": null,
            "gross_margin_4q_avg": 0,
            "net_income": null,
            "net_income_4q": null,
            "revenue": null,
            "revenue_4q": null,
            "common_shares": null,
            "book_valuer_per_share": null,
            "book_valuer_per_share_4q_avg": 1.78,
            "equity": null,
            "current_ratio": null,
            "debt_ratio": null,
            "inventory_turnover_ratio": null,
            "account_receivable_turnover_ratio": null,
            "reinvestment_rate": null,
            "research_to_sale_ratio": null,
            "price_fair": 0,
            "eps_avg_yearly": 0,
            "eps_latest_yearly": 0,
            "eps_growth_yearly": 0
        },
        "20033": {
            "year_quarter": 20033,
            "year": 2003,
            "quarter": 3,
            "eps": null,
            "eps_growth_year": null,
            "eps_4q": null,
            "eps_4q_growth_year": null,
            "roe": null,
            "roe_4q": 0,
            "gross_profit": null,
            "gross_margin": null,
            "gross_margin_4q_avg": 0,
            "net_income": null,
            "net_income_4q": null,
            "revenue": null,
            "revenue_4q": null,
            "common_shares": null,
            "book_valuer_per_share": null,
            "book_valuer_per_share_4q_avg": 1.78,
            "equity": null,
            "current_ratio": null,
            "debt_ratio": null,
            "inventory_turnover_ratio": null,
            "account_receivable_turnover_ratio": null,
            "reinvestment_rate": null,
            "research_to_sale_ratio": null,
            "price_fair": 0,
            "eps_avg_yearly": 0,
            "eps_latest_yearly": 0,
            "eps_growth_yearly": 0
        },
        "20034": {
            "year_quarter": 20034,
            "year": 2003,
            "quarter": 4,
            "eps": null,
            "eps_growth_year": null,
            "eps_4q": null,
            "eps_4q_growth_year": null,
            "roe": null,
            "roe_4q": 0,
            "gross_profit": null,
            "gross_margin": null,
            "gross_margin_4q_avg": 0,
            "net_income": null,
            "net_income_4q": null,
            "revenue": null,
            "revenue_4q": null,
            "common_shares": 532891,
            "book_valuer_per_share": 10.95,
            "book_valuer_per_share_4q_avg": 2.74,
            "equity": 583353,
            "current_ratio": 91.83,
            "debt_ratio": 48.81,
            "inventory_turnover_ratio": null,
            "account_receivable_turnover_ratio": null,
            "reinvestment_rate": null,
            "research_to_sale_ratio": null,
            "price_fair": 0,
            "eps_avg_yearly": 0,
            "eps_latest_yearly": 0,
            "eps_growth_yearly": 0
        },
        "20041": {
            "year_quarter": 20041,
            "year": 2004,
            "quarter": 1,
            "eps": null,
            "eps_growth_year": null,
            "eps_4q": null,
            "eps_4q_growth_year": null,
            "roe": null,
            "roe_4q": 0,
            "gross_profit": null,
            "gross_margin": null,
            "gross_margin_4q_avg": 0,
            "net_income": null,
            "net_income_4q": null,
            "revenue": null,
            "revenue_4q": null,
            "common_shares": null,
            "book_valuer_per_share": null,
            "book_valuer_per_share_4q_avg": 2.74,
            "equity": null,
            "current_ratio": null,
            "debt_ratio": null,
            "inventory_turnover_ratio": null,
            "account_receivable_turnover_ratio": null,
            "reinvestment_rate": null,
            "research_to_sale_ratio": null,
            "price_fair": 0,
            "eps_avg_yearly": 0,
            "eps_latest_yearly": 0,
            "eps_growth_yearly": 0
        },
        "20042": {
            "year_quarter": 20042,
            "year": 2004,
            "quarter": 2,
            "eps": null,
            "eps_growth_year": null,
            "eps_4q": null,
            "eps_4q_growth_year": null,
            "roe": null,
            "roe_4q": 0,
            "gross_profit": null,
            "gross_margin": null,
            "gross_margin_4q_avg": 0,
            "net_income": null,
            "net_income_4q": null,
            "revenue": null,
            "revenue_4q": null,
            "common_shares": null,
            "book_valuer_per_share": null,
            "book_valuer_per_share_4q_avg": 2.74,
            "equity": null,
            "current_ratio": null,
            "debt_ratio": null,
            "inventory_turnover_ratio": null,
            "account_receivable_turnover_ratio": null,
            "reinvestment_rate": null,
            "research_to_sale_ratio": null,
            "price_fair": 0,
            "eps_avg_yearly": 0,
            "eps_latest_yearly": 0,
            "eps_growth_yearly": 0
        },
        "20043": {
            "year_quarter": 20043,
            "year": 2004,
            "quarter": 3,
            "eps": null,
            "eps_growth_year": null,
            "eps_4q": null,
            "eps_4q_growth_year": null,
            "roe": null,
            "roe_4q": 0,
            "gross_profit": null,
            "gross_margin": null,
            "gross_margin_4q_avg": 0,
            "net_income": null,
            "net_income_4q": null,
            "revenue": null,
            "revenue_4q": null,
            "common_shares": null,
            "book_valuer_per_share": null,
            "book_valuer_per_share_4q_avg": 2.74,
            "equity": null,
            "current_ratio": null,
            "debt_ratio": null,
            "inventory_turnover_ratio": null,
            "account_receivable_turnover_ratio": null,
            "reinvestment_rate": null,
            "research_to_sale_ratio": null,
            "price_fair": 0,
            "eps_avg_yearly": 0,
            "eps_latest_yearly": 0,
            "eps_growth_yearly": 0
        },
        "20044": {
            "year_quarter": 20044,
            "year": 2004,
            "quarter": 4,
            "eps": null,
            "eps_growth_year": null,
            "eps_4q": null,
            "eps_4q_growth_year": null,
            "roe": null,
            "roe_4q": 0,
            "gross_profit": null,
            "gross_margin": null,
            "gross_margin_4q_avg": 0,
            "net_income": null,
            "net_income_4q": null,
            "revenue": null,
            "revenue_4q": null,
            "common_shares": 532891,
            "book_valuer_per_share": 11.2,
            "book_valuer_per_share_4q_avg": 2.8,
            "equity": 596790,
            "current_ratio": 120.95,
            "debt_ratio": 46.93,
            "inventory_turnover_ratio": null,
            "account_receivable_turnover_ratio": null,
            "reinvestment_rate": null,
            "research_to_sale_ratio": null,
            "price_fair": 0,
            "eps_avg_yearly": 0,
            "eps_latest_yearly": 0,
            "eps_growth_yearly": 0
        },
        "20051": {
            "year_quarter": 20051,
            "year": 2005,
            "quarter": 1,
            "eps": null,
            "eps_growth_year": null,
            "eps_4q": null,
            "eps_4q_growth_year": null,
            "roe": null,
            "roe_4q": 0,
            "gross_profit": null,
            "gross_margin": null,
            "gross_margin_4q_avg": 0,
            "net_income": null,
            "net_income_4q": null,
            "revenue": null,
            "revenue_4q": null,
            "common_shares": null,
            "book_valuer_per_share": null,
            "book_valuer_per_share_4q_avg": 2.8,
            "equity": null,
            "current_ratio": null,
            "debt_ratio": null,
            "inventory_turnover_ratio": null,
            "account_receivable_turnover_ratio": null,
            "reinvestment_rate": null,
            "research_to_sale_ratio": null,
            "price_fair": 0,
            "eps_avg_yearly": 0,
            "eps_latest_yearly": 0,
            "eps_growth_yearly": 0
        },
        "20052": {
            "year_quarter": 20052,
            "year": 2005,
            "quarter": 2,
            "eps": null,
            "eps_growth_year": null,
            "eps_4q": null,
            "eps_4q_growth_year": null,
            "roe": null,
            "roe_4q": 0,
            "gross_profit": null,
            "gross_margin": null,
            "gross_margin_4q_avg": 0,
            "net_income": null,
            "net_income_4q": null,
            "revenue": null,
            "revenue_4q": null,
            "common_shares": null,
            "book_valuer_per_share": null,
            "book_valuer_per_share_4q_avg": 2.8,
            "equity": null,
            "current_ratio": null,
            "debt_ratio": null,
            "inventory_turnover_ratio": null,
            "account_receivable_turnover_ratio": null,
            "reinvestment_rate": null,
            "research_to_sale_ratio": null,
            "price_fair": 0,
            "eps_avg_yearly": 0,
            "eps_latest_yearly": 0,
            "eps_growth_yearly": 0
        },
        "20053": {
            "year_quarter": 20053,
            "year": 2005,
            "quarter": 3,
            "eps": null,
            "eps_growth_year": null,
            "eps_4q": null,
            "eps_4q_growth_year": null,
            "roe": null,
            "roe_4q": 0,
            "gross_profit": null,
            "gross_margin": null,
            "gross_margin_4q_avg": 0,
            "net_income": null,
            "net_income_4q": null,
            "revenue": null,
            "revenue_4q": null,
            "common_shares": null,
            "book_valuer_per_share": null,
            "book_valuer_per_share_4q_avg": 2.8,
            "equity": null,
            "current_ratio": null,
            "debt_ratio": null,
            "inventory_turnover_ratio": null,
            "account_receivable_turnover_ratio": null,
            "reinvestment_rate": null,
            "research_to_sale_ratio": null,
            "price_fair": 0,
            "eps_avg_yearly": 0,
            "eps_latest_yearly": 0,
            "eps_growth_yearly": 0
        },
        "20054": {
            "year_quarter": 20054,
            "year": 2005,
            "quarter": 4,
            "eps": null,
            "eps_growth_year": null,
            "eps_4q": null,
            "eps_4q_growth_year": null,
            "roe": null,
            "roe_4q": 0,
            "gross_profit": null,
            "gross_margin": null,
            "gross_margin_4q_avg": 0,
            "net_income": null,
            "net_income_4q": null,
            "revenue": null,
            "revenue_4q": null,
            "common_shares": 532891,
            "book_valuer_per_share": 10.69,
            "book_valuer_per_share_4q_avg": 2.67,
            "equity": 569521,
            "current_ratio": 141.96,
            "debt_ratio": 44,
            "inventory_turnover_ratio": null,
            "account_receivable_turnover_ratio": null,
            "reinvestment_rate": null,
            "research_to_sale_ratio": null,
            "price_fair": 0,
            "eps_avg_yearly": 0,
            "eps_latest_yearly": 0,
            "eps_growth_yearly": 0
        },
        "20061": {
            "year_quarter": 20061,
            "year": 2006,
            "quarter": 1,
            "eps": null,
            "eps_growth_year": null,
            "eps_4q": null,
            "eps_4q_growth_year": null,
            "roe": null,
            "roe_4q": 0,
            "gross_profit": null,
            "gross_margin": null,
            "gross_margin_4q_avg": 0,
            "net_income": null,
            "net_income_4q": null,
            "revenue": null,
            "revenue_4q": null,
            "common_shares": null,
            "book_valuer_per_share": null,
            "book_valuer_per_share_4q_avg": 2.67,
            "equity": null,
            "current_ratio": null,
            "debt_ratio": null,
            "inventory_turnover_ratio": null,
            "account_receivable_turnover_ratio": null,
            "reinvestment_rate": null,
            "research_to_sale_ratio": null,
            "price_fair": 0,
            "eps_avg_yearly": 0,
            "eps_latest_yearly": 0,
            "eps_growth_yearly": 0
        },
        "20062": {
            "year_quarter": 20062,
            "year": 2006,
            "quarter": 2,
            "eps": null,
            "eps_growth_year": null,
            "eps_4q": null,
            "eps_4q_growth_year": null,
            "roe": null,
            "roe_4q": 0,
            "gross_profit": null,
            "gross_margin": null,
            "gross_margin_4q_avg": 0,
            "net_income": null,
            "net_income_4q": null,
            "revenue": null,
            "revenue_4q": null,
            "common_shares": null,
            "book_valuer_per_share": null,
            "book_valuer_per_share_4q_avg": 2.67,
            "equity": null,
            "current_ratio": null,
            "debt_ratio": null,
            "inventory_turnover_ratio": null,
            "account_receivable_turnover_ratio": null,
            "reinvestment_rate": null,
            "research_to_sale_ratio": null,
            "price_fair": 0,
            "eps_avg_yearly": 0,
            "eps_latest_yearly": 0,
            "eps_growth_yearly": 0
        },
        "20063": {
            "year_quarter": 20063,
            "year": 2006,
            "quarter": 3,
            "eps": null,
            "eps_growth_year": null,
            "eps_4q": null,
            "eps_4q_growth_year": null,
            "roe": null,
            "roe_4q": 0,
            "gross_profit": null,
            "gross_margin": null,
            "gross_margin_4q_avg": 0,
            "net_income": null,
            "net_income_4q": null,
            "revenue": null,
            "revenue_4q": null,
            "common_shares": null,
            "book_valuer_per_share": null,
            "book_valuer_per_share_4q_avg": 2.67,
            "equity": null,
            "current_ratio": null,
            "debt_ratio": null,
            "inventory_turnover_ratio": null,
            "account_receivable_turnover_ratio": null,
            "reinvestment_rate": null,
            "research_to_sale_ratio": null,
            "price_fair": 0,
            "eps_avg_yearly": 0,
            "eps_latest_yearly": 0,
            "eps_growth_yearly": 0
        },
        "20064": {
            "year_quarter": 20064,
            "year": 2006,
            "quarter": 4,
            "eps": null,
            "eps_growth_year": null,
            "eps_4q": null,
            "eps_4q_growth_year": null,
            "roe": null,
            "roe_4q": 0,
            "gross_profit": null,
            "gross_margin": null,
            "gross_margin_4q_avg": 0,
            "net_income": null,
            "net_income_4q": null,
            "revenue": null,
            "revenue_4q": null,
            "common_shares": 532891,
            "book_valuer_per_share": 10.72,
            "book_valuer_per_share_4q_avg": 2.68,
            "equity": 571168,
            "current_ratio": 167.74,
            "debt_ratio": 36.94,
            "inventory_turnover_ratio": null,
            "account_receivable_turnover_ratio": null,
            "reinvestment_rate": null,
            "research_to_sale_ratio": null,
            "price_fair": 0,
            "eps_avg_yearly": 0,
            "eps_latest_yearly": 0,
            "eps_growth_yearly": 0
        },
        "20071": {
            "year_quarter": 20071,
            "year": 2007,
            "quarter": 1,
            "eps": null,
            "eps_growth_year": null,
            "eps_4q": null,
            "eps_4q_growth_year": null,
            "roe": null,
            "roe_4q": 0,
            "gross_profit": null,
            "gross_margin": null,
            "gross_margin_4q_avg": 0,
            "net_income": null,
            "net_income_4q": null,
            "revenue": null,
            "revenue_4q": null,
            "common_shares": null,
            "book_valuer_per_share": null,
            "book_valuer_per_share_4q_avg": 2.68,
            "equity": null,
            "current_ratio": null,
            "debt_ratio": null,
            "inventory_turnover_ratio": null,
            "account_receivable_turnover_ratio": null,
            "reinvestment_rate": null,
            "research_to_sale_ratio": null,
            "price_fair": 0,
            "eps_avg_yearly": 0,
            "eps_latest_yearly": 0,
            "eps_growth_yearly": 0
        },
        "20072": {
            "year_quarter": 20072,
            "year": 2007,
            "quarter": 2,
            "eps": null,
            "eps_growth_year": null,
            "eps_4q": null,
            "eps_4q_growth_year": null,
            "roe": null,
            "roe_4q": 0,
            "gross_profit": null,
            "gross_margin": null,
            "gross_margin_4q_avg": 0,
            "net_income": null,
            "net_income_4q": null,
            "revenue": null,
            "revenue_4q": null,
            "common_shares": null,
            "book_valuer_per_share": null,
            "book_valuer_per_share_4q_avg": 2.68,
            "equity": null,
            "current_ratio": null,
            "debt_ratio": null,
            "inventory_turnover_ratio": null,
            "account_receivable_turnover_ratio": null,
            "reinvestment_rate": null,
            "research_to_sale_ratio": null,
            "price_fair": 0,
            "eps_avg_yearly": 0,
            "eps_latest_yearly": 0,
            "eps_growth_yearly": 0
        },
        "20073": {
            "year_quarter": 20073,
            "year": 2007,
            "quarter": 3,
            "eps": null,
            "eps_growth_year": null,
            "eps_4q": null,
            "eps_4q_growth_year": null,
            "roe": null,
            "roe_4q": 0,
            "gross_profit": null,
            "gross_margin": null,
            "gross_margin_4q_avg": 0,
            "net_income": null,
            "net_income_4q": null,
            "revenue": null,
            "revenue_4q": null,
            "common_shares": null,
            "book_valuer_per_share": null,
            "book_valuer_per_share_4q_avg": 2.68,
            "equity": null,
            "current_ratio": null,
            "debt_ratio": null,
            "inventory_turnover_ratio": null,
            "account_receivable_turnover_ratio": null,
            "reinvestment_rate": null,
            "research_to_sale_ratio": null,
            "price_fair": 0,
            "eps_avg_yearly": 0,
            "eps_latest_yearly": 0,
            "eps_growth_yearly": 0
        },
        "20074": {
            "year_quarter": 20074,
            "year": 2007,
            "quarter": 4,
            "eps": null,
            "eps_growth_year": null,
            "eps_4q": null,
            "eps_4q_growth_year": null,
            "roe": null,
            "roe_4q": 0,
            "gross_profit": null,
            "gross_margin": null,
            "gross_margin_4q_avg": 0,
            "net_income": null,
            "net_income_4q": null,
            "revenue": null,
            "revenue_4q": null,
            "common_shares": 532891,
            "book_valuer_per_share": 11.27,
            "book_valuer_per_share_4q_avg": 2.82,
            "equity": 600396,
            "current_ratio": 149.29,
            "debt_ratio": 37.54,
            "inventory_turnover_ratio": null,
            "account_receivable_turnover_ratio": null,
            "reinvestment_rate": null,
            "research_to_sale_ratio": null,
            "price_fair": 0,
            "eps_avg_yearly": 0,
            "eps_latest_yearly": 0,
            "eps_growth_yearly": 0
        },
        "20081": {
            "year_quarter": 20081,
            "year": 2008,
            "quarter": 1,
            "eps": null,
            "eps_growth_year": null,
            "eps_4q": null,
            "eps_4q_growth_year": null,
            "roe": null,
            "roe_4q": 0,
            "gross_profit": null,
            "gross_margin": null,
            "gross_margin_4q_avg": 0,
            "net_income": null,
            "net_income_4q": null,
            "revenue": null,
            "revenue_4q": null,
            "common_shares": null,
            "book_valuer_per_share": null,
            "book_valuer_per_share_4q_avg": 2.82,
            "equity": null,
            "current_ratio": null,
            "debt_ratio": null,
            "inventory_turnover_ratio": null,
            "account_receivable_turnover_ratio": null,
            "reinvestment_rate": null,
            "research_to_sale_ratio": null,
            "price_fair": 0,
            "eps_avg_yearly": 0,
            "eps_latest_yearly": 0,
            "eps_growth_yearly": 0
        },
        "20082": {
            "year_quarter": 20082,
            "year": 2008,
            "quarter": 2,
            "eps": null,
            "eps_growth_year": null,
            "eps_4q": null,
            "eps_4q_growth_year": null,
            "roe": null,
            "roe_4q": 0,
            "gross_profit": null,
            "gross_margin": null,
            "gross_margin_4q_avg": 0,
            "net_income": null,
            "net_income_4q": null,
            "revenue": null,
            "revenue_4q": null,
            "common_shares": null,
            "book_valuer_per_share": null,
            "book_valuer_per_share_4q_avg": 2.82,
            "equity": null,
            "current_ratio": null,
            "debt_ratio": null,
            "inventory_turnover_ratio": null,
            "account_receivable_turnover_ratio": null,
            "reinvestment_rate": null,
            "research_to_sale_ratio": null,
            "price_fair": 0,
            "eps_avg_yearly": 0,
            "eps_latest_yearly": 0,
            "eps_growth_yearly": 0
        },
        "20083": {
            "year_quarter": 20083,
            "year": 2008,
            "quarter": 3,
            "eps": null,
            "eps_growth_year": null,
            "eps_4q": null,
            "eps_4q_growth_year": null,
            "roe": null,
            "roe_4q": 0,
            "gross_profit": null,
            "gross_margin": null,
            "gross_margin_4q_avg": 0,
            "net_income": null,
            "net_income_4q": null,
            "revenue": null,
            "revenue_4q": null,
            "common_shares": null,
            "book_valuer_per_share": null,
            "book_valuer_per_share_4q_avg": 2.82,
            "equity": null,
            "current_ratio": null,
            "debt_ratio": null,
            "inventory_turnover_ratio": null,
            "account_receivable_turnover_ratio": null,
            "reinvestment_rate": null,
            "research_to_sale_ratio": null,
            "price_fair": 0,
            "eps_avg_yearly": 0,
            "eps_latest_yearly": 0,
            "eps_growth_yearly": 0
        },
        "20084": {
            "year_quarter": 20084,
            "year": 2008,
            "quarter": 4,
            "eps": null,
            "eps_growth_year": null,
            "eps_4q": null,
            "eps_4q_growth_year": null,
            "roe": null,
            "roe_4q": 0,
            "gross_profit": null,
            "gross_margin": null,
            "gross_margin_4q_avg": 0,
            "net_income": null,
            "net_income_4q": null,
            "revenue": null,
            "revenue_4q": null,
            "common_shares": 532891,
            "book_valuer_per_share": 11.64,
            "book_valuer_per_share_4q_avg": 2.91,
            "equity": 620184,
            "current_ratio": 154.13,
            "debt_ratio": 35.67,
            "inventory_turnover_ratio": null,
            "account_receivable_turnover_ratio": null,
            "reinvestment_rate": null,
            "research_to_sale_ratio": null,
            "price_fair": 0,
            "eps_avg_yearly": 0,
            "eps_latest_yearly": 0,
            "eps_growth_yearly": 0
        },
        "20091": {
            "year_quarter": 20091,
            "year": 2009,
            "quarter": 1,
            "eps": null,
            "eps_growth_year": null,
            "eps_4q": null,
            "eps_4q_growth_year": null,
            "roe": null,
            "roe_4q": 0,
            "gross_profit": null,
            "gross_margin": null,
            "gross_margin_4q_avg": 0,
            "net_income": null,
            "net_income_4q": null,
            "revenue": null,
            "revenue_4q": null,
            "common_shares": null,
            "book_valuer_per_share": null,
            "book_valuer_per_share_4q_avg": 2.91,
            "equity": null,
            "current_ratio": null,
            "debt_ratio": null,
            "inventory_turnover_ratio": null,
            "account_receivable_turnover_ratio": null,
            "reinvestment_rate": null,
            "research_to_sale_ratio": null,
            "price_fair": 0,
            "eps_avg_yearly": 0,
            "eps_latest_yearly": 0,
            "eps_growth_yearly": 0
        },
        "20092": {
            "year_quarter": 20092,
            "year": 2009,
            "quarter": 2,
            "eps": null,
            "eps_growth_year": null,
            "eps_4q": null,
            "eps_4q_growth_year": null,
            "roe": null,
            "roe_4q": 0,
            "gross_profit": null,
            "gross_margin": null,
            "gross_margin_4q_avg": 0,
            "net_income": null,
            "net_income_4q": null,
            "revenue": null,
            "revenue_4q": null,
            "common_shares": 532891,
            "book_valuer_per_share": null,
            "book_valuer_per_share_4q_avg": 2.91,
            "equity": 631200,
            "current_ratio": null,
            "debt_ratio": null,
            "inventory_turnover_ratio": null,
            "account_receivable_turnover_ratio": null,
            "reinvestment_rate": null,
            "research_to_sale_ratio": null,
            "price_fair": 0,
            "eps_avg_yearly": 0,
            "eps_latest_yearly": 0,
            "eps_growth_yearly": 0
        },
        "20093": {
            "year_quarter": 20093,
            "year": 2009,
            "quarter": 3,
            "eps": 0.17,
            "eps_growth_year": null,
            "eps_4q": null,
            "eps_4q_growth_year": null,
            "roe": 1.45,
            "roe_4q": 1.45,
            "gross_profit": 35252,
            "gross_margin": 18.75,
            "gross_margin_4q_avg": 4.69,
            "net_income": 9251,
            "net_income_4q": null,
            "revenue": 188043,
            "revenue_4q": null,
            "common_shares": 532891,
            "book_valuer_per_share": 12.03,
            "book_valuer_per_share_4q_avg": 5.92,
            "equity": 641125,
            "current_ratio": 188.14,
            "debt_ratio": 31.52,
            "inventory_turnover_ratio": 2.48,
            "account_receivable_turnover_ratio": 0.93,
            "reinvestment_rate": null,
            "research_to_sale_ratio": null,
            "price_fair": 0,
            "eps_avg_yearly": 0,
            "eps_latest_yearly": 0,
            "eps_growth_yearly": 0
        },
        "20094": {
            "year_quarter": 20094,
            "year": 2009,
            "quarter": 4,
            "eps": 0.31,
            "eps_growth_year": null,
            "eps_4q": null,
            "eps_4q_growth_year": null,
            "roe": 2.53,
            "roe_4q": 3.9799999999999995,
            "gross_profit": 28803,
            "gross_margin": 16.71,
            "gross_margin_4q_avg": 8.87,
            "net_income": 16433,
            "net_income_4q": null,
            "revenue": 172350,
            "revenue_4q": null,
            "common_shares": 532891,
            "book_valuer_per_share": 12.35,
            "book_valuer_per_share_4q_avg": 6.1,
            "equity": 658012,
            "current_ratio": 178.55,
            "debt_ratio": 33.74,
            "inventory_turnover_ratio": 2.28,
            "account_receivable_turnover_ratio": 1.34,
            "reinvestment_rate": null,
            "research_to_sale_ratio": null,
            "price_fair": 43.4,
            "eps_avg_yearly": 1.24,
            "eps_latest_yearly": 1.24,
            "eps_growth_yearly": 329.41
        },
        "20101": {
            "year_quarter": 20101,
            "year": 2010,
            "quarter": 1,
            "eps": null,
            "eps_growth_year": null,
            "eps_4q": null,
            "eps_4q_growth_year": null,
            "roe": null,
            "roe_4q": 3.9799999999999995,
            "gross_profit": 30631,
            "gross_margin": null,
            "gross_margin_4q_avg": 8.87,
            "net_income": 24433,
            "net_income_4q": null,
            "revenue": 169314,
            "revenue_4q": null,
            "common_shares": 532891,
            "book_valuer_per_share": 12.79,
            "book_valuer_per_share_4q_avg": 9.29,
            "equity": 681821,
            "current_ratio": 193.63,
            "debt_ratio": 26.3,
            "inventory_turnover_ratio": null,
            "account_receivable_turnover_ratio": null,
            "reinvestment_rate": null,
            "research_to_sale_ratio": null,
            "price_fair": 43.4,
            "eps_avg_yearly": 1.24,
            "eps_latest_yearly": 1.24,
            "eps_growth_yearly": 329.41
        },
        "20102": {
            "year_quarter": 20102,
            "year": 2010,
            "quarter": 2,
            "eps": 0.58,
            "eps_growth_year": null,
            "eps_4q": 1.07,
            "eps_4q_growth_year": null,
            "roe": 4.54,
            "roe_4q": 8.52,
            "gross_profit": 109576,
            "gross_margin": 28.77,
            "gross_margin_4q_avg": 16.06,
            "net_income": 31159,
            "net_income_4q": null,
            "revenue": 380906,
            "revenue_4q": null,
            "common_shares": 532891,
            "book_valuer_per_share": 12.94,
            "book_valuer_per_share_4q_avg": 12.53,
            "equity": 689520,
            "current_ratio": 153.27,
            "debt_ratio": 39.67,
            "inventory_turnover_ratio": 3.78,
            "account_receivable_turnover_ratio": 3.01,
            "reinvestment_rate": null,
            "research_to_sale_ratio": null,
            "price_fair": 43.4,
            "eps_avg_yearly": 1.24,
            "eps_latest_yearly": 1.24,
            "eps_growth_yearly": 329.41
        },
        "20103": {
            "year_quarter": 20103,
            "year": 2010,
            "quarter": 3,
            "eps": 0.45,
            "eps_growth_year": 166.07,
            "eps_4q": 1.35,
            "eps_4q_growth_year": null,
            "roe": 3.44,
            "roe_4q": 10.51,
            "gross_profit": 66468,
            "gross_margin": 23.02,
            "gross_margin_4q_avg": 17.13,
            "net_income": 24104,
            "net_income_4q": null,
            "revenue": 288794,
            "revenue_4q": null,
            "common_shares": 532891,
            "book_valuer_per_share": 13.35,
            "book_valuer_per_share_4q_avg": 12.86,
            "equity": 711191,
            "current_ratio": 161.12,
            "debt_ratio": 36.66,
            "inventory_turnover_ratio": 1.77,
            "account_receivable_turnover_ratio": 1.12,
            "reinvestment_rate": null,
            "research_to_sale_ratio": 3.47,
            "price_fair": 53.2,
            "eps_avg_yearly": 1.52,
            "eps_latest_yearly": 1.8,
            "eps_growth_yearly": 119.88
        },
        "20104": {
            "year_quarter": 20104,
            "year": 2010,
            "quarter": 4,
            "eps": 0.52,
            "eps_growth_year": 68.01,
            "eps_4q": 1.56,
            "eps_4q_growth_year": null,
            "roe": 3.85,
            "roe_4q": 11.83,
            "gross_profit": 68233,
            "gross_margin": 22.99,
            "gross_margin_4q_avg": 18.7,
            "net_income": 27754,
            "net_income_4q": null,
            "revenue": 296783,
            "revenue_4q": null,
            "common_shares": 532891,
            "book_valuer_per_share": 13.71,
            "book_valuer_per_share_4q_avg": 13.2,
            "equity": 730671,
            "current_ratio": 167.25,
            "debt_ratio": 35.72,
            "inventory_turnover_ratio": 1.89,
            "account_receivable_turnover_ratio": 1.13,
            "reinvestment_rate": null,
            "research_to_sale_ratio": 4.13,
            "price_fair": 59.73,
            "eps_avg_yearly": 1.71,
            "eps_latest_yearly": 2.08,
            "eps_growth_yearly": 100.66
        },
        "20111": {
            "year_quarter": 20111,
            "year": 2011,
            "quarter": 1,
            "eps": 0.37,
            "eps_growth_year": null,
            "eps_4q": 1.73,
            "eps_4q_growth_year": null,
            "roe": 2.42,
            "roe_4q": 14.25,
            "gross_profit": 58715,
            "gross_margin": 24.69,
            "gross_margin_4q_avg": 24.87,
            "net_income": 20785,
            "net_income_4q": null,
            "revenue": 237780,
            "revenue_4q": null,
            "common_shares": 599521,
            "book_valuer_per_share": 16.51,
            "book_valuer_per_share_4q_avg": 14.13,
            "equity": 989635,
            "current_ratio": 248.89,
            "debt_ratio": 26.21,
            "inventory_turnover_ratio": 1.33,
            "account_receivable_turnover_ratio": 0.85,
            "reinvestment_rate": null,
            "research_to_sale_ratio": 5.43,
            "price_fair": 57.75,
            "eps_avg_yearly": 1.65,
            "eps_latest_yearly": 1.48,
            "eps_growth_yearly": 46.65
        },
        "20112": {
            "year_quarter": 20112,
            "year": 2011,
            "quarter": 2,
            "eps": 0.44,
            "eps_growth_year": -24.82,
            "eps_4q": 1.65,
            "eps_4q_growth_year": 54.8,
            "roe": 2.74,
            "roe_4q": 12.45,
            "gross_profit": 69086,
            "gross_margin": 19.12,
            "gross_margin_4q_avg": 22.46,
            "net_income": 26354,
            "net_income_4q": null,
            "revenue": 361285,
            "revenue_4q": null,
            "common_shares": 599521,
            "book_valuer_per_share": 15.63,
            "book_valuer_per_share_4q_avg": 14.8,
            "equity": 936874,
            "current_ratio": 211.04,
            "debt_ratio": 31.03,
            "inventory_turnover_ratio": 1.88,
            "account_receivable_turnover_ratio": 1.07,
            "reinvestment_rate": null,
            "research_to_sale_ratio": 3.62,
            "price_fair": 58.52,
            "eps_avg_yearly": 1.67,
            "eps_latest_yearly": 1.76,
            "eps_growth_yearly": 52.45
        },
        "20113": {
            "year_quarter": 20113,
            "year": 2011,
            "quarter": 3,
            "eps": 0.59,
            "eps_growth_year": 31.31,
            "eps_4q": 1.87,
            "eps_4q_growth_year": 39.13,
            "roe": 3.69,
            "roe_4q": 12.7,
            "gross_profit": 72415,
            "gross_margin": 21.69,
            "gross_margin_4q_avg": 22.12,
            "net_income": 34809,
            "net_income_4q": null,
            "revenue": 333886,
            "revenue_4q": null,
            "common_shares": 600271,
            "book_valuer_per_share": 16.2,
            "book_valuer_per_share_4q_avg": 15.51,
            "equity": 949308,
            "current_ratio": 250.56,
            "debt_ratio": 24.78,
            "inventory_turnover_ratio": 1.69,
            "account_receivable_turnover_ratio": 0.9,
            "reinvestment_rate": null,
            "research_to_sale_ratio": 4.9,
            "price_fair": 62.53,
            "eps_avg_yearly": 1.79,
            "eps_latest_yearly": 2.36,
            "eps_growth_yearly": 66.44
        },
        "20114": {
            "year_quarter": 20114,
            "year": 2011,
            "quarter": 4,
            "eps": 0.52,
            "eps_growth_year": 0.29,
            "eps_4q": 1.93,
            "eps_4q_growth_year": 23.61,
            "roe": 3.17,
            "roe_4q": 12.02,
            "gross_profit": 92565,
            "gross_margin": 25.85,
            "gross_margin_4q_avg": 22.84,
            "net_income": 30502,
            "net_income_4q": null,
            "revenue": 358082,
            "revenue_4q": null,
            "common_shares": 600271,
            "book_valuer_per_share": 16.75,
            "book_valuer_per_share_4q_avg": 16.27,
            "equity": 977979,
            "current_ratio": 226.62,
            "debt_ratio": 28.88,
            "inventory_turnover_ratio": 1.64,
            "account_receivable_turnover_ratio": 0.93,
            "reinvestment_rate": null,
            "research_to_sale_ratio": 7.27,
            "price_fair": 64,
            "eps_avg_yearly": 1.83,
            "eps_latest_yearly": 2.08,
            "eps_growth_yearly": 50.17
        },
        "20121": {
            "year_quarter": 20121,
            "year": 2012,
            "quarter": 1,
            "eps": 0.1,
            "eps_growth_year": -72.97,
            "eps_4q": 1.66,
            "eps_4q_growth_year": -3.88,
            "roe": 0.58,
            "roe_4q": 10.18,
            "gross_profit": 56317,
            "gross_margin": 16.56,
            "gross_margin_4q_avg": 20.81,
            "net_income": 5704,
            "net_income_4q": null,
            "revenue": 339980,
            "revenue_4q": null,
            "common_shares": 601391,
            "book_valuer_per_share": 16.75,
            "book_valuer_per_share_4q_avg": 16.33,
            "equity": 979985,
            "current_ratio": 225.18,
            "debt_ratio": 29.39,
            "inventory_turnover_ratio": 1.56,
            "account_receivable_turnover_ratio": 0.84,
            "reinvestment_rate": null,
            "research_to_sale_ratio": 4.98,
            "price_fair": 22.3,
            "eps_avg_yearly": 1.65,
            "eps_latest_yearly": 0.4,
            "eps_growth_yearly": 3.51
        },
        "20122": {
            "year_quarter": 20122,
            "year": 2012,
            "quarter": 2,
            "eps": 0.51,
            "eps_growth_year": 16.6,
            "eps_4q": 1.73,
            "eps_4q_growth_year": 4.54,
            "roe": 3.12,
            "roe_4q": 10.56,
            "gross_profit": 83428,
            "gross_margin": 20.05,
            "gross_margin_4q_avg": 21.04,
            "net_income": 29989,
            "net_income_4q": null,
            "revenue": 416080,
            "revenue_4q": null,
            "common_shares": 601391,
            "book_valuer_per_share": 16.08,
            "book_valuer_per_share_4q_avg": 16.45,
            "equity": 940640,
            "current_ratio": 182.61,
            "debt_ratio": 37.69,
            "inventory_turnover_ratio": 1.9,
            "account_receivable_turnover_ratio": 0.96,
            "reinvestment_rate": null,
            "research_to_sale_ratio": 3.99,
            "price_fair": 59.27,
            "eps_avg_yearly": 1.69,
            "eps_latest_yearly": 2.04,
            "eps_growth_yearly": 185.34
        },
        "20123": {
            "year_quarter": 20123,
            "year": 2012,
            "quarter": 3,
            "eps": 0.81,
            "eps_growth_year": 37.12,
            "eps_4q": 1.94,
            "eps_4q_growth_year": 3.66,
            "roe": 4.96,
            "roe_4q": 11.83,
            "gross_profit": 117030,
            "gross_margin": 27.79,
            "gross_margin_4q_avg": 22.56,
            "net_income": 47884,
            "net_income_4q": null,
            "revenue": 421078,
            "revenue_4q": null,
            "common_shares": 601391,
            "book_valuer_per_share": 16.84,
            "book_valuer_per_share_4q_avg": 16.61,
            "equity": 989549,
            "current_ratio": 198.51,
            "debt_ratio": 34.71,
            "inventory_turnover_ratio": 1.89,
            "account_receivable_turnover_ratio": 0.81,
            "reinvestment_rate": null,
            "research_to_sale_ratio": 4.72,
            "price_fair": 64.68,
            "eps_avg_yearly": 1.85,
            "eps_latest_yearly": 3.24,
            "eps_growth_yearly": 190.34
        },
        "20124": {
            "year_quarter": 20124,
            "year": 2012,
            "quarter": 4,
            "eps": 0.52,
            "eps_growth_year": -0.6,
            "eps_4q": 1.94,
            "eps_4q_growth_year": 0.81,
            "roe": 3.04,
            "roe_4q": 11.700000000000001,
            "gross_profit": 79603,
            "gross_margin": 24.8,
            "gross_margin_4q_avg": 22.3,
            "net_income": 30516,
            "net_income_4q": null,
            "revenue": 321036,
            "revenue_4q": null,
            "common_shares": 604041,
            "book_valuer_per_share": 17.35,
            "book_valuer_per_share_4q_avg": 16.76,
            "equity": 1020022,
            "current_ratio": 244.09,
            "debt_ratio": 27.37,
            "inventory_turnover_ratio": 1.69,
            "account_receivable_turnover_ratio": 0.73,
            "reinvestment_rate": null,
            "research_to_sale_ratio": 5.3,
            "price_fair": 65.42,
            "eps_avg_yearly": 1.87,
            "eps_latest_yearly": 2.08,
            "eps_growth_yearly": 160.02
        },
        "20131": {
            "year_quarter": 20131,
            "year": 2013,
            "quarter": 1,
            "eps": 0.25,
            "eps_growth_year": 150,
            "eps_4q": 2.09,
            "eps_4q_growth_year": 25.59,
            "roe": 1.43,
            "roe_4q": 12.55,
            "gross_profit": 59490,
            "gross_margin": 25.56,
            "gross_margin_4q_avg": 24.55,
            "net_income": 14734,
            "net_income_4q": null,
            "revenue": 232782,
            "revenue_4q": null,
            "common_shares": 604041,
            "book_valuer_per_share": 17.57,
            "book_valuer_per_share_4q_avg": 16.96,
            "equity": 1034880,
            "current_ratio": 288.65,
            "debt_ratio": 22.82,
            "inventory_turnover_ratio": 1.26,
            "account_receivable_turnover_ratio": 0.86,
            "reinvestment_rate": null,
            "research_to_sale_ratio": 8.29,
            "price_fair": 62.88,
            "eps_avg_yearly": 1.8,
            "eps_latest_yearly": 1,
            "eps_growth_yearly": 129.37
        },
        "20132": {
            "year_quarter": 20132,
            "year": 2013,
            "quarter": 2,
            "eps": 0.21,
            "eps_growth_year": -59.03,
            "eps_4q": 1.79,
            "eps_4q_growth_year": 3.72,
            "roe": 1.23,
            "roe_4q": 10.66,
            "gross_profit": 66133,
            "gross_margin": 25.61,
            "gross_margin_4q_avg": 25.94,
            "net_income": 12322,
            "net_income_4q": null,
            "revenue": 258184,
            "revenue_4q": null,
            "common_shares": 605291,
            "book_valuer_per_share": 16.52,
            "book_valuer_per_share_4q_avg": 17.07,
            "equity": 973544,
            "current_ratio": 356.68,
            "debt_ratio": 42.87,
            "inventory_turnover_ratio": 1.37,
            "account_receivable_turnover_ratio": 1.11,
            "reinvestment_rate": -2,
            "research_to_sale_ratio": 7.27,
            "price_fair": 60.31,
            "eps_avg_yearly": 1.72,
            "eps_latest_yearly": 0.84,
            "eps_growth_yearly": 114.5
        },
        "20133": {
            "year_quarter": 20133,
            "year": 2013,
            "quarter": 3,
            "eps": 0.55,
            "eps_growth_year": -32.47,
            "eps_4q": 1.52,
            "eps_4q_growth_year": -21.76,
            "roe": 3.28,
            "roe_4q": 8.98,
            "gross_profit": 94295,
            "gross_margin": 30.47,
            "gross_margin_4q_avg": 26.61,
            "net_income": 32643,
            "net_income_4q": null,
            "revenue": 309487,
            "revenue_4q": null,
            "common_shares": 610729,
            "book_valuer_per_share": 17.07,
            "book_valuer_per_share_4q_avg": 17.13,
            "equity": 1015222,
            "current_ratio": 439.75,
            "debt_ratio": 38.69,
            "inventory_turnover_ratio": 1.69,
            "account_receivable_turnover_ratio": 1.23,
            "reinvestment_rate": 40.13,
            "research_to_sale_ratio": 6.48,
            "price_fair": 61.5,
            "eps_avg_yearly": 1.76,
            "eps_latest_yearly": 2.2,
            "eps_growth_yearly": 152.58
        },
        "20134": {
            "year_quarter": 20134,
            "year": 2013,
            "quarter": 4,
            "eps": 0.3,
            "eps_growth_year": -42.87,
            "eps_4q": 1.27,
            "eps_4q_growth_year": -34.59,
            "roe": 1.73,
            "roe_4q": 7.67,
            "gross_profit": 67191,
            "gross_margin": 24.35,
            "gross_margin_4q_avg": 26.5,
            "net_income": 18144,
            "net_income_4q": null,
            "revenue": 275910,
            "revenue_4q": null,
            "common_shares": 630062,
            "book_valuer_per_share": 17.73,
            "book_valuer_per_share_4q_avg": 17.22,
            "equity": 1088232,
            "current_ratio": 530.39,
            "debt_ratio": 33.53,
            "inventory_turnover_ratio": 1.68,
            "account_receivable_turnover_ratio": 1,
            "reinvestment_rate": -33.88,
            "research_to_sale_ratio": 7.4,
            "price_fair": 61.4,
            "eps_avg_yearly": 1.75,
            "eps_latest_yearly": 1.2,
            "eps_growth_yearly": 116.06
        },
        "20141": {
            "year_quarter": 20141,
            "year": 2014,
            "quarter": 1,
            "eps": 0.17,
            "eps_growth_year": -32,
            "eps_4q": 1.07,
            "eps_4q_growth_year": -48.75,
            "roe": 0.86,
            "roe_4q": 7.1,
            "gross_profit": 55969,
            "gross_margin": 25.54,
            "gross_margin_4q_avg": 26.49,
            "net_income": 10078,
            "net_income_4q": null,
            "revenue": 219172,
            "revenue_4q": null,
            "common_shares": 701421,
            "book_valuer_per_share": 18.39,
            "book_valuer_per_share_4q_avg": 17.43,
            "equity": 1260070,
            "current_ratio": 480.99,
            "debt_ratio": 25.13,
            "inventory_turnover_ratio": 1.12,
            "account_receivable_turnover_ratio": 0.8,
            "reinvestment_rate": 41.9,
            "research_to_sale_ratio": 9.46,
            "price_fair": 58.89,
            "eps_avg_yearly": 1.68,
            "eps_latest_yearly": 0.68,
            "eps_growth_yearly": 96.77
        },
        "20142": {
            "year_quarter": 20142,
            "year": 2014,
            "quarter": 2,
            "eps": 0.09,
            "eps_growth_year": -57.14,
            "eps_4q": 0.9,
            "eps_4q_growth_year": -49.55,
            "roe": 0.51,
            "roe_4q": 6.38,
            "gross_profit": 64297,
            "gross_margin": 21.1,
            "gross_margin_4q_avg": 25.37,
            "net_income": 6605,
            "net_income_4q": null,
            "revenue": 304684,
            "revenue_4q": null,
            "common_shares": 766903,
            "book_valuer_per_share": 17.51,
            "book_valuer_per_share_4q_avg": 17.68,
            "equity": 1314376,
            "current_ratio": 340.74,
            "debt_ratio": 22.38,
            "inventory_turnover_ratio": 1.53,
            "account_receivable_turnover_ratio": 1.04,
            "reinvestment_rate": -45.23,
            "research_to_sale_ratio": 7.07,
            "price_fair": 56,
            "eps_avg_yearly": 1.6,
            "eps_latest_yearly": 0.36,
            "eps_growth_yearly": 78.96
        },
        "20143": {
            "year_quarter": 20143,
            "year": 2014,
            "quarter": 3,
            "eps": -0.16,
            "eps_growth_year": -129.09,
            "eps_4q": 0.31,
            "eps_4q_growth_year": -79.72,
            "roe": -0.9,
            "roe_4q": 2.2,
            "gross_profit": 33878,
            "gross_margin": 17.37,
            "gross_margin_4q_avg": 22.09,
            "net_income": -11891,
            "net_income_4q": null,
            "revenue": 195009,
            "revenue_4q": null,
            "common_shares": 774849,
            "book_valuer_per_share": 18,
            "book_valuer_per_share_4q_avg": 17.91,
            "equity": 1338068,
            "current_ratio": 487.43,
            "debt_ratio": 14.42,
            "inventory_turnover_ratio": 1,
            "account_receivable_turnover_ratio": 0.69,
            "reinvestment_rate": -69.65,
            "research_to_sale_ratio": 10.55,
            "price_fair": 55.53,
            "eps_avg_yearly": 1.59,
            "eps_latest_yearly": 0.36,
            "eps_growth_yearly": 90.2
        },
        "20144": {
            "year_quarter": 20144,
            "year": 2014,
            "quarter": 4,
            "eps": -0.22,
            "eps_growth_year": -175.04,
            "eps_4q": -0.15,
            "eps_4q_growth_year": -112.19,
            "roe": -1.28,
            "roe_4q": -0.8100000000000002,
            "gross_profit": 40640,
            "gross_margin": 16.13,
            "gross_margin_4q_avg": 20.04,
            "net_income": -17068,
            "net_income_4q": null,
            "revenue": 251943,
            "revenue_4q": null,
            "common_shares": 759097,
            "book_valuer_per_share": 17.55,
            "book_valuer_per_share_4q_avg": 17.86,
            "equity": 1336129,
            "current_ratio": 300.07,
            "debt_ratio": 23.53,
            "inventory_turnover_ratio": 1.23,
            "account_receivable_turnover_ratio": 0.96,
            "reinvestment_rate": -44.23,
            "research_to_sale_ratio": 7.67,
            "price_fair": 54.3,
            "eps_avg_yearly": 1.55,
            "eps_latest_yearly": 0.36,
            "eps_growth_yearly": 92.2
        },
        "20151": {
            "year_quarter": 20151,
            "year": 2015,
            "quarter": 1,
            "eps": -0.07,
            "eps_growth_year": -141.18,
            "eps_4q": -0.36,
            "eps_4q_growth_year": -133.9,
            "roe": -0.42,
            "roe_4q": -2.09,
            "gross_profit": 46686,
            "gross_margin": 22.23,
            "gross_margin_4q_avg": 19.21,
            "net_income": -5584,
            "net_income_4q": null,
            "revenue": 209970,
            "revenue_4q": null,
            "common_shares": 760055,
            "book_valuer_per_share": 17.43,
            "book_valuer_per_share_4q_avg": 17.62,
            "equity": 1328598,
            "current_ratio": 299.11,
            "debt_ratio": 23.36,
            "inventory_turnover_ratio": 0.93,
            "account_receivable_turnover_ratio": 0.75,
            "reinvestment_rate": -56.71,
            "research_to_sale_ratio": 7.33,
            "price_fair": 54.49,
            "eps_avg_yearly": 1.56,
            "eps_latest_yearly": 0.36,
            "eps_growth_yearly": 108.16
        },
        "20152": {
            "year_quarter": 20152,
            "year": 2015,
            "quarter": 2,
            "eps": -0.03,
            "eps_growth_year": -133.33,
            "eps_4q": -0.47,
            "eps_4q_growth_year": -152.55,
            "roe": -0.01,
            "roe_4q": -2.61,
            "gross_profit": 52242,
            "gross_margin": 18.63,
            "gross_margin_4q_avg": 18.59,
            "net_income": -155,
            "net_income_4q": null,
            "revenue": 280374,
            "revenue_4q": null,
            "common_shares": 765809,
            "book_valuer_per_share": 16.79,
            "book_valuer_per_share_4q_avg": 17.44,
            "equity": 1291839,
            "current_ratio": 263.55,
            "debt_ratio": 26.73,
            "inventory_turnover_ratio": 1.25,
            "account_receivable_turnover_ratio": 0.9,
            "reinvestment_rate": -64.67,
            "research_to_sale_ratio": 4.51,
            "price_fair": 53.9,
            "eps_avg_yearly": 1.54,
            "eps_latest_yearly": 0.36,
            "eps_growth_yearly": 110.87
        },
        "20153": {
            "year_quarter": 20153,
            "year": 2015,
            "quarter": 3,
            "eps": 0.23,
            "eps_growth_year": null,
            "eps_4q": -0.09,
            "eps_4q_growth_year": -129.82,
            "roe": 1.4,
            "roe_4q": -0.31000000000000005,
            "gross_profit": 34897,
            "gross_margin": 12.8,
            "gross_margin_4q_avg": 17.45,
            "net_income": 18337,
            "net_income_4q": null,
            "revenue": 272737,
            "revenue_4q": null,
            "common_shares": 765991,
            "book_valuer_per_share": 17.18,
            "book_valuer_per_share_4q_avg": 17.24,
            "equity": 1322665,
            "current_ratio": 277.96,
            "debt_ratio": 24.73,
            "inventory_turnover_ratio": 1.33,
            "account_receivable_turnover_ratio": 0.75,
            "reinvestment_rate": -78.76,
            "research_to_sale_ratio": 4.68,
            "price_fair": 51.29,
            "eps_avg_yearly": 1.47,
            "eps_latest_yearly": 0.36,
            "eps_growth_yearly": 108.55
        },
        "20154": {
            "year_quarter": 20154,
            "year": 2015,
            "quarter": 4,
            "eps": -0.75,
            "eps_growth_year": null,
            "eps_4q": -0.62,
            "eps_4q_growth_year": null,
            "roe": -4.37,
            "roe_4q": -3.4,
            "gross_profit": 14265,
            "gross_margin": 5.54,
            "gross_margin_4q_avg": 14.8,
            "net_income": -56383,
            "net_income_4q": null,
            "revenue": 257427,
            "revenue_4q": null,
            "common_shares": 765991,
            "book_valuer_per_share": 16.32,
            "book_valuer_per_share_4q_avg": 16.93,
            "equity": 1258333,
            "current_ratio": 263.34,
            "debt_ratio": 24.89,
            "inventory_turnover_ratio": 1.33,
            "account_receivable_turnover_ratio": 0.69,
            "reinvestment_rate": -120.04,
            "research_to_sale_ratio": 4.92,
            "price_fair": 49.14,
            "eps_avg_yearly": 1.4,
            "eps_latest_yearly": 0.36,
            "eps_growth_yearly": 124.15
        },
        "20161": {
            "year_quarter": 20161,
            "year": 2016,
            "quarter": 1,
            "eps": 1.53,
            "eps_growth_year": null,
            "eps_4q": 0.98,
            "eps_4q_growth_year": null,
            "roe": 8.98,
            "roe_4q": 6,
            "gross_profit": 36263,
            "gross_margin": 10.56,
            "gross_margin_4q_avg": 11.88,
            "net_income": 117963,
            "net_income_4q": null,
            "revenue": 343247,
            "revenue_4q": null,
            "common_shares": 765991,
            "book_valuer_per_share": 17.74,
            "book_valuer_per_share_4q_avg": 17.01,
            "equity": 1367713,
            "current_ratio": 309.2,
            "debt_ratio": 22.03,
            "inventory_turnover_ratio": 1.54,
            "account_receivable_turnover_ratio": 0.84,
            "reinvestment_rate": -52.54,
            "research_to_sale_ratio": 3.49,
            "price_fair": 53.04,
            "eps_avg_yearly": 1.52,
            "eps_latest_yearly": 0.36,
            "eps_growth_yearly": 173.85
        },
        "20162": {
            "year_quarter": 20162,
            "year": 2016,
            "quarter": 2,
            "eps": 0.01,
            "eps_growth_year": null,
            "eps_4q": 1,
            "eps_4q_growth_year": null,
            "roe": 0.11,
            "roe_4q": 6.119999999999999,
            "gross_profit": 62881,
            "gross_margin": 16.43,
            "gross_margin_4q_avg": 11.33,
            "net_income": 1483,
            "net_income_4q": null,
            "revenue": 382801,
            "revenue_4q": null,
            "common_shares": 775991,
            "book_valuer_per_share": 17.48,
            "book_valuer_per_share_4q_avg": 17.18,
            "equity": 1356531,
            "current_ratio": 313.98,
            "debt_ratio": 21.31,
            "inventory_turnover_ratio": 1.68,
            "account_receivable_turnover_ratio": 0.81,
            "reinvestment_rate": -54.77,
            "research_to_sale_ratio": 4.03,
            "price_fair": 3.88,
            "eps_avg_yearly": 1.29,
            "eps_latest_yearly": 0.04,
            "eps_growth_yearly": -52.53
        },
        "20163": {
            "year_quarter": 20163,
            "year": 2016,
            "quarter": 3,
            "eps": 0.34,
            "eps_growth_year": 47.83,
            "eps_4q": 1.1,
            "eps_4q_growth_year": null,
            "roe": 1.9,
            "roe_4q": 6.62,
            "gross_profit": 76031,
            "gross_margin": 20.81,
            "gross_margin_4q_avg": 13.34,
            "net_income": 25946,
            "net_income_4q": null,
            "revenue": 365379,
            "revenue_4q": null,
            "common_shares": 775341,
            "book_valuer_per_share": 17.72,
            "book_valuer_per_share_4q_avg": 17.32,
            "equity": 1373901,
            "current_ratio": 345.71,
            "debt_ratio": 19.22,
            "inventory_turnover_ratio": 1.66,
            "account_receivable_turnover_ratio": 0.73,
            "reinvestment_rate": -72.5,
            "research_to_sale_ratio": 3.65,
            "price_fair": 37.96,
            "eps_avg_yearly": 1.08,
            "eps_latest_yearly": 1.36,
            "eps_growth_yearly": 1387.99
        },
        "20164": {
            "year_quarter": 20164,
            "year": 2016,
            "quarter": 4,
            "eps": 0.41,
            "eps_growth_year": null,
            "eps_4q": 2.38,
            "eps_4q_growth_year": null,
            "roe": 2.27,
            "roe_4q": 13.260000000000002,
            "gross_profit": 88234,
            "gross_margin": 20.86,
            "gross_margin_4q_avg": 17.17,
            "net_income": 30094,
            "net_income_4q": null,
            "revenue": 422970,
            "revenue_4q": null,
            "common_shares": 774941,
            "book_valuer_per_share": 17.56,
            "book_valuer_per_share_4q_avg": 17.63,
            "equity": 1278361,
            "current_ratio": 259.37,
            "debt_ratio": 24.11,
            "inventory_turnover_ratio": 1.95,
            "account_receivable_turnover_ratio": 0.81,
            "reinvestment_rate": -28.59,
            "research_to_sale_ratio": 4.28,
            "price_fair": 36.24,
            "eps_avg_yearly": 1.04,
            "eps_latest_yearly": 1.64,
            "eps_growth_yearly": 1413.06
        },
        "20171": {
            "year_quarter": 20171,
            "year": 2017,
            "quarter": 1,
            "eps": 0.5,
            "eps_growth_year": -67.32,
            "eps_4q": 1.27,
            "eps_4q_growth_year": 30.36,
            "roe": 2.79,
            "roe_4q": 7.070000000000001,
            "gross_profit": 74942,
            "gross_margin": 19.85,
            "gross_margin_4q_avg": 19.49,
            "net_income": 35755,
            "net_income_4q": null,
            "revenue": 377457,
            "revenue_4q": null,
            "common_shares": 774941,
            "book_valuer_per_share": 17.78,
            "book_valuer_per_share_4q_avg": 17.64,
            "equity": 1288843,
            "current_ratio": 247.19,
            "debt_ratio": 24.81,
            "inventory_turnover_ratio": 1.76,
            "account_receivable_turnover_ratio": 0.75,
            "reinvestment_rate": 104.01,
            "research_to_sale_ratio": 3.97,
            "price_fair": 40.13,
            "eps_avg_yearly": 1.15,
            "eps_latest_yearly": 2,
            "eps_growth_yearly": 1445.89
        },
        "20172": {
            "year_quarter": 20172,
            "year": 2017,
            "quarter": 2,
            "eps": 0.31,
            "eps_growth_year": 3000,
            "eps_4q": 1.57,
            "eps_4q_growth_year": 58.1,
            "roe": 1.73,
            "roe_4q": 8.69,
            "gross_profit": 95514,
            "gross_margin": 22.38,
            "gross_margin_4q_avg": 20.98,
            "net_income": 22213,
            "net_income_4q": null,
            "revenue": 426845,
            "revenue_4q": null,
            "common_shares": 774741,
            "book_valuer_per_share": 17.7,
            "book_valuer_per_share_4q_avg": 17.69,
            "equity": 1283092,
            "current_ratio": 237.49,
            "debt_ratio": 25.94,
            "inventory_turnover_ratio": 2.12,
            "account_receivable_turnover_ratio": 0.92,
            "reinvestment_rate": 100.86,
            "research_to_sale_ratio": 3.76,
            "price_fair": 41.69,
            "eps_avg_yearly": 1.19,
            "eps_latest_yearly": 1.24,
            "eps_growth_yearly": 1436.11
        },
        "20173": {
            "year_quarter": 20173,
            "year": 2017,
            "quarter": 3,
            "eps": 0.31,
            "eps_growth_year": -8.82,
            "eps_4q": 1.49,
            "eps_4q_growth_year": 35.18,
            "roe": 1.69,
            "roe_4q": 8.48,
            "gross_profit": 107317,
            "gross_margin": 29.73,
            "gross_margin_4q_avg": 23.21,
            "net_income": 22308,
            "net_income_4q": null,
            "revenue": 360954,
            "revenue_4q": null,
            "common_shares": 774741,
            "book_valuer_per_share": 18.43,
            "book_valuer_per_share_4q_avg": 17.87,
            "equity": 1362148,
            "current_ratio": 278.02,
            "debt_ratio": 21.96,
            "inventory_turnover_ratio": 1.55,
            "account_receivable_turnover_ratio": 0.86,
            "reinvestment_rate": 101.88,
            "research_to_sale_ratio": 5.67,
            "price_fair": 37.96,
            "eps_avg_yearly": 1.08,
            "eps_latest_yearly": 1.24,
            "eps_growth_yearly": 1364.15
        },
        "20174": {
            "year_quarter": 20174,
            "year": 2017,
            "quarter": 4,
            "eps": -0.31,
            "eps_growth_year": -175.76,
            "eps_4q": 0.83,
            "eps_4q_growth_year": -65.09,
            "roe": -1.7,
            "roe_4q": 4.51,
            "gross_profit": 53622,
            "gross_margin": 17.37,
            "gross_margin_4q_avg": 22.33,
            "net_income": -21968,
            "net_income_4q": null,
            "revenue": 308726,
            "revenue_4q": null,
            "common_shares": 774741,
            "book_valuer_per_share": 17.4,
            "book_valuer_per_share_4q_avg": 17.83,
            "equity": 1220672,
            "current_ratio": 235.62,
            "debt_ratio": 25.31,
            "inventory_turnover_ratio": 1.32,
            "account_receivable_turnover_ratio": 0.8,
            "reinvestment_rate": 148.46,
            "research_to_sale_ratio": 5.46,
            "price_fair": 37.45,
            "eps_avg_yearly": 1.07,
            "eps_latest_yearly": 1.24,
            "eps_growth_yearly": 1557.4
        },
        "20181": {
            "year_quarter": 20181,
            "year": 2018,
            "quarter": 1,
            "eps": 0.23,
            "eps_growth_year": -54,
            "eps_4q": 0.55,
            "eps_4q_growth_year": -56.8,
            "roe": 1.29,
            "roe_4q": 3.01,
            "gross_profit": 67155,
            "gross_margin": 18.05,
            "gross_margin_4q_avg": 21.88,
            "net_income": 15905,
            "net_income_4q": null,
            "revenue": 372038,
            "revenue_4q": null,
            "common_shares": 774741,
            "book_valuer_per_share": 17.7,
            "book_valuer_per_share_4q_avg": 17.81,
            "equity": 1238363,
            "current_ratio": 231.15,
            "debt_ratio": 25.79,
            "inventory_turnover_ratio": 1.62,
            "account_receivable_turnover_ratio": 0.94,
            "reinvestment_rate": 132.72,
            "research_to_sale_ratio": 4.49,
            "price_fair": 39.4,
            "eps_avg_yearly": 1.13,
            "eps_latest_yearly": 1.24,
            "eps_growth_yearly": 1804.65
        },
        "20182": {
            "year_quarter": 20182,
            "year": 2018,
            "quarter": 2,
            "eps": 0.37,
            "eps_growth_year": 19.35,
            "eps_4q": 0.6,
            "eps_4q_growth_year": -61.74,
            "roe": 2.13,
            "roe_4q": 3.41,
            "gross_profit": 51324,
            "gross_margin": 15.71,
            "gross_margin_4q_avg": 20.22,
            "net_income": 25843,
            "net_income_4q": null,
            "revenue": 326610,
            "revenue_4q": null,
            "common_shares": 774741,
            "book_valuer_per_share": 17.03,
            "book_valuer_per_share_4q_avg": 17.64,
            "equity": 1190572,
            "current_ratio": 219.79,
            "debt_ratio": 27.51,
            "inventory_turnover_ratio": 1.6,
            "account_receivable_turnover_ratio": 0.82,
            "reinvestment_rate": 107.18,
            "research_to_sale_ratio": 4.88,
            "price_fair": 45,
            "eps_avg_yearly": 1.29,
            "eps_latest_yearly": 1.48,
            "eps_growth_yearly": 1866.32
        },
        "20183": {
            "year_quarter": 20183,
            "year": 2018,
            "quarter": 3,
            "eps": 0.62,
            "eps_growth_year": 100,
            "eps_4q": 0.9,
            "eps_4q_growth_year": -39.6,
            "roe": 3.55,
            "roe_4q": 5.27,
            "gross_profit": 81405,
            "gross_margin": 20.03,
            "gross_margin_4q_avg": 17.79,
            "net_income": 43276,
            "net_income_4q": null,
            "revenue": 406467,
            "revenue_4q": null,
            "common_shares": 774741,
            "book_valuer_per_share": 17.85,
            "book_valuer_per_share_4q_avg": 17.5,
            "equity": 1248263,
            "current_ratio": 346.07,
            "debt_ratio": 37.66,
            "inventory_turnover_ratio": 2.09,
            "account_receivable_turnover_ratio": 1.02,
            "reinvestment_rate": 104.48,
            "research_to_sale_ratio": 4.09,
            "price_fair": 50.23,
            "eps_avg_yearly": 1.44,
            "eps_latest_yearly": 2.48,
            "eps_growth_yearly": 1666.82
        },
        "20184": {
            "year_quarter": 20184,
            "year": 2018,
            "quarter": 4,
            "eps": 1.24,
            "eps_growth_year": null,
            "eps_4q": 2.46,
            "eps_4q_growth_year": 196.02,
            "roe": 6.73,
            "roe_4q": 13.7,
            "gross_profit": 165106,
            "gross_margin": 34.18,
            "gross_margin_4q_avg": 21.99,
            "net_income": 87006,
            "net_income_4q": null,
            "revenue": 483108,
            "revenue_4q": null,
            "common_shares": 774741,
            "book_valuer_per_share": 19.15,
            "book_valuer_per_share_4q_avg": 17.93,
            "equity": 1339078,
            "current_ratio": 376.21,
            "debt_ratio": 35.75,
            "inventory_turnover_ratio": 1.78,
            "account_receivable_turnover_ratio": 1.02,
            "reinvestment_rate": 48.93,
            "research_to_sale_ratio": 3.69,
            "price_fair": 63.93,
            "eps_avg_yearly": 1.83,
            "eps_latest_yearly": 4.96,
            "eps_growth_yearly": 1526.06
        },
        "20191": {
            "year_quarter": 20191,
            "year": 2019,
            "quarter": 1,
            "eps": 1.42,
            "eps_growth_year": 517.39,
            "eps_4q": 3.15,
            "eps_4q_growth_year": 474,
            "roe": 6.83,
            "roe_4q": 19.24,
            "gross_profit": 107433,
            "gross_margin": 25.54,
            "gross_margin_4q_avg": 23.87,
            "net_income": 107754,
            "net_income_4q": null,
            "revenue": 420663,
            "revenue_4q": null,
            "common_shares": 876421,
            "book_valuer_per_share": 21.74,
            "book_valuer_per_share_4q_avg": 18.94,
            "equity": 1818204,
            "current_ratio": 447.32,
            "debt_ratio": 23.33,
            "inventory_turnover_ratio": 1.44,
            "account_receivable_turnover_ratio": 0.88,
            "reinvestment_rate": 50.26,
            "research_to_sale_ratio": 5.53,
            "price_fair": 77.42,
            "eps_avg_yearly": 2.21,
            "eps_latest_yearly": 5.68,
            "eps_growth_yearly": 1379.26
        },
        "20192": {
            "year_quarter": 20192,
            "year": 2019,
            "quarter": 2,
            "eps": 0.53,
            "eps_growth_year": 43.24,
            "eps_4q": 3.33,
            "eps_4q_growth_year": 453.59,
            "roe": 2.47,
            "roe_4q": 19.580000000000002,
            "gross_profit": 99643,
            "gross_margin": 21.44,
            "gross_margin_4q_avg": 25.3,
            "net_income": 44356,
            "net_income_4q": null,
            "revenue": 464781,
            "revenue_4q": null,
            "common_shares": 887503,
            "book_valuer_per_share": 20.84,
            "book_valuer_per_share_4q_avg": 19.9,
            "equity": 1766449,
            "current_ratio": 311.02,
            "debt_ratio": 27.58,
            "inventory_turnover_ratio": 1.73,
            "account_receivable_turnover_ratio": 1.06,
            "reinvestment_rate": 53.01,
            "research_to_sale_ratio": 4.3,
            "price_fair": 77.13,
            "eps_avg_yearly": 2.2,
            "eps_latest_yearly": 2.12,
            "eps_growth_yearly": 1231.08
        },
        "20193": {
            "year_quarter": 20193,
            "year": 2019,
            "quarter": 3,
            "eps": -0.4,
            "eps_growth_year": -164.52,
            "eps_4q": 2.37,
            "eps_4q_growth_year": 162.94,
            "roe": -1.94,
            "roe_4q": 14.09,
            "gross_profit": 72400,
            "gross_margin": 20.19,
            "gross_margin_4q_avg": 25.34,
            "net_income": -34095,
            "net_income_4q": null,
            "revenue": 358532,
            "revenue_4q": null,
            "common_shares": 904684,
            "book_valuer_per_share": 20.28,
            "book_valuer_per_share_4q_avg": 20.5,
            "equity": 1753369,
            "current_ratio": 408.78,
            "debt_ratio": 20.18,
            "inventory_turnover_ratio": 1.54,
            "account_receivable_turnover_ratio": 0.88,
            "reinvestment_rate": 49.65,
            "research_to_sale_ratio": 5.45,
            "price_fair": 77.13,
            "eps_avg_yearly": 2.2,
            "eps_latest_yearly": 2.12,
            "eps_growth_yearly": 1231.08
        },
        "20194": {
            "year_quarter": 20194,
            "year": 2019,
            "quarter": 4,
            "eps": -0.28,
            "eps_growth_year": -122.12,
            "eps_4q": 1.09,
            "eps_4q_growth_year": -55.79,
            "roe": -1.38,
            "roe_4q": 5.98,
            "gross_profit": 59644,
            "gross_margin": 16.08,
            "gross_margin_4q_avg": 20.81,
            "net_income": -23835,
            "net_income_4q": null,
            "revenue": 370936,
            "revenue_4q": null,
            "common_shares": 905958,
            "book_valuer_per_share": 19.57,
            "book_valuer_per_share_4q_avg": 20.61,
            "equity": 1694270,
            "current_ratio": 300.4,
            "debt_ratio": 22.82,
            "inventory_turnover_ratio": 1.71,
            "account_receivable_turnover_ratio": 0.95,
            "reinvestment_rate": 41.52,
            "research_to_sale_ratio": 5.03,
            "price_fair": 77.13,
            "eps_avg_yearly": 2.2,
            "eps_latest_yearly": 2.12,
            "eps_growth_yearly": 1231.08
        },
        "20201": {
            "year_quarter": 20201,
            "year": 2020,
            "quarter": 1,
            "eps": -0.98,
            "eps_growth_year": -169.01,
            "eps_4q": -1.14,
            "eps_4q_growth_year": -136.05,
            "roe": -5.33,
            "roe_4q": -6.18,
            "gross_profit": 31954,
            "gross_margin": 10.64,
            "gross_margin_4q_avg": 17.09,
            "net_income": -84905,
            "net_income_4q": null,
            "revenue": 300195,
            "revenue_4q": null,
            "common_shares": 905958,
            "book_valuer_per_share": 17.25,
            "book_valuer_per_share_4q_avg": 19.49,
            "equity": 1493414,
            "current_ratio": 260.42,
            "debt_ratio": 26.02,
            "inventory_turnover_ratio": 1.47,
            "account_receivable_turnover_ratio": 0.75,
            "reinvestment_rate": 62.7,
            "research_to_sale_ratio": 6.08,
            "price_fair": 77.13,
            "eps_avg_yearly": 2.2,
            "eps_latest_yearly": 2.12,
            "eps_growth_yearly": 1231.08
        },
        "20202": {
            "year_quarter": 20202,
            "year": 2020,
            "quarter": 2,
            "eps": 1.93,
            "eps_growth_year": 264.15,
            "eps_4q": 0.28,
            "eps_4q_growth_year": -91.67,
            "roe": 10.66,
            "roe_4q": 2.0100000000000002,
            "gross_profit": 116799,
            "gross_margin": 23.51,
            "gross_margin_4q_avg": 17.61,
            "net_income": 166881,
            "net_income_4q": null,
            "revenue": 496803,
            "revenue_4q": null,
            "common_shares": 905958,
            "book_valuer_per_share": 18.9,
            "book_valuer_per_share_4q_avg": 19,
            "equity": 1636790,
            "current_ratio": 253.73,
            "debt_ratio": 27.93,
            "inventory_turnover_ratio": 1.94,
            "account_receivable_turnover_ratio": 1.15,
            "reinvestment_rate": 33.11,
            "research_to_sale_ratio": 4.8,
            "price_fair": 84.7,
            "eps_avg_yearly": 2.42,
            "eps_latest_yearly": 2.12,
            "eps_growth_yearly": 1393.93
        },
        "20203": {
            "year_quarter": 20203,
            "year": 2020,
            "quarter": 3,
            "eps": 0.54,
            "eps_growth_year": null,
            "eps_4q": 1.21,
            "eps_4q_growth_year": -49.04,
            "roe": 2.79,
            "roe_4q": 6.739999999999999,
            "gross_profit": 63590,
            "gross_margin": 15.49,
            "gross_margin_4q_avg": 16.43,
            "net_income": 46660,
            "net_income_4q": null,
            "revenue": 410473,
            "revenue_4q": null,
            "common_shares": 907432,
            "book_valuer_per_share": 19.63,
            "book_valuer_per_share_4q_avg": 18.84,
            "equity": 1702503,
            "current_ratio": 314.84,
            "debt_ratio": 23.22,
            "inventory_turnover_ratio": 1.59,
            "account_receivable_turnover_ratio": 0.9,
            "reinvestment_rate": 27.93,
            "research_to_sale_ratio": 5.27,
            "price_fair": 87.5,
            "eps_avg_yearly": 2.5,
            "eps_latest_yearly": 2.16,
            "eps_growth_yearly": 45.12
        },
        "20204": {
            "year_quarter": 20204,
            "year": 2020,
            "quarter": 4,
            "eps": -0.39,
            "eps_growth_year": null,
            "eps_4q": 1.09,
            "eps_4q_growth_year": 0.15,
            "roe": -2.01,
            "roe_4q": 6.110000000000001,
            "gross_profit": 72485,
            "gross_margin": 17.81,
            "gross_margin_4q_avg": 16.86,
            "net_income": -33792,
            "net_income_4q": null,
            "revenue": 407008,
            "revenue_4q": null,
            "common_shares": 910739,
            "book_valuer_per_share": 19.01,
            "book_valuer_per_share_4q_avg": 18.7,
            "equity": 1655427,
            "current_ratio": 303.84,
            "debt_ratio": 24.5,
            "inventory_turnover_ratio": 1.4,
            "account_receivable_turnover_ratio": 1,
            "reinvestment_rate": 9.16,
            "research_to_sale_ratio": 6.16,
            "price_fair": 90.84,
            "eps_avg_yearly": 2.6,
            "eps_latest_yearly": 2.16,
            "eps_growth_yearly": 40.98
        },
        "20211": {
            "year_quarter": 20211,
            "year": 2021,
            "quarter": 1,
            "eps": 0.02,
            "eps_growth_year": null,
            "eps_4q": 2.09,
            "eps_4q_growth_year": null,
            "roe": 0.12,
            "roe_4q": 11.56,
            "gross_profit": 43196,
            "gross_margin": 11.8,
            "gross_margin_4q_avg": 17.15,
            "net_income": 1945,
            "net_income_4q": null,
            "revenue": 366205,
            "revenue_4q": null,
            "common_shares": 870739,
            "book_valuer_per_share": 18.05,
            "book_valuer_per_share_4q_avg": 18.9,
            "equity": 1571599,
            "current_ratio": 269.29,
            "debt_ratio": 27.31,
            "inventory_turnover_ratio": 1.21,
            "account_receivable_turnover_ratio": 0.97,
            "reinvestment_rate": -9.86,
            "research_to_sale_ratio": 6.01,
            "price_fair": 93.45,
            "eps_avg_yearly": 2.67,
            "eps_latest_yearly": 2.16,
            "eps_growth_yearly": 35.13
        },
        "20212": {
            "year_quarter": 20212,
            "year": 2021,
            "quarter": 2,
            "eps": 0.32,
            "eps_growth_year": -83.42,
            "eps_4q": 0.49,
            "eps_4q_growth_year": 77.47,
            "roe": 1.78,
            "roe_4q": 2.68,
            "gross_profit": 70150,
            "gross_margin": 16.83,
            "gross_margin_4q_avg": 15.48,
            "net_income": 28098,
            "net_income_4q": null,
            "revenue": 416845,
            "revenue_4q": null,
            "common_shares": 870739,
            "book_valuer_per_share": 18.31,
            "book_valuer_per_share_4q_avg": 18.75,
            "equity": 1594253,
            "current_ratio": 253.81,
            "debt_ratio": 29.12,
            "inventory_turnover_ratio": 1.17,
            "account_receivable_turnover_ratio": 1.2,
            "reinvestment_rate": -14.17,
            "research_to_sale_ratio": 4.97,
            "price_fair": 93.63,
            "eps_avg_yearly": 2.68,
            "eps_latest_yearly": 1.28,
            "eps_growth_yearly": 804.13
        },
        "20213": {
            "year_quarter": 20213,
            "year": 2021,
            "quarter": 3,
            "eps": 1.5,
            "eps_growth_year": 177.78,
            "eps_4q": 1.46,
            "eps_4q_growth_year": 20.48,
            "roe": 7.89,
            "roe_4q": 7.779999999999999,
            "gross_profit": 191472,
            "gross_margin": 29.36,
            "gross_margin_4q_avg": 18.95,
            "net_income": 130574,
            "net_income_4q": null,
            "revenue": 652042,
            "revenue_4q": null,
            "common_shares": 871279,
            "book_valuer_per_share": 19.71,
            "book_valuer_per_share_4q_avg": 18.77,
            "equity": 1717167,
            "current_ratio": 306.88,
            "debt_ratio": 24.83,
            "inventory_turnover_ratio": 1.45,
            "account_receivable_turnover_ratio": 1.65,
            "reinvestment_rate": -6.16,
            "research_to_sale_ratio": 2.99,
            "price_fair": 114.45,
            "eps_avg_yearly": 3.27,
            "eps_latest_yearly": 6,
            "eps_growth_yearly": 988.5
        },
        "20214": {
            "year_quarter": 20214,
            "year": 2021,
            "quarter": 4,
            "eps": 0.46,
            "eps_growth_year": null,
            "eps_4q": 2.28,
            "eps_4q_growth_year": 109.72,
            "roe": 2.37,
            "roe_4q": 12.159999999999998,
            "gross_profit": 149828,
            "gross_margin": 27.08,
            "gross_margin_4q_avg": 21.27,
            "net_income": 41027,
            "net_income_4q": null,
            "revenue": 553177,
            "revenue_4q": null,
            "common_shares": 882731,
            "book_valuer_per_share": 19.84,
            "book_valuer_per_share_4q_avg": 18.98,
            "equity": 1750967,
            "current_ratio": 322.09,
            "debt_ratio": 24.77,
            "inventory_turnover_ratio": 1.18,
            "account_receivable_turnover_ratio": 1.19,
            "reinvestment_rate": -20.19,
            "research_to_sale_ratio": 3.99,
            "price_fair": 108.89,
            "eps_avg_yearly": 3.11,
            "eps_latest_yearly": 1.84,
            "eps_growth_yearly": 847.85
        },
        "20221": {
            "year_quarter": 20221,
            "year": 2022,
            "quarter": 1,
            "eps": -0.04,
            "eps_growth_year": -300,
            "eps_4q": 2.23,
            "eps_4q_growth_year": 6.67,
            "roe": -0.19,
            "roe_4q": 11.85,
            "gross_profit": 94536,
            "gross_margin": 21.57,
            "gross_margin_4q_avg": 23.71,
            "net_income": -3128,
            "net_income_4q": null,
            "revenue": 438286,
            "revenue_4q": null,
            "common_shares": 883146,
            "book_valuer_per_share": 18.31,
            "book_valuer_per_share_4q_avg": 19.04,
            "equity": 1617177,
            "current_ratio": 284.49,
            "debt_ratio": 28.58,
            "inventory_turnover_ratio": 0.88,
            "account_receivable_turnover_ratio": 1,
            "reinvestment_rate": -24.15,
            "research_to_sale_ratio": 4.06,
            "price_fair": 108.89,
            "eps_avg_yearly": 3.11,
            "eps_latest_yearly": 1.84,
            "eps_growth_yearly": 847.85
        },
        "20222": {
            "year_quarter": 20222,
            "year": 2022,
            "quarter": 2,
            "eps": 0.08,
            "eps_growth_year": -75,
            "eps_4q": 1.99,
            "eps_4q_growth_year": 303.81,
            "roe": 0.45,
            "roe_4q": 10.52,
            "gross_profit": 72099,
            "gross_margin": 17.09,
            "gross_margin_4q_avg": 23.78,
            "net_income": 7273,
            "net_income_4q": null,
            "revenue": 421858,
            "revenue_4q": null,
            "common_shares": 883146,
            "book_valuer_per_share": 18.2,
            "book_valuer_per_share_4q_avg": 19.02,
            "equity": 1607118,
            "current_ratio": 279.99,
            "debt_ratio": 27.43,
            "inventory_turnover_ratio": 0.85,
            "account_receivable_turnover_ratio": 0.97,
            "reinvestment_rate": -19.33,
            "research_to_sale_ratio": 3.94,
            "price_fair": 116.03,
            "eps_avg_yearly": 3.32,
            "eps_latest_yearly": 1.84,
            "eps_growth_yearly": 923.4
        },
        "20223": {
            "year_quarter": 20223,
            "year": 2022,
            "quarter": 3,
            "eps": 0.26,
            "eps_growth_year": -82.67,
            "eps_4q": 0.77,
            "eps_4q_growth_year": -47.23,
            "roe": 1.4,
            "roe_4q": 4.03,
            "gross_profit": 71477,
            "gross_margin": 16.53,
            "gross_margin_4q_avg": 20.57,
            "net_income": 22679,
            "net_income_4q": null,
            "revenue": 432414,
            "revenue_4q": null,
            "common_shares": 883366,
            "book_valuer_per_share": 18.47,
            "book_valuer_per_share_4q_avg": 18.71,
            "equity": 1631994,
            "current_ratio": 310.3,
            "debt_ratio": 25.18,
            "inventory_turnover_ratio": 1,
            "account_receivable_turnover_ratio": 0.94,
            "reinvestment_rate": -23.7,
            "research_to_sale_ratio": 5.32,
            "price_fair": 109.73,
            "eps_avg_yearly": 3.14,
            "eps_latest_yearly": 1.04,
            "eps_growth_yearly": 1002.12
        },
        "20224": {
            "year_quarter": 20224,
            "year": 2022,
            "quarter": 4,
            "eps": 0.23,
            "eps_growth_year": -50.81,
            "eps_4q": 0.53,
            "eps_4q_growth_year": -76.7,
            "roe": 1.23,
            "roe_4q": 2.89,
            "gross_profit": 59018,
            "gross_margin": 17.99,
            "gross_margin_4q_avg": 18.3,
            "net_income": 20197,
            "net_income_4q": null,
            "revenue": 328101,
            "revenue_4q": null,
            "common_shares": 883366,
            "book_valuer_per_share": 18.8,
            "book_valuer_per_share_4q_avg": 18.45,
            "equity": 1660503,
            "current_ratio": 329.2,
            "debt_ratio": 23.76,
            "inventory_turnover_ratio": 0.81,
            "account_receivable_turnover_ratio": 0.84,
            "reinvestment_rate": -30.58,
            "research_to_sale_ratio": 6.16,
            "price_fair": 92.05,
            "eps_avg_yearly": 2.63,
            "eps_latest_yearly": 0.92,
            "eps_growth_yearly": 946.35
        },
        "20231": {
            "year_quarter": 20231,
            "year": 2023,
            "quarter": 1,
            "eps": 0.38,
            "eps_growth_year": null,
            "eps_4q": 0.95,
            "eps_4q_growth_year": -57.21,
            "roe": 2.05,
            "roe_4q": 5.13,
            "gross_profit": 46955,
            "gross_margin": 14.57,
            "gross_margin_4q_avg": 16.55,
            "net_income": 33991,
            "net_income_4q": null,
            "revenue": 322164,
            "revenue_4q": null,
            "common_shares": 883366,
            "book_valuer_per_share": 18.66,
            "book_valuer_per_share_4q_avg": 18.53,
            "equity": 1648698,
            "current_ratio": 322.57,
            "debt_ratio": 23.76,
            "inventory_turnover_ratio": 0.86,
            "account_receivable_turnover_ratio": 0.97,
            "reinvestment_rate": -56.46,
            "research_to_sale_ratio": 7.47,
            "price_fair": 73.85,
            "eps_avg_yearly": 2.11,
            "eps_latest_yearly": 1.52,
            "eps_growth_yearly": 971.7
        },
        "20232": {
            "year_quarter": 20232,
            "year": 2023,
            "quarter": 2,
            "eps": -0.17,
            "eps_growth_year": -312.5,
            "eps_4q": 0.7,
            "eps_4q_growth_year": -64.76,
            "roe": -0.9,
            "roe_4q": 3.78,
            "gross_profit": 20570,
            "gross_margin": 7.24,
            "gross_margin_4q_avg": 14.08,
            "net_income": -14707,
            "net_income_4q": null,
            "revenue": 284079,
            "revenue_4q": null,
            "common_shares": 886274,
            "book_valuer_per_share": 18.15,
            "book_valuer_per_share_4q_avg": 18.52,
            "equity": 1608276,
            "current_ratio": 307.83,
            "debt_ratio": 24.76,
            "inventory_turnover_ratio": 0.92,
            "account_receivable_turnover_ratio": 0.96,
            "reinvestment_rate": -81.67,
            "research_to_sale_ratio": 8.45,
            "price_fair": 73.8,
            "eps_avg_yearly": 2.11,
            "eps_latest_yearly": 1.52,
            "eps_growth_yearly": 1146.33
        }
    },
    "months": {
        "2004-09": {
            "month": "2004-09",
            "price": "13.06",
            "revenue": 43074
        },
        "2005-02": {
            "month": "2005-02",
            "price": "12.20",
            "revenue": 28170
        },
        "2005-04": {
            "month": "2005-04",
            "price": "11.82",
            "revenue": 40295
        },
        "2005-06": {
            "month": "2005-06",
            "price": "10.95",
            "revenue": 42670
        },
        "2005-07": {
            "month": "2005-07",
            "price": "10.75",
            "revenue": 38751
        },
        "2005-08": {
            "month": "2005-08",
            "price": "10.70",
            "revenue": 47023
        },
        "2005-09": {
            "month": "2005-09",
            "price": "8.59",
            "revenue": 35318
        },
        "2005-10": {
            "month": "2005-10",
            "price": "6.90",
            "revenue": 43692
        },
        "2005-12": {
            "month": "2005-12",
            "price": "4.90",
            "revenue": 46066
        },
        "2006-01": {
            "month": "2006-01",
            "price": "4.52",
            "revenue": 46814
        },
        "2006-02": {
            "month": "2006-02",
            "price": "3.72",
            "revenue": 37427
        },
        "2006-03": {
            "month": "2006-03",
            "price": "5.25",
            "revenue": 59268
        },
        "2006-04": {
            "month": "2006-04",
            "price": "6.83",
            "revenue": 49208
        },
        "2006-05": {
            "month": "2006-05",
            "price": "11.82",
            "revenue": 45076
        },
        "2006-06": {
            "month": "2006-06",
            "price": "9.00",
            "revenue": 48587
        },
        "2006-07": {
            "month": "2006-07",
            "price": "8.29",
            "revenue": 42044
        },
        "2006-08": {
            "month": "2006-08",
            "price": "8.98",
            "revenue": 45059
        },
        "2006-09": {
            "month": "2006-09",
            "price": "8.98",
            "revenue": 33589
        },
        "2006-10": {
            "month": "2006-10",
            "price": "9.29",
            "revenue": 37938
        },
        "2006-11": {
            "month": "2006-11",
            "price": "9.93",
            "revenue": 44531
        },
        "2006-12": {
            "month": "2006-12",
            "price": "9.88",
            "revenue": 39923
        },
        "2007-01": {
            "month": "2007-01",
            "price": "10.06",
            "revenue": 36913
        },
        "2007-02": {
            "month": "2007-02",
            "price": "10.03",
            "revenue": 33135
        },
        "2007-03": {
            "month": "2007-03",
            "price": "13.19",
            "revenue": 58154
        },
        "2007-04": {
            "month": "2007-04",
            "price": "13.79",
            "revenue": 58133
        },
        "2007-05": {
            "month": "2007-05",
            "price": "13.64",
            "revenue": 50873
        },
        "2007-06": {
            "month": "2007-06",
            "price": "13.31",
            "revenue": 58171
        },
        "2007-07": {
            "month": "2007-07",
            "price": "12.92",
            "revenue": 41024
        },
        "2007-08": {
            "month": "2007-08",
            "price": "11.66",
            "revenue": 53040
        },
        "2007-09": {
            "month": "2007-09",
            "price": "12.19",
            "revenue": 53740
        },
        "2007-10": {
            "month": "2007-10",
            "price": "10.97",
            "revenue": 52620
        },
        "2007-11": {
            "month": "2007-11",
            "price": "9.96",
            "revenue": 65392
        },
        "2007-12": {
            "month": "2007-12",
            "price": "9.44",
            "revenue": 55989
        },
        "2008-01": {
            "month": "2008-01",
            "price": "9.01",
            "revenue": 52975
        },
        "2008-02": {
            "month": "2008-02",
            "price": "9.54",
            "revenue": 36946
        },
        "2008-03": {
            "month": "2008-03",
            "price": "9.10",
            "revenue": 57781
        },
        "2008-04": {
            "month": "2008-04",
            "price": "8.99",
            "revenue": 56050
        },
        "2008-05": {
            "month": "2008-05",
            "price": "8.67",
            "revenue": 69778
        },
        "2008-06": {
            "month": "2008-06",
            "price": "7.82",
            "revenue": 64392
        },
        "2008-07": {
            "month": "2008-07",
            "price": "7.50",
            "revenue": 72047
        },
        "2008-08": {
            "month": "2008-08",
            "price": "7.64",
            "revenue": 55768
        },
        "2008-09": {
            "month": "2008-09",
            "price": "7.05",
            "revenue": 54737
        },
        "2008-10": {
            "month": "2008-10",
            "price": "5.88",
            "revenue": 61752
        },
        "2008-11": {
            "month": "2008-11",
            "price": "4.30",
            "revenue": 51971
        },
        "2008-12": {
            "month": "2008-12",
            "price": "4.16",
            "revenue": 54846
        },
        "2009-02": {
            "month": "2009-02",
            "price": "4.05",
            "revenue": 48558
        },
        "2009-03": {
            "month": "2009-03",
            "price": "6.60",
            "revenue": 45351
        },
        "2009-04": {
            "month": "2009-04",
            "price": "7.06",
            "revenue": 53563
        },
        "2009-05": {
            "month": "2009-05",
            "price": "6.86",
            "revenue": 57020
        },
        "2009-06": {
            "month": "2009-06",
            "price": "8.14",
            "revenue": 66709
        },
        "2009-07": {
            "month": "2009-07",
            "price": "8.36",
            "revenue": 71903
        },
        "2009-09": {
            "month": "2009-09",
            "price": "8.01",
            "revenue": 68943
        },
        "2009-10": {
            "month": "2009-10",
            "price": "8.38",
            "revenue": 63512
        },
        "2009-11": {
            "month": "2009-11",
            "price": "7.96",
            "revenue": 51487
        },
        "2009-12": {
            "month": "2009-12",
            "price": "9.22",
            "revenue": 57350
        },
        "2010-01": {
            "month": "2010-01",
            "price": "9.33",
            "revenue": 54122
        },
        "2010-03": {
            "month": "2010-03",
            "price": "8.24",
            "revenue": 68349
        },
        "2010-04": {
            "month": "2010-04",
            "price": "14.89",
            "revenue": 75187
        },
        "2010-05": {
            "month": "2010-05",
            "price": "16.66",
            "revenue": 85504
        },
        "2010-06": {
            "month": "2010-06",
            "price": "16.68",
            "revenue": 91150
        },
        "2010-07": {
            "month": "2010-07",
            "price": "17.17",
            "revenue": 78753
        },
        "2010-08": {
            "month": "2010-08",
            "price": "18.35",
            "revenue": 80076
        },
        "2010-09": {
            "month": "2010-09",
            "price": "19.97",
            "revenue": 63947
        },
        "2010-10": {
            "month": "2010-10",
            "price": "23.32",
            "revenue": 72937
        },
        "2010-11": {
            "month": "2010-11",
            "price": "31.60",
            "revenue": 74488
        },
        "2010-12": {
            "month": "2010-12",
            "price": "44.42",
            "revenue": 73857
        },
        "2011-01": {
            "month": "2011-01",
            "price": "45.44",
            "revenue": 61623
        },
        "2011-02": {
            "month": "2011-02",
            "price": "66.00",
            "revenue": 47752
        },
        "2011-03": {
            "month": "2011-03",
            "price": "53.16",
            "revenue": 78847
        },
        "2011-04": {
            "month": "2011-04",
            "price": "53.33",
            "revenue": 81604
        },
        "2011-05": {
            "month": "2011-05",
            "price": "49.65",
            "revenue": 81268
        },
        "2011-06": {
            "month": "2011-06",
            "price": "43.15",
            "revenue": 64464
        },
        "2011-07": {
            "month": "2011-07",
            "price": "35.91",
            "revenue": 100377
        },
        "2011-08": {
            "month": "2011-08",
            "price": "24.19",
            "revenue": 112976
        },
        "2011-09": {
            "month": "2011-09",
            "price": "24.58",
            "revenue": 120694
        },
        "2011-10": {
            "month": "2011-10",
            "price": "26.72",
            "revenue": 110998
        },
        "2011-11": {
            "month": "2011-11",
            "price": "24.88",
            "revenue": 119906
        },
        "2011-12": {
            "month": "2011-12",
            "price": "23.27",
            "revenue": 125612
        },
        "2012-01": {
            "month": "2012-01",
            "price": "27.15",
            "revenue": 78123
        },
        "2012-02": {
            "month": "2012-02",
            "price": "34.40",
            "revenue": 108921
        },
        "2012-03": {
            "month": "2012-03",
            "price": "37.40",
            "revenue": 152940
        },
        "2012-04": {
            "month": "2012-04",
            "price": "31.22",
            "revenue": 114065
        },
        "2012-05": {
            "month": "2012-05",
            "price": "23.91",
            "revenue": 140838
        },
        "2012-06": {
            "month": "2012-06",
            "price": "23.73",
            "revenue": 160701
        },
        "2012-07": {
            "month": "2012-07",
            "price": "25.21",
            "revenue": 162752
        },
        "2012-08": {
            "month": "2012-08",
            "price": "27.13",
            "revenue": 124919
        },
        "2012-09": {
            "month": "2012-09",
            "price": "26.97",
            "revenue": 135614
        },
        "2012-10": {
            "month": "2012-10",
            "price": "24.33",
            "revenue": 103208
        },
        "2012-11": {
            "month": "2012-11",
            "price": "23.11",
            "revenue": 116740
        },
        "2012-12": {
            "month": "2012-12",
            "price": "25.17",
            "revenue": 99343
        },
        "2013-01": {
            "month": "2013-01",
            "price": "28.57",
            "revenue": 83195
        },
        "2013-02": {
            "month": "2013-02",
            "price": "28.85",
            "revenue": 54244
        },
        "2013-03": {
            "month": "2013-03",
            "price": "25.44",
            "revenue": 94938
        },
        "2013-04": {
            "month": "2013-04",
            "price": "25.21",
            "revenue": 97644
        },
        "2013-05": {
            "month": "2013-05",
            "price": "25.66",
            "revenue": 79172
        },
        "2013-06": {
            "month": "2013-06",
            "price": "23.89",
            "revenue": 81774
        },
        "2013-07": {
            "month": "2013-07",
            "price": "24.31",
            "revenue": 100436
        },
        "2013-08": {
            "month": "2013-08",
            "price": "25.88",
            "revenue": 94081
        },
        "2013-09": {
            "month": "2013-09",
            "price": "26.92",
            "revenue": 114969
        },
        "2013-10": {
            "month": "2013-10",
            "price": "26.42",
            "revenue": 95183
        },
        "2013-11": {
            "month": "2013-11",
            "price": "25.58",
            "revenue": 86042
        },
        "2013-12": {
            "month": "2013-12",
            "price": "24.18",
            "revenue": 94687
        },
        "2014-01": {
            "month": "2014-01",
            "price": "24.82",
            "revenue": 49069
        },
        "2014-02": {
            "month": "2014-02",
            "price": "24.18",
            "revenue": 59512
        },
        "2014-03": {
            "month": "2014-03",
            "price": "30.27",
            "revenue": 110592
        },
        "2014-04": {
            "month": "2014-04",
            "price": "41.09",
            "revenue": 120026
        },
        "2014-05": {
            "month": "2014-05",
            "price": "38.38",
            "revenue": 101255
        },
        "2014-06": {
            "month": "2014-06",
            "price": "38.78",
            "revenue": 83403
        },
        "2014-07": {
            "month": "2014-07",
            "price": "32.56",
            "revenue": 68712
        },
        "2014-08": {
            "month": "2014-08",
            "price": "30.30",
            "revenue": 56242
        },
        "2014-09": {
            "month": "2014-09",
            "price": "27.99",
            "revenue": 58979
        },
        "2014-10": {
            "month": "2014-10",
            "price": "28.27",
            "revenue": 71656
        },
        "2014-11": {
            "month": "2014-11",
            "price": "28.18",
            "revenue": 67743
        },
        "2014-12": {
            "month": "2014-12",
            "price": "30.23",
            "revenue": 87174
        },
        "2015-01": {
            "month": "2015-01",
            "price": "31.94",
            "revenue": 63526
        },
        "2015-02": {
            "month": "2015-02",
            "price": "31.87",
            "revenue": 55616
        },
        "2015-03": {
            "month": "2015-03",
            "price": "34.21",
            "revenue": 77441
        },
        "2015-04": {
            "month": "2015-04",
            "price": "33.40",
            "revenue": 82326
        },
        "2015-05": {
            "month": "2015-05",
            "price": "31.53",
            "revenue": 79211
        },
        "2015-06": {
            "month": "2015-06",
            "price": "30.28",
            "revenue": 97240
        },
        "2015-07": {
            "month": "2015-07",
            "price": "30.56",
            "revenue": 90456
        },
        "2015-08": {
            "month": "2015-08",
            "price": "28.45",
            "revenue": 84921
        },
        "2015-09": {
            "month": "2015-09",
            "price": "26.98",
            "revenue": 74307
        },
        "2015-10": {
            "month": "2015-10",
            "price": "26.67",
            "revenue": 66965
        },
        "2015-11": {
            "month": "2015-11",
            "price": "25.31",
            "revenue": 103528
        },
        "2015-12": {
            "month": "2015-12",
            "price": "26.42",
            "revenue": 90867
        },
        "2016-01": {
            "month": "2016-01",
            "price": "26.58",
            "revenue": 122054
        },
        "2016-02": {
            "month": "2016-02",
            "price": "27.06",
            "revenue": 66814
        },
        "2016-03": {
            "month": "2016-03",
            "price": "30.03",
            "revenue": 131874
        },
        "2016-04": {
            "month": "2016-04",
            "price": "29.22",
            "revenue": 147704
        },
        "2016-05": {
            "month": "2016-05",
            "price": "28.85",
            "revenue": 121017
        },
        "2016-06": {
            "month": "2016-06",
            "price": "29.40",
            "revenue": 106416
        },
        "2016-07": {
            "month": "2016-07",
            "price": "29.46",
            "revenue": 95283
        },
        "2016-08": {
            "month": "2016-08",
            "price": "28.34",
            "revenue": 161496
        },
        "2016-09": {
            "month": "2016-09",
            "price": "28.83",
            "revenue": 111470
        },
        "2016-10": {
            "month": "2016-10",
            "price": "27.58",
            "revenue": 134413
        },
        "2016-11": {
            "month": "2016-11",
            "price": "26.82",
            "revenue": 137753
        },
        "2016-12": {
            "month": "2016-12",
            "price": "27.23",
            "revenue": 150872
        },
        "2017-01": {
            "month": "2017-01",
            "price": "28.12",
            "revenue": 132874
        },
        "2017-02": {
            "month": "2017-02",
            "price": "29.81",
            "revenue": 106126
        },
        "2017-03": {
            "month": "2017-03",
            "price": "33.05",
            "revenue": 138960
        },
        "2017-04": {
            "month": "2017-04",
            "price": "34.80",
            "revenue": 149940
        },
        "2017-05": {
            "month": "2017-05",
            "price": "34.76",
            "revenue": 140495
        },
        "2017-06": {
            "month": "2017-06",
            "price": "34.91",
            "revenue": 136404
        },
        "2017-07": {
            "month": "2017-07",
            "price": "34.28",
            "revenue": 130460
        },
        "2017-08": {
            "month": "2017-08",
            "price": "34.06",
            "revenue": 109010
        },
        "2017-09": {
            "month": "2017-09",
            "price": "30.88",
            "revenue": 121497
        },
        "2017-10": {
            "month": "2017-10",
            "price": "29.17",
            "revenue": 129670
        },
        "2017-11": {
            "month": "2017-11",
            "price": "30.10",
            "revenue": 116229
        },
        "2017-12": {
            "month": "2017-12",
            "price": "31.30",
            "revenue": 90210
        },
        "2018-01": {
            "month": "2018-01",
            "price": "30.18",
            "revenue": 131192
        },
        "2018-02": {
            "month": "2018-02",
            "price": "28.33",
            "revenue": 102692
        },
        "2018-03": {
            "month": "2018-03",
            "price": "28.39",
            "revenue": 138153
        },
        "2018-04": {
            "month": "2018-04",
            "price": "27.07",
            "revenue": 111363
        },
        "2018-05": {
            "month": "2018-05",
            "price": "26.13",
            "revenue": 120148
        },
        "2018-06": {
            "month": "2018-06",
            "price": "26.84",
            "revenue": 95096
        },
        "2018-07": {
            "month": "2018-07",
            "price": "26.82",
            "revenue": 102561
        },
        "2018-08": {
            "month": "2018-08",
            "price": "26.38",
            "revenue": 168060
        },
        "2018-09": {
            "month": "2018-09",
            "price": "26.17",
            "revenue": 135848
        },
        "2018-10": {
            "month": "2018-10",
            "price": "25.31",
            "revenue": 160658
        },
        "2018-11": {
            "month": "2018-11",
            "price": "25.30",
            "revenue": 149597
        },
        "2018-12": {
            "month": "2018-12",
            "price": "28.18",
            "revenue": 170266
        },
        "2019-01": {
            "month": "2019-01",
            "price": "32.20",
            "revenue": 153299
        },
        "2019-02": {
            "month": "2019-02",
            "price": "36.96",
            "revenue": 140969
        },
        "2019-03": {
            "month": "2019-03",
            "price": "43.73",
            "revenue": 126395
        },
        "2019-04": {
            "month": "2019-04",
            "price": "50.32",
            "revenue": 164830
        },
        "2019-05": {
            "month": "2019-05",
            "price": "44.14",
            "revenue": 143787
        },
        "2019-06": {
            "month": "2019-06",
            "price": "43.74",
            "revenue": 156163
        },
        "2019-07": {
            "month": "2019-07",
            "price": "46.92",
            "revenue": 129538
        },
        "2019-08": {
            "month": "2019-08",
            "price": "43.17",
            "revenue": 116297
        },
        "2019-09": {
            "month": "2019-09",
            "price": "41.44",
            "revenue": 112698
        },
        "2019-10": {
            "month": "2019-10",
            "price": "38.71",
            "revenue": 124042
        },
        "2019-11": {
            "month": "2019-11",
            "price": "35.18",
            "revenue": 126376
        },
        "2019-12": {
            "month": "2019-12",
            "price": "34.32",
            "revenue": 120518
        },
        "2020-01": {
            "month": "2020-01",
            "price": "30.23",
            "revenue": 98572
        },
        "2020-02": {
            "month": "2020-02",
            "price": "26.64",
            "revenue": 77927
        },
        "2020-03": {
            "month": "2020-03",
            "price": "20.66",
            "revenue": 123695
        },
        "2020-04": {
            "month": "2020-04",
            "price": "22.00",
            "revenue": 172293
        },
        "2020-05": {
            "month": "2020-05",
            "price": "24.76",
            "revenue": 168955
        },
        "2020-06": {
            "month": "2020-06",
            "price": "25.27",
            "revenue": 155557
        },
        "2020-07": {
            "month": "2020-07",
            "price": "27.54",
            "revenue": 139512
        },
        "2020-08": {
            "month": "2020-08",
            "price": "28.94",
            "revenue": 137995
        },
        "2020-09": {
            "month": "2020-09",
            "price": "27.87",
            "revenue": 132966
        },
        "2020-10": {
            "month": "2020-10",
            "price": "25.94",
            "revenue": 128965
        },
        "2020-11": {
            "month": "2020-11",
            "price": "26.42",
            "revenue": 143666
        },
        "2020-12": {
            "month": "2020-12",
            "price": "28.35",
            "revenue": 134376
        },
        "2021-01": {
            "month": "2021-01",
            "price": "26.40",
            "revenue": 153286
        },
        "2021-02": {
            "month": "2021-02",
            "price": "26.16",
            "revenue": 80274
        },
        "2021-03": {
            "month": "2021-03",
            "price": "26.61",
            "revenue": 132646
        },
        "2021-04": {
            "month": "2021-04",
            "price": "31.06",
            "revenue": 147164
        },
        "2021-05": {
            "month": "2021-05",
            "price": "25.51",
            "revenue": 134411
        },
        "2021-06": {
            "month": "2021-06",
            "price": "25.64",
            "revenue": 135268
        },
        "2021-07": {
            "month": "2021-07",
            "price": "27.10",
            "revenue": 172837
        },
        "2021-08": {
            "month": "2021-08",
            "price": "25.80",
            "revenue": 232194
        },
        "2021-09": {
            "month": "2021-09",
            "price": "26.92",
            "revenue": 247012
        },
        "2021-10": {
            "month": "2021-10",
            "price": "28.72",
            "revenue": 193253
        },
        "2021-11": {
            "month": "2021-11",
            "price": "33.92",
            "revenue": 169535
        },
        "2021-12": {
            "month": "2021-12",
            "price": "34.25",
            "revenue": 190390
        },
        "2022-01": {
            "month": "2022-01",
            "price": "30.80",
            "revenue": 174323
        },
        "2022-02": {
            "month": "2022-02",
            "price": "30.01",
            "revenue": 113214
        },
        "2022-03": {
            "month": "2022-03",
            "price": "29.25",
            "revenue": 150750
        },
        "2022-04": {
            "month": "2022-04",
            "price": "27.91",
            "revenue": 128936
        },
        "2022-05": {
            "month": "2022-05",
            "price": "25.83",
            "revenue": 140146
        },
        "2022-06": {
            "month": "2022-06",
            "price": "25.58",
            "revenue": 152775
        },
        "2022-07": {
            "month": "2022-07",
            "price": "23.65",
            "revenue": 148388
        },
        "2022-08": {
            "month": "2022-08",
            "price": "25.89",
            "revenue": 126772
        },
        "2022-09": {
            "month": "2022-09",
            "price": "24.14",
            "revenue": 157254
        },
        "2022-10": {
            "month": "2022-10",
            "price": "22.28",
            "revenue": 135639
        },
        "2022-11": {
            "month": "2022-11",
            "price": "22.77",
            "revenue": 89114
        },
        "2022-12": {
            "month": "2022-12",
            "price": "23.32",
            "revenue": 103347
        },
        "2023-01": {
            "month": "2023-01",
            "price": "23.14",
            "revenue": 113639
        },
        "2023-02": {
            "month": "2023-02",
            "price": "24.03",
            "revenue": 80112
        },
        "2023-03": {
            "month": "2023-03",
            "price": "24.83",
            "revenue": 128413
        },
        "2023-04": {
            "month": "2023-04",
            "price": "31.93",
            "revenue": 66872
        },
        "2023-05": {
            "month": "2023-05",
            "price": "37.91",
            "revenue": 100763
        },
        "2023-06": {
            "month": "2023-06",
            "price": "45.04",
            "revenue": 116443
        },
        "2023-07": {
            "month": "2023-07",
            "price": "62.24",
            "revenue": 114031
        },
        "2023-08": {
            "month": "2023-08",
            "price": "59.98",
            "revenue": 115997
        },
        "2023-09": {
            "month": "2023-09",
            "price": "66.27",
            "revenue": 98200
        }
    }
}
