{
    "summary": {
        "stock_name": "典範",
        "stock_id": "3372",
        "category": "半導體",
        "main_business": "IC封裝及測試",
        "website_url": "http://www.ticp.com.tw",
        "ceo": "曾忠鶴",
        "pe_ratio": -20,
        "report_year_from": 2003,
        "report_year_to": 2023,
        "age": 21,
        "eps_negative_percentage": 58,
        "eps_growth_avg": {
            "last_all": -69.56,
            "last_2y": -89.5,
            "last_4y": -89.5,
            "last_8y": -93,
            "last_12y": -94.75,
            "last_16y": -84.19,
            "last_20y": null,
            "at_2006_last_3y": null,
            "at_2007_last_3y": null,
            "at_2008_last_3y": null,
            "at_2009_last_3y": -44.38,
            "at_2010_last_3y": -70.12,
            "at_2011_last_3y": -97.14,
            "at_2012_last_3y": -100,
            "at_2013_last_3y": -100,
            "at_2014_last_3y": -100,
            "at_2015_last_3y": -100,
            "at_2016_last_3y": -100,
            "at_2017_last_3y": -100,
            "at_2018_last_3y": -100,
            "at_2019_last_3y": null,
            "at_2020_last_3y": null,
            "at_2021_last_3y": null,
            "at_2022_last_3y": -78.99,
            "at_2023_last_3y": -89.5,
            "at_2024_last_3y": -89.5,
            "at_2006_last_all": null,
            "at_2007_last_all": 6.95,
            "at_2008_last_all": -25.84,
            "at_2009_last_all": -44.38,
            "at_2010_last_all": -44.38,
            "at_2011_last_all": -55.51,
            "at_2012_last_all": -55.51,
            "at_2013_last_all": -55.51,
            "at_2014_last_all": -55.51,
            "at_2015_last_all": -62.92,
            "at_2016_last_all": -62.92,
            "at_2017_last_all": -62.92,
            "at_2018_last_all": -62.92,
            "at_2019_last_all": -62.92,
            "at_2020_last_all": -62.92,
            "at_2021_last_all": -62.92,
            "at_2022_last_all": -65.22,
            "at_2023_last_all": -69.56,
            "at_2024_last_all": -69.56
        },
        "latest_eps": -1.01,
        "latest_price": 20.7,
        "latest_roe": -8.84,
        "latest_gross_margin": -6.49,
        "latest_equity": 1879499,
        "latest_revenue": 249337,
        "latest_gross_profit": -16171,
        "latest_net_income": -58121,
        "latest_debt_ratio": 11.63,
        "latest_current_ratio": 572.62,
        "latest_account_receivable_turnover_ratio": 1.34,
        "latest_inventory_turnover_ratio": 1.37,
        "latest_reinvestment_rate": -20.09,
        "latest_research_to_sale_ratio": 3.01
    },
    "eps_dividends": {
        "2001": {
            "cash": 0,
            "stock": 0,
            "eps": 0
        },
        "2002": {
            "cash": 0,
            "stock": 0,
            "eps": 0
        },
        "2003": {
            "cash": 0,
            "stock": 0,
            "eps": 0
        },
        "2004": {
            "cash": 0,
            "stock": 1,
            "eps": 0
        },
        "2005": {
            "cash": 0,
            "stock": 1,
            "eps": 1.95
        },
        "2006": {
            "cash": 0,
            "stock": 1.3,
            "eps": 2.59
        },
        "2007": {
            "cash": 0,
            "stock": 2,
            "eps": 2.1
        },
        "2008": {
            "cash": 1,
            "stock": 0.25,
            "eps": 0.18
        },
        "2009": {
            "cash": 0,
            "stock": 0,
            "eps": -0.66
        },
        "2010": {
            "cash": 0,
            "stock": 0,
            "eps": 0.01
        },
        "2011": {
            "cash": 0,
            "stock": 0,
            "eps": -1.02
        },
        "2012": {
            "cash": 0,
            "stock": 0,
            "eps": -0.69
        },
        "2013": {
            "cash": 0,
            "stock": 0,
            "eps": -1.35
        },
        "2014": {
            "cash": 0,
            "stock": 0,
            "eps": 0.15
        },
        "2015": {
            "cash": 0,
            "stock": 0,
            "eps": -0.27
        },
        "2016": {
            "cash": 0,
            "stock": 0,
            "eps": -0.67
        },
        "2017": {
            "cash": 0,
            "stock": 0,
            "eps": -2.11
        },
        "2018": {
            "cash": 0,
            "stock": 0,
            "eps": -1.4
        },
        "2019": {
            "cash": 0,
            "stock": 0,
            "eps": -0.11
        },
        "2020": {
            "cash": 0,
            "stock": 0,
            "eps": -0.07
        },
        "2021": {
            "cash": 0,
            "stock": 0,
            "eps": 2.38
        },
        "2022": {
            "cash": 1,
            "stock": 0,
            "eps": 0.5
        },
        "2023": {
            "cash": 0.5,
            "stock": 0,
            "eps": -1.01
        }
    },
    "dividends": {
        "2004-03-02": {
            "cash": 0,
            "stock": 1
        },
        "2005-03-01": {
            "cash": 0,
            "stock": 1
        },
        "2006-03-07": {
            "cash": 0,
            "stock": 1.3
        },
        "2007-03-13": {
            "cash": 0,
            "stock": 2
        },
        "2008-05-06": {
            "cash": 1,
            "stock": 0.25
        },
        "2022-10-07": {
            "cash": 1,
            "stock": 0
        },
        "2023-10-06": {
            "cash": 0.5,
            "stock": 0
        }
    },
    "prices": {
        "200101": "無",
        "200102": "無",
        "200103": "無",
        "200104": "無",
        "200105": "無",
        "200106": "無",
        "200107": "無",
        "200108": "無",
        "200109": "無",
        "200110": "無",
        "200111": "無",
        "200112": "無",
        "200201": "無",
        "200202": "無",
        "200203": "無",
        "200204": "無",
        "200205": "無",
        "200206": "無",
        "200207": "無",
        "200208": "無",
        "200209": "無",
        "200210": "無",
        "200211": "無",
        "200212": "無",
        "200301": "無",
        "200302": "無",
        "200303": "無",
        "200304": "無",
        "200305": "無",
        "200306": "無",
        "200307": "無",
        "200308": "無",
        "200309": "無",
        "200310": "無",
        "200311": "無",
        "200312": "無",
        "200401": "無",
        "200402": "無",
        "200403": "無",
        "200404": "無",
        "200405": "無",
        "200406": "無",
        "200407": "無",
        "200408": "14.30",
        "200409": "無",
        "200410": "9.73",
        "200411": "9.04",
        "200412": "8.40",
        "200501": "無",
        "200502": "無",
        "200503": "8.25",
        "200504": "10.18",
        "200505": "10.13",
        "200506": "10.17",
        "200507": "10.67",
        "200508": "13.28",
        "200509": "13.89",
        "200510": "12.90",
        "200511": "13.42",
        "200512": "21.50",
        "200601": "24.76",
        "200602": "21.60",
        "200603": "20.95",
        "200604": "25.67",
        "200605": "25.38",
        "200606": "21.73",
        "200607": "20.95",
        "200608": "21.53",
        "200609": "22.54",
        "200610": "23.10",
        "200611": "25.03",
        "200612": "27.58",
        "200701": "29.29",
        "200702": "29.20",
        "200703": "31.21",
        "200704": "31.82",
        "200705": "29.82",
        "200706": "31.76",
        "200707": "33.60",
        "200708": "28.59",
        "200709": "25.88",
        "200710": "28.10",
        "200711": "24.49",
        "200712": "19.91",
        "200801": "15.65",
        "200802": "15.77",
        "200803": "16.86",
        "200804": "18.50",
        "200805": "18.65",
        "200806": "16.05",
        "200807": "12.67",
        "200808": "12.44",
        "200809": "9.45",
        "200810": "7.64",
        "200811": "5.88",
        "200812": "5.58",
        "200901": "5.86",
        "200902": "6.12",
        "200903": "7.90",
        "200904": "8.04",
        "200905": "8.30",
        "200906": "8.37",
        "200907": "8.65",
        "200908": "9.15",
        "200909": "10.02",
        "200910": "11.70",
        "200911": "12.04",
        "200912": "12.97",
        "201001": "13.15",
        "201002": "11.28",
        "201003": "12.20",
        "201004": "12.75",
        "201005": "10.74",
        "201006": "10.52",
        "201007": "10.90",
        "201008": "11.63",
        "201009": "11.41",
        "201010": "11.10",
        "201011": "9.96",
        "201012": "10.45",
        "201101": "10.84",
        "201102": "10.01",
        "201103": "9.07",
        "201104": "8.77",
        "201105": "8.16",
        "201106": "7.30",
        "201107": "6.16",
        "201108": "5.14",
        "201109": "4.55",
        "201110": "4.09",
        "201111": "4.16",
        "201112": "4.08",
        "201201": "4.28",
        "201202": "5.39",
        "201203": "5.42",
        "201204": "4.88",
        "201205": "4.89",
        "201206": "4.30",
        "201207": "4.85",
        "201208": "4.80",
        "201209": "5.64",
        "201210": "4.86",
        "201211": "4.20",
        "201212": "4.47",
        "201301": "4.63",
        "201302": "4.57",
        "201303": "6.25",
        "201304": "7.92",
        "201305": "7.89",
        "201306": "6.99",
        "201307": "6.55",
        "201308": "6.24",
        "201309": "6.87",
        "201310": "6.74",
        "201311": "6.34",
        "201312": "6.22",
        "201401": "7.63",
        "201402": "8.18",
        "201403": "10.09",
        "201404": "11.30",
        "201405": "10.56",
        "201406": "11.52",
        "201407": "11.13",
        "201408": "11.03",
        "201409": "10.19",
        "201410": "9.51",
        "201411": "9.59",
        "201412": "9.54",
        "201501": "10.02",
        "201502": "9.66",
        "201503": "10.50",
        "201504": "11.20",
        "201505": "10.14",
        "201506": "9.25",
        "201507": "8.60",
        "201508": "7.03",
        "201509": "7.02",
        "201510": "7.36",
        "201511": "7.60",
        "201512": "7.85",
        "201601": "7.84",
        "201602": "7.49",
        "201603": "7.30",
        "201604": "7.00",
        "201605": "6.93",
        "201606": "7.29",
        "201607": "7.27",
        "201608": "7.23",
        "201609": "7.40",
        "201610": "7.58",
        "201611": "7.52",
        "201612": "7.37",
        "201701": "7.29",
        "201702": "7.48",
        "201703": "7.42",
        "201704": "7.23",
        "201705": "6.64",
        "201706": "6.57",
        "201707": "6.11",
        "201708": "5.99",
        "201709": "6.46",
        "201710": "6.24",
        "201711": "6.23",
        "201712": "5.84",
        "201801": "5.97",
        "201802": "6.10",
        "201803": "7.13",
        "201804": "6.30",
        "201805": "6.02",
        "201806": "6.20",
        "201807": "5.84",
        "201808": "5.79",
        "201809": "5.50",
        "201810": "4.91",
        "201811": "5.07",
        "201812": "4.91",
        "201901": "4.98",
        "201902": "4.82",
        "201903": "4.08",
        "201904": "3.46",
        "201905": "3.49",
        "201906": "3.51",
        "201907": "3.50",
        "201908": "3.51",
        "201909": "3.60",
        "201910": "7.44",
        "201911": "9.36",
        "201912": "9.53",
        "202001": "9.85",
        "202002": "9.03",
        "202003": "8.05",
        "202004": "8.14",
        "202005": "9.17",
        "202006": "9.02",
        "202007": "8.91",
        "202008": "8.61",
        "202009": "8.91",
        "202010": "9.63",
        "202011": "10.85",
        "202012": "12.77",
        "202101": "12.22",
        "202102": "11.56",
        "202103": "14.44",
        "202104": "21.98",
        "202105": "18.50",
        "202106": "18.89",
        "202107": "27.02",
        "202108": "25.82",
        "202109": "25.80",
        "202110": "21.68",
        "202111": "25.17",
        "202112": "24.33",
        "202201": "21.46",
        "202202": "20.30",
        "202203": "19.37",
        "202204": "17.06",
        "202205": "15.95",
        "202206": "16.00",
        "202207": "12.93",
        "202208": "14.02",
        "202209": "12.51",
        "202210": "10.59",
        "202211": "11.18",
        "202212": "11.65",
        "202301": "11.18",
        "202302": "11.90",
        "202303": "12.19",
        "202304": "12.43",
        "202305": "12.16",
        "202306": "13.02",
        "202307": "14.27",
        "202308": "13.65",
        "202309": "13.33",
        "202310": "13.73",
        "202311": "14.57",
        "202312": "15.06"
    },
    "quarters": {
        "20011": {
            "year_quarter": 20011,
            "year": 2001,
            "quarter": 1,
            "eps": null,
            "eps_growth_year": null,
            "eps_4q": null,
            "eps_4q_growth_year": null,
            "roe": null,
            "roe_4q": 0,
            "gross_profit": null,
            "gross_margin": null,
            "gross_margin_4q_avg": 0,
            "net_income": null,
            "net_income_4q": null,
            "revenue": null,
            "revenue_4q": null,
            "common_shares": null,
            "book_valuer_per_share": null,
            "book_valuer_per_share_4q_avg": 0,
            "equity": null,
            "current_ratio": null,
            "debt_ratio": null,
            "inventory_turnover_ratio": null,
            "account_receivable_turnover_ratio": null,
            "reinvestment_rate": null,
            "research_to_sale_ratio": null,
            "price_fair": 0,
            "eps_avg_yearly": 0,
            "eps_latest_yearly": 0,
            "eps_growth_yearly": 0
        },
        "20012": {
            "year_quarter": 20012,
            "year": 2001,
            "quarter": 2,
            "eps": null,
            "eps_growth_year": null,
            "eps_4q": null,
            "eps_4q_growth_year": null,
            "roe": null,
            "roe_4q": 0,
            "gross_profit": null,
            "gross_margin": null,
            "gross_margin_4q_avg": 0,
            "net_income": null,
            "net_income_4q": null,
            "revenue": null,
            "revenue_4q": null,
            "common_shares": null,
            "book_valuer_per_share": null,
            "book_valuer_per_share_4q_avg": 0,
            "equity": null,
            "current_ratio": null,
            "debt_ratio": null,
            "inventory_turnover_ratio": null,
            "account_receivable_turnover_ratio": null,
            "reinvestment_rate": null,
            "research_to_sale_ratio": null,
            "price_fair": 0,
            "eps_avg_yearly": 0,
            "eps_latest_yearly": 0,
            "eps_growth_yearly": 0
        },
        "20013": {
            "year_quarter": 20013,
            "year": 2001,
            "quarter": 3,
            "eps": null,
            "eps_growth_year": null,
            "eps_4q": null,
            "eps_4q_growth_year": null,
            "roe": null,
            "roe_4q": 0,
            "gross_profit": null,
            "gross_margin": null,
            "gross_margin_4q_avg": 0,
            "net_income": null,
            "net_income_4q": null,
            "revenue": null,
            "revenue_4q": null,
            "common_shares": null,
            "book_valuer_per_share": null,
            "book_valuer_per_share_4q_avg": 0,
            "equity": null,
            "current_ratio": null,
            "debt_ratio": null,
            "inventory_turnover_ratio": null,
            "account_receivable_turnover_ratio": null,
            "reinvestment_rate": null,
            "research_to_sale_ratio": null,
            "price_fair": 0,
            "eps_avg_yearly": 0,
            "eps_latest_yearly": 0,
            "eps_growth_yearly": 0
        },
        "20014": {
            "year_quarter": 20014,
            "year": 2001,
            "quarter": 4,
            "eps": null,
            "eps_growth_year": null,
            "eps_4q": null,
            "eps_4q_growth_year": null,
            "roe": null,
            "roe_4q": 0,
            "gross_profit": null,
            "gross_margin": null,
            "gross_margin_4q_avg": 0,
            "net_income": null,
            "net_income_4q": null,
            "revenue": null,
            "revenue_4q": null,
            "common_shares": 1200000,
            "book_valuer_per_share": 6.17,
            "book_valuer_per_share_4q_avg": 1.54,
            "equity": 740255,
            "current_ratio": 108.24,
            "debt_ratio": 54.06,
            "inventory_turnover_ratio": null,
            "account_receivable_turnover_ratio": null,
            "reinvestment_rate": null,
            "research_to_sale_ratio": null,
            "price_fair": 0,
            "eps_avg_yearly": 0,
            "eps_latest_yearly": 0,
            "eps_growth_yearly": 0
        },
        "20021": {
            "year_quarter": 20021,
            "year": 2002,
            "quarter": 1,
            "eps": null,
            "eps_growth_year": null,
            "eps_4q": null,
            "eps_4q_growth_year": null,
            "roe": null,
            "roe_4q": 0,
            "gross_profit": null,
            "gross_margin": null,
            "gross_margin_4q_avg": 0,
            "net_income": null,
            "net_income_4q": null,
            "revenue": null,
            "revenue_4q": null,
            "common_shares": null,
            "book_valuer_per_share": null,
            "book_valuer_per_share_4q_avg": 1.54,
            "equity": null,
            "current_ratio": null,
            "debt_ratio": null,
            "inventory_turnover_ratio": null,
            "account_receivable_turnover_ratio": null,
            "reinvestment_rate": null,
            "research_to_sale_ratio": null,
            "price_fair": 0,
            "eps_avg_yearly": 0,
            "eps_latest_yearly": 0,
            "eps_growth_yearly": 0
        },
        "20022": {
            "year_quarter": 20022,
            "year": 2002,
            "quarter": 2,
            "eps": null,
            "eps_growth_year": null,
            "eps_4q": null,
            "eps_4q_growth_year": null,
            "roe": null,
            "roe_4q": 0,
            "gross_profit": null,
            "gross_margin": null,
            "gross_margin_4q_avg": 0,
            "net_income": null,
            "net_income_4q": null,
            "revenue": null,
            "revenue_4q": null,
            "common_shares": null,
            "book_valuer_per_share": null,
            "book_valuer_per_share_4q_avg": 1.54,
            "equity": null,
            "current_ratio": null,
            "debt_ratio": null,
            "inventory_turnover_ratio": null,
            "account_receivable_turnover_ratio": null,
            "reinvestment_rate": null,
            "research_to_sale_ratio": null,
            "price_fair": 0,
            "eps_avg_yearly": 0,
            "eps_latest_yearly": 0,
            "eps_growth_yearly": 0
        },
        "20023": {
            "year_quarter": 20023,
            "year": 2002,
            "quarter": 3,
            "eps": null,
            "eps_growth_year": null,
            "eps_4q": null,
            "eps_4q_growth_year": null,
            "roe": null,
            "roe_4q": 0,
            "gross_profit": null,
            "gross_margin": null,
            "gross_margin_4q_avg": 0,
            "net_income": null,
            "net_income_4q": null,
            "revenue": null,
            "revenue_4q": null,
            "common_shares": null,
            "book_valuer_per_share": null,
            "book_valuer_per_share_4q_avg": 1.54,
            "equity": null,
            "current_ratio": null,
            "debt_ratio": null,
            "inventory_turnover_ratio": null,
            "account_receivable_turnover_ratio": null,
            "reinvestment_rate": null,
            "research_to_sale_ratio": null,
            "price_fair": 0,
            "eps_avg_yearly": 0,
            "eps_latest_yearly": 0,
            "eps_growth_yearly": 0
        },
        "20024": {
            "year_quarter": 20024,
            "year": 2002,
            "quarter": 4,
            "eps": null,
            "eps_growth_year": null,
            "eps_4q": null,
            "eps_4q_growth_year": null,
            "roe": null,
            "roe_4q": 0,
            "gross_profit": null,
            "gross_margin": null,
            "gross_margin_4q_avg": 0,
            "net_income": null,
            "net_income_4q": null,
            "revenue": null,
            "revenue_4q": null,
            "common_shares": 840000,
            "book_valuer_per_share": 9.55,
            "book_valuer_per_share_4q_avg": 2.39,
            "equity": 802147,
            "current_ratio": 124.32,
            "debt_ratio": 52.28,
            "inventory_turnover_ratio": null,
            "account_receivable_turnover_ratio": null,
            "reinvestment_rate": null,
            "research_to_sale_ratio": null,
            "price_fair": 0,
            "eps_avg_yearly": 0,
            "eps_latest_yearly": 0,
            "eps_growth_yearly": 0
        },
        "20031": {
            "year_quarter": 20031,
            "year": 2003,
            "quarter": 1,
            "eps": null,
            "eps_growth_year": null,
            "eps_4q": null,
            "eps_4q_growth_year": null,
            "roe": null,
            "roe_4q": 0,
            "gross_profit": null,
            "gross_margin": null,
            "gross_margin_4q_avg": 0,
            "net_income": null,
            "net_income_4q": null,
            "revenue": null,
            "revenue_4q": null,
            "common_shares": null,
            "book_valuer_per_share": null,
            "book_valuer_per_share_4q_avg": 2.39,
            "equity": null,
            "current_ratio": null,
            "debt_ratio": null,
            "inventory_turnover_ratio": null,
            "account_receivable_turnover_ratio": null,
            "reinvestment_rate": null,
            "research_to_sale_ratio": null,
            "price_fair": 0,
            "eps_avg_yearly": 0,
            "eps_latest_yearly": 0,
            "eps_growth_yearly": 0
        },
        "20032": {
            "year_quarter": 20032,
            "year": 2003,
            "quarter": 2,
            "eps": null,
            "eps_growth_year": null,
            "eps_4q": null,
            "eps_4q_growth_year": null,
            "roe": null,
            "roe_4q": 0,
            "gross_profit": null,
            "gross_margin": null,
            "gross_margin_4q_avg": 0,
            "net_income": null,
            "net_income_4q": null,
            "revenue": null,
            "revenue_4q": null,
            "common_shares": null,
            "book_valuer_per_share": null,
            "book_valuer_per_share_4q_avg": 2.39,
            "equity": null,
            "current_ratio": null,
            "debt_ratio": null,
            "inventory_turnover_ratio": null,
            "account_receivable_turnover_ratio": null,
            "reinvestment_rate": null,
            "research_to_sale_ratio": null,
            "price_fair": 0,
            "eps_avg_yearly": 0,
            "eps_latest_yearly": 0,
            "eps_growth_yearly": 0
        },
        "20033": {
            "year_quarter": 20033,
            "year": 2003,
            "quarter": 3,
            "eps": null,
            "eps_growth_year": null,
            "eps_4q": null,
            "eps_4q_growth_year": null,
            "roe": null,
            "roe_4q": 0,
            "gross_profit": null,
            "gross_margin": null,
            "gross_margin_4q_avg": 0,
            "net_income": null,
            "net_income_4q": null,
            "revenue": null,
            "revenue_4q": null,
            "common_shares": null,
            "book_valuer_per_share": null,
            "book_valuer_per_share_4q_avg": 2.39,
            "equity": null,
            "current_ratio": null,
            "debt_ratio": null,
            "inventory_turnover_ratio": null,
            "account_receivable_turnover_ratio": null,
            "reinvestment_rate": null,
            "research_to_sale_ratio": null,
            "price_fair": 0,
            "eps_avg_yearly": 0,
            "eps_latest_yearly": 0,
            "eps_growth_yearly": 0
        },
        "20034": {
            "year_quarter": 20034,
            "year": 2003,
            "quarter": 4,
            "eps": null,
            "eps_growth_year": null,
            "eps_4q": null,
            "eps_4q_growth_year": null,
            "roe": null,
            "roe_4q": 0,
            "gross_profit": null,
            "gross_margin": null,
            "gross_margin_4q_avg": 0,
            "net_income": null,
            "net_income_4q": null,
            "revenue": null,
            "revenue_4q": null,
            "common_shares": 1240000,
            "book_valuer_per_share": 11.45,
            "book_valuer_per_share_4q_avg": 2.86,
            "equity": 1419485,
            "current_ratio": 146.84,
            "debt_ratio": 41.41,
            "inventory_turnover_ratio": null,
            "account_receivable_turnover_ratio": null,
            "reinvestment_rate": null,
            "research_to_sale_ratio": null,
            "price_fair": 0,
            "eps_avg_yearly": 0,
            "eps_latest_yearly": 0,
            "eps_growth_yearly": 0
        },
        "20041": {
            "year_quarter": 20041,
            "year": 2004,
            "quarter": 1,
            "eps": null,
            "eps_growth_year": null,
            "eps_4q": null,
            "eps_4q_growth_year": null,
            "roe": null,
            "roe_4q": 0,
            "gross_profit": null,
            "gross_margin": null,
            "gross_margin_4q_avg": 0,
            "net_income": null,
            "net_income_4q": null,
            "revenue": null,
            "revenue_4q": null,
            "common_shares": null,
            "book_valuer_per_share": null,
            "book_valuer_per_share_4q_avg": 2.86,
            "equity": null,
            "current_ratio": null,
            "debt_ratio": null,
            "inventory_turnover_ratio": null,
            "account_receivable_turnover_ratio": null,
            "reinvestment_rate": null,
            "research_to_sale_ratio": null,
            "price_fair": 0,
            "eps_avg_yearly": 0,
            "eps_latest_yearly": 0,
            "eps_growth_yearly": 0
        },
        "20042": {
            "year_quarter": 20042,
            "year": 2004,
            "quarter": 2,
            "eps": null,
            "eps_growth_year": null,
            "eps_4q": null,
            "eps_4q_growth_year": null,
            "roe": null,
            "roe_4q": 0,
            "gross_profit": null,
            "gross_margin": null,
            "gross_margin_4q_avg": 0,
            "net_income": null,
            "net_income_4q": null,
            "revenue": null,
            "revenue_4q": null,
            "common_shares": null,
            "book_valuer_per_share": null,
            "book_valuer_per_share_4q_avg": 2.86,
            "equity": null,
            "current_ratio": null,
            "debt_ratio": null,
            "inventory_turnover_ratio": null,
            "account_receivable_turnover_ratio": null,
            "reinvestment_rate": null,
            "research_to_sale_ratio": null,
            "price_fair": 0,
            "eps_avg_yearly": 0,
            "eps_latest_yearly": 0,
            "eps_growth_yearly": 0
        },
        "20043": {
            "year_quarter": 20043,
            "year": 2004,
            "quarter": 3,
            "eps": null,
            "eps_growth_year": null,
            "eps_4q": null,
            "eps_4q_growth_year": null,
            "roe": null,
            "roe_4q": 0,
            "gross_profit": null,
            "gross_margin": null,
            "gross_margin_4q_avg": 0,
            "net_income": null,
            "net_income_4q": null,
            "revenue": null,
            "revenue_4q": null,
            "common_shares": null,
            "book_valuer_per_share": null,
            "book_valuer_per_share_4q_avg": 2.86,
            "equity": null,
            "current_ratio": null,
            "debt_ratio": null,
            "inventory_turnover_ratio": null,
            "account_receivable_turnover_ratio": null,
            "reinvestment_rate": null,
            "research_to_sale_ratio": null,
            "price_fair": 0,
            "eps_avg_yearly": 0,
            "eps_latest_yearly": 0,
            "eps_growth_yearly": 0
        },
        "20044": {
            "year_quarter": 20044,
            "year": 2004,
            "quarter": 4,
            "eps": null,
            "eps_growth_year": null,
            "eps_4q": null,
            "eps_4q_growth_year": null,
            "roe": null,
            "roe_4q": 0,
            "gross_profit": null,
            "gross_margin": null,
            "gross_margin_4q_avg": 0,
            "net_income": null,
            "net_income_4q": null,
            "revenue": null,
            "revenue_4q": null,
            "common_shares": 1374212,
            "book_valuer_per_share": 11.55,
            "book_valuer_per_share_4q_avg": 2.89,
            "equity": 1586586,
            "current_ratio": 180.92,
            "debt_ratio": 38.56,
            "inventory_turnover_ratio": null,
            "account_receivable_turnover_ratio": null,
            "reinvestment_rate": null,
            "research_to_sale_ratio": null,
            "price_fair": 0,
            "eps_avg_yearly": 0,
            "eps_latest_yearly": 0,
            "eps_growth_yearly": 0
        },
        "20051": {
            "year_quarter": 20051,
            "year": 2005,
            "quarter": 1,
            "eps": 0.2,
            "eps_growth_year": null,
            "eps_4q": null,
            "eps_4q_growth_year": null,
            "roe": 1.67,
            "roe_4q": 1.67,
            "gross_profit": 71218,
            "gross_margin": 17.26,
            "gross_margin_4q_avg": 4.32,
            "net_income": 26793,
            "net_income_4q": null,
            "revenue": 412652,
            "revenue_4q": null,
            "common_shares": 1374212,
            "book_valuer_per_share": 11.74,
            "book_valuer_per_share_4q_avg": 5.82,
            "equity": 1613379,
            "current_ratio": 180.19,
            "debt_ratio": 36.77,
            "inventory_turnover_ratio": 2.21,
            "account_receivable_turnover_ratio": null,
            "reinvestment_rate": null,
            "research_to_sale_ratio": null,
            "price_fair": 0,
            "eps_avg_yearly": 0,
            "eps_latest_yearly": 0,
            "eps_growth_yearly": 0
        },
        "20052": {
            "year_quarter": 20052,
            "year": 2005,
            "quarter": 2,
            "eps": 0.42,
            "eps_growth_year": null,
            "eps_4q": null,
            "eps_4q_growth_year": null,
            "roe": 3.52,
            "roe_4q": 5.1899999999999995,
            "gross_profit": 96619,
            "gross_margin": 19.19,
            "gross_margin_4q_avg": 9.11,
            "net_income": 57692,
            "net_income_4q": null,
            "revenue": 503374,
            "revenue_4q": null,
            "common_shares": 1374212,
            "book_valuer_per_share": 12.11,
            "book_valuer_per_share_4q_avg": 8.85,
            "equity": 1664605,
            "current_ratio": 162.9,
            "debt_ratio": 36.4,
            "inventory_turnover_ratio": 2.93,
            "account_receivable_turnover_ratio": null,
            "reinvestment_rate": null,
            "research_to_sale_ratio": null,
            "price_fair": 58.8,
            "eps_avg_yearly": 1.68,
            "eps_latest_yearly": 1.68,
            "eps_growth_yearly": 440
        },
        "20053": {
            "year_quarter": 20053,
            "year": 2005,
            "quarter": 3,
            "eps": 0.62,
            "eps_growth_year": null,
            "eps_4q": null,
            "eps_4q_growth_year": null,
            "roe": 5.49,
            "roe_4q": 10.68,
            "gross_profit": 144900,
            "gross_margin": 23.98,
            "gross_margin_4q_avg": 15.11,
            "net_income": 94029,
            "net_income_4q": null,
            "revenue": 604152,
            "revenue_4q": null,
            "common_shares": 1374212,
            "book_valuer_per_share": 12.8,
            "book_valuer_per_share_4q_avg": 12.05,
            "equity": 1758633,
            "current_ratio": 158.1,
            "debt_ratio": 35.84,
            "inventory_turnover_ratio": 3.17,
            "account_receivable_turnover_ratio": null,
            "reinvestment_rate": null,
            "research_to_sale_ratio": null,
            "price_fair": 72.8,
            "eps_avg_yearly": 2.08,
            "eps_latest_yearly": 2.48,
            "eps_growth_yearly": 315.24
        },
        "20054": {
            "year_quarter": 20054,
            "year": 2005,
            "quarter": 4,
            "eps": 0.71,
            "eps_growth_year": null,
            "eps_4q": 1.88,
            "eps_4q_growth_year": null,
            "roe": 5.73,
            "roe_4q": 16.41,
            "gross_profit": 170271,
            "gross_margin": 25.41,
            "gross_margin_4q_avg": 21.46,
            "net_income": 108331,
            "net_income_4q": null,
            "revenue": 669989,
            "revenue_4q": null,
            "common_shares": 1642214,
            "book_valuer_per_share": 12.3,
            "book_valuer_per_share_4q_avg": 12.24,
            "equity": 2020398,
            "current_ratio": 174.08,
            "debt_ratio": 35.58,
            "inventory_turnover_ratio": 2.93,
            "account_receivable_turnover_ratio": null,
            "reinvestment_rate": null,
            "research_to_sale_ratio": null,
            "price_fair": 81.67,
            "eps_avg_yearly": 2.33,
            "eps_latest_yearly": 2.84,
            "eps_growth_yearly": 229.51
        },
        "20061": {
            "year_quarter": 20061,
            "year": 2006,
            "quarter": 1,
            "eps": 0.39,
            "eps_growth_year": 95,
            "eps_4q": 1.99,
            "eps_4q_growth_year": null,
            "roe": 3.08,
            "roe_4q": 17.82,
            "gross_profit": 117391,
            "gross_margin": 19.8,
            "gross_margin_4q_avg": 22.1,
            "net_income": 63275,
            "net_income_4q": null,
            "revenue": 592935,
            "revenue_4q": null,
            "common_shares": 1642214,
            "book_valuer_per_share": 12.69,
            "book_valuer_per_share_4q_avg": 12.48,
            "equity": 2083673,
            "current_ratio": 163.31,
            "debt_ratio": 32.55,
            "inventory_turnover_ratio": 2.55,
            "account_receivable_turnover_ratio": null,
            "reinvestment_rate": null,
            "research_to_sale_ratio": null,
            "price_fair": 74.9,
            "eps_avg_yearly": 2.14,
            "eps_latest_yearly": 1.56,
            "eps_growth_yearly": 127.06
        },
        "20062": {
            "year_quarter": 20062,
            "year": 2006,
            "quarter": 2,
            "eps": 0.65,
            "eps_growth_year": 54.76,
            "eps_4q": 2.07,
            "eps_4q_growth_year": null,
            "roe": 5.7,
            "roe_4q": 20,
            "gross_profit": 169394,
            "gross_margin": 22.92,
            "gross_margin_4q_avg": 23.03,
            "net_income": 121871,
            "net_income_4q": null,
            "revenue": 738985,
            "revenue_4q": null,
            "common_shares": 1880818,
            "book_valuer_per_share": 11.66,
            "book_valuer_per_share_4q_avg": 12.36,
            "equity": 2193167,
            "current_ratio": 159.95,
            "debt_ratio": 37.12,
            "inventory_turnover_ratio": 3.19,
            "account_receivable_turnover_ratio": null,
            "reinvestment_rate": null,
            "research_to_sale_ratio": null,
            "price_fair": 78.12,
            "eps_avg_yearly": 2.23,
            "eps_latest_yearly": 2.6,
            "eps_growth_yearly": 154.99
        },
        "20063": {
            "year_quarter": 20063,
            "year": 2006,
            "quarter": 3,
            "eps": 0.76,
            "eps_growth_year": 22.58,
            "eps_4q": 2.32,
            "eps_4q_growth_year": null,
            "roe": 6.32,
            "roe_4q": 20.83,
            "gross_profit": 189306,
            "gross_margin": 22.93,
            "gross_margin_4q_avg": 22.77,
            "net_income": 143093,
            "net_income_4q": null,
            "revenue": 825616,
            "revenue_4q": null,
            "common_shares": 1880818,
            "book_valuer_per_share": 12.42,
            "book_valuer_per_share_4q_avg": 12.27,
            "equity": 2336257,
            "current_ratio": 140.34,
            "debt_ratio": 36.71,
            "inventory_turnover_ratio": 3.41,
            "account_receivable_turnover_ratio": null,
            "reinvestment_rate": null,
            "research_to_sale_ratio": null,
            "price_fair": 82.83,
            "eps_avg_yearly": 2.37,
            "eps_latest_yearly": 3.04,
            "eps_growth_yearly": 140.44
        },
        "20064": {
            "year_quarter": 20064,
            "year": 2006,
            "quarter": 4,
            "eps": 0.79,
            "eps_growth_year": 11.27,
            "eps_4q": 2.53,
            "eps_4q_growth_year": 34.83,
            "roe": 6.17,
            "roe_4q": 21.270000000000003,
            "gross_profit": 206508,
            "gross_margin": 22.73,
            "gross_margin_4q_avg": 22.1,
            "net_income": 148627,
            "net_income_4q": null,
            "revenue": 908339,
            "revenue_4q": null,
            "common_shares": 1880818,
            "book_valuer_per_share": 13.21,
            "book_valuer_per_share_4q_avg": 12.5,
            "equity": 2484706,
            "current_ratio": 154.93,
            "debt_ratio": 34.27,
            "inventory_turnover_ratio": 3.33,
            "account_receivable_turnover_ratio": null,
            "reinvestment_rate": null,
            "research_to_sale_ratio": null,
            "price_fair": 86.8,
            "eps_avg_yearly": 2.48,
            "eps_latest_yearly": 3.16,
            "eps_growth_yearly": 122.63
        },
        "20071": {
            "year_quarter": 20071,
            "year": 2007,
            "quarter": 1,
            "eps": 0.33,
            "eps_growth_year": -15.38,
            "eps_4q": 2.52,
            "eps_4q_growth_year": 26.4,
            "roe": 2.48,
            "roe_4q": 20.67,
            "gross_profit": 110556,
            "gross_margin": 15.32,
            "gross_margin_4q_avg": 20.98,
            "net_income": 62351,
            "net_income_4q": null,
            "revenue": 721456,
            "revenue_4q": null,
            "common_shares": 1880818,
            "book_valuer_per_share": 13.54,
            "book_valuer_per_share_4q_avg": 12.71,
            "equity": 2547057,
            "current_ratio": 165.08,
            "debt_ratio": 29.96,
            "inventory_turnover_ratio": 2.91,
            "account_receivable_turnover_ratio": null,
            "reinvestment_rate": null,
            "research_to_sale_ratio": null,
            "price_fair": 81.73,
            "eps_avg_yearly": 2.34,
            "eps_latest_yearly": 1.32,
            "eps_growth_yearly": 78.19
        },
        "20072": {
            "year_quarter": 20072,
            "year": 2007,
            "quarter": 2,
            "eps": 0.57,
            "eps_growth_year": -12.31,
            "eps_4q": 2.1,
            "eps_4q_growth_year": 1.68,
            "roe": 5.06,
            "roe_4q": 20.03,
            "gross_profit": 184424,
            "gross_margin": 20.68,
            "gross_margin_4q_avg": 20.42,
            "net_income": 131774,
            "net_income_4q": null,
            "revenue": 891814,
            "revenue_4q": null,
            "common_shares": 1880818,
            "book_valuer_per_share": 14.16,
            "book_valuer_per_share_4q_avg": 13.33,
            "equity": 2663531,
            "current_ratio": 156.11,
            "debt_ratio": 37.44,
            "inventory_turnover_ratio": 3.29,
            "account_receivable_turnover_ratio": null,
            "reinvestment_rate": null,
            "research_to_sale_ratio": null,
            "price_fair": 81.51,
            "eps_avg_yearly": 2.33,
            "eps_latest_yearly": 2.28,
            "eps_growth_yearly": 101.82
        },
        "20073": {
            "year_quarter": 20073,
            "year": 2007,
            "quarter": 3,
            "eps": 0.65,
            "eps_growth_year": -14.47,
            "eps_4q": 2.12,
            "eps_4q_growth_year": -8.58,
            "roe": 4.71,
            "roe_4q": 18.42,
            "gross_profit": 195446,
            "gross_margin": 20.72,
            "gross_margin_4q_avg": 19.86,
            "net_income": 151573,
            "net_income_4q": null,
            "revenue": 943216,
            "revenue_4q": null,
            "common_shares": 2901981,
            "book_valuer_per_share": 13.01,
            "book_valuer_per_share_4q_avg": 13.48,
            "equity": 3775104,
            "current_ratio": 249.29,
            "debt_ratio": 29.46,
            "inventory_turnover_ratio": 3.29,
            "account_receivable_turnover_ratio": null,
            "reinvestment_rate": null,
            "research_to_sale_ratio": null,
            "price_fair": 82.46,
            "eps_avg_yearly": 2.36,
            "eps_latest_yearly": 2.6,
            "eps_growth_yearly": 97.25
        },
        "20074": {
            "year_quarter": 20074,
            "year": 2007,
            "quarter": 4,
            "eps": 0.55,
            "eps_growth_year": -30.38,
            "eps_4q": 1.94,
            "eps_4q_growth_year": -23.51,
            "roe": 3.56,
            "roe_4q": 15.809999999999999,
            "gross_profit": 154583,
            "gross_margin": 16.93,
            "gross_margin_4q_avg": 18.41,
            "net_income": 136918,
            "net_income_4q": null,
            "revenue": 912841,
            "revenue_4q": null,
            "common_shares": 2901982,
            "book_valuer_per_share": 13.48,
            "book_valuer_per_share_4q_avg": 13.55,
            "equity": 3912022,
            "current_ratio": 217.88,
            "debt_ratio": 22.63,
            "inventory_turnover_ratio": 3.1,
            "account_receivable_turnover_ratio": null,
            "reinvestment_rate": null,
            "research_to_sale_ratio": null,
            "price_fair": 81.96,
            "eps_avg_yearly": 2.34,
            "eps_latest_yearly": 2.2,
            "eps_growth_yearly": 82.82
        },
        "20081": {
            "year_quarter": 20081,
            "year": 2008,
            "quarter": 1,
            "eps": 0.14,
            "eps_growth_year": -57.58,
            "eps_4q": 1.55,
            "eps_4q_growth_year": -38.36,
            "roe": 1.06,
            "roe_4q": 14.39,
            "gross_profit": 89722,
            "gross_margin": 10.06,
            "gross_margin_4q_avg": 17.1,
            "net_income": 41646,
            "net_income_4q": null,
            "revenue": 891968,
            "revenue_4q": null,
            "common_shares": 2901982,
            "book_valuer_per_share": 13.62,
            "book_valuer_per_share_4q_avg": 13.57,
            "equity": 3953668,
            "current_ratio": 215.72,
            "debt_ratio": 21.02,
            "inventory_turnover_ratio": 3.01,
            "account_receivable_turnover_ratio": null,
            "reinvestment_rate": null,
            "research_to_sale_ratio": null,
            "price_fair": 76.77,
            "eps_avg_yearly": 2.19,
            "eps_latest_yearly": 0.56,
            "eps_growth_yearly": 51.07
        },
        "20082": {
            "year_quarter": 20082,
            "year": 2008,
            "quarter": 2,
            "eps": 0.2,
            "eps_growth_year": -64.91,
            "eps_4q": 1.31,
            "eps_4q_growth_year": -37.71,
            "roe": 1.55,
            "roe_4q": 10.879999999999999,
            "gross_profit": 108089,
            "gross_margin": 11.33,
            "gross_margin_4q_avg": 14.76,
            "net_income": 59536,
            "net_income_4q": null,
            "revenue": 953875,
            "revenue_4q": null,
            "common_shares": 3025000,
            "book_valuer_per_share": 12.26,
            "book_valuer_per_share_4q_avg": 13.09,
            "equity": 3708015,
            "current_ratio": 160.78,
            "debt_ratio": 26.9,
            "inventory_turnover_ratio": 2.8,
            "account_receivable_turnover_ratio": null,
            "reinvestment_rate": null,
            "research_to_sale_ratio": null,
            "price_fair": 73.02,
            "eps_avg_yearly": 2.09,
            "eps_latest_yearly": 0.8,
            "eps_growth_yearly": 60.33
        },
        "20083": {
            "year_quarter": 20083,
            "year": 2008,
            "quarter": 3,
            "eps": 0.12,
            "eps_growth_year": -81.54,
            "eps_4q": 0.89,
            "eps_4q_growth_year": -58.05,
            "roe": 1,
            "roe_4q": 7.17,
            "gross_profit": 85054,
            "gross_margin": 8.86,
            "gross_margin_4q_avg": 11.8,
            "net_income": 37144,
            "net_income_4q": null,
            "revenue": 960070,
            "revenue_4q": null,
            "common_shares": 3025000,
            "book_valuer_per_share": 12.38,
            "book_valuer_per_share_4q_avg": 12.94,
            "equity": 3745159,
            "current_ratio": 201.23,
            "debt_ratio": 19.53,
            "inventory_turnover_ratio": 2.9,
            "account_receivable_turnover_ratio": null,
            "reinvestment_rate": null,
            "research_to_sale_ratio": null,
            "price_fair": 69,
            "eps_avg_yearly": 1.97,
            "eps_latest_yearly": 0.48,
            "eps_growth_yearly": 44.59
        },
        "20084": {
            "year_quarter": 20084,
            "year": 2008,
            "quarter": 4,
            "eps": -0.28,
            "eps_growth_year": -150.91,
            "eps_4q": 0.18,
            "eps_4q_growth_year": -90.72,
            "roe": -2.25,
            "roe_4q": 1.36,
            "gross_profit": -36773,
            "gross_margin": -5.43,
            "gross_margin_4q_avg": 6.21,
            "net_income": -83438,
            "net_income_4q": null,
            "revenue": 676635,
            "revenue_4q": null,
            "common_shares": 3025000,
            "book_valuer_per_share": 12.1,
            "book_valuer_per_share_4q_avg": 12.59,
            "equity": 3661721,
            "current_ratio": 175.94,
            "debt_ratio": 18.53,
            "inventory_turnover_ratio": 2.63,
            "account_receivable_turnover_ratio": 2.47,
            "reinvestment_rate": 122.66,
            "research_to_sale_ratio": null,
            "price_fair": 69,
            "eps_avg_yearly": 1.97,
            "eps_latest_yearly": 0.48,
            "eps_growth_yearly": 44.59
        },
        "20091": {
            "year_quarter": 20091,
            "year": 2009,
            "quarter": 1,
            "eps": -0.29,
            "eps_growth_year": -307.14,
            "eps_4q": -0.24,
            "eps_4q_growth_year": -115.69,
            "roe": -2.4,
            "roe_4q": -2.1000000000000005,
            "gross_profit": -47120,
            "gross_margin": -8.17,
            "gross_margin_4q_avg": 1.65,
            "net_income": -86953,
            "net_income_4q": null,
            "revenue": 576905,
            "revenue_4q": null,
            "common_shares": 3025000,
            "book_valuer_per_share": 11.82,
            "book_valuer_per_share_4q_avg": 12.14,
            "equity": 3574768,
            "current_ratio": 257.44,
            "debt_ratio": 22.48,
            "inventory_turnover_ratio": 2.45,
            "account_receivable_turnover_ratio": 1.09,
            "reinvestment_rate": 123.01,
            "research_to_sale_ratio": null,
            "price_fair": 69,
            "eps_avg_yearly": 1.97,
            "eps_latest_yearly": 0.48,
            "eps_growth_yearly": 44.59
        },
        "20092": {
            "year_quarter": 20092,
            "year": 2009,
            "quarter": 2,
            "eps": -0.17,
            "eps_growth_year": -185,
            "eps_4q": -0.61,
            "eps_4q_growth_year": -146.95,
            "roe": -1.48,
            "roe_4q": -5.13,
            "gross_profit": -12760,
            "gross_margin": -1.79,
            "gross_margin_4q_avg": -1.63,
            "net_income": -52680,
            "net_income_4q": null,
            "revenue": 714607,
            "revenue_4q": null,
            "common_shares": 3025000,
            "book_valuer_per_share": 11.64,
            "book_valuer_per_share_4q_avg": 11.99,
            "equity": 3522088,
            "current_ratio": 235.37,
            "debt_ratio": 23.69,
            "inventory_turnover_ratio": 3.18,
            "account_receivable_turnover_ratio": 1.28,
            "reinvestment_rate": 117.36,
            "research_to_sale_ratio": null,
            "price_fair": 48.2,
            "eps_avg_yearly": 1.99,
            "eps_latest_yearly": 0.48,
            "eps_growth_yearly": 14.17
        },
        "20093": {
            "year_quarter": 20093,
            "year": 2009,
            "quarter": 3,
            "eps": -0.06,
            "eps_growth_year": -150,
            "eps_4q": -0.8,
            "eps_4q_growth_year": -190.05,
            "roe": -0.55,
            "roe_4q": -6.68,
            "gross_profit": 25847,
            "gross_margin": 3.09,
            "gross_margin_4q_avg": -3.08,
            "net_income": -19159,
            "net_income_4q": null,
            "revenue": 837057,
            "revenue_4q": null,
            "common_shares": 3025000,
            "book_valuer_per_share": 11.58,
            "book_valuer_per_share_4q_avg": 11.79,
            "equity": 3502929,
            "current_ratio": 214.71,
            "debt_ratio": 25.07,
            "inventory_turnover_ratio": 3.38,
            "account_receivable_turnover_ratio": 1.23,
            "reinvestment_rate": 121.07,
            "research_to_sale_ratio": null,
            "price_fair": 5.86,
            "eps_avg_yearly": 1.95,
            "eps_latest_yearly": 0.48,
            "eps_growth_yearly": -0.52
        },
        "20094": {
            "year_quarter": 20094,
            "year": 2009,
            "quarter": 4,
            "eps": -0.14,
            "eps_growth_year": null,
            "eps_4q": -0.67,
            "eps_4q_growth_year": -470.73,
            "roe": -1.23,
            "roe_4q": -5.66,
            "gross_profit": 12147,
            "gross_margin": 1.43,
            "gross_margin_4q_avg": -1.36,
            "net_income": -42859,
            "net_income_4q": null,
            "revenue": 852260,
            "revenue_4q": null,
            "common_shares": 3025000,
            "book_valuer_per_share": 11.45,
            "book_valuer_per_share_4q_avg": 11.62,
            "equity": 3460070,
            "current_ratio": 224.54,
            "debt_ratio": 24.95,
            "inventory_turnover_ratio": 3.03,
            "account_receivable_turnover_ratio": 2.34,
            "reinvestment_rate": 107.78,
            "research_to_sale_ratio": null,
            "price_fair": 5.62,
            "eps_avg_yearly": 1.87,
            "eps_latest_yearly": 0.48,
            "eps_growth_yearly": -5.84
        },
        "20101": {
            "year_quarter": 20101,
            "year": 2010,
            "quarter": 1,
            "eps": -0.13,
            "eps_growth_year": null,
            "eps_4q": -0.51,
            "eps_4q_growth_year": null,
            "roe": -1.18,
            "roe_4q": -4.4399999999999995,
            "gross_profit": -332,
            "gross_margin": -0.04,
            "gross_margin_4q_avg": 0.67,
            "net_income": -40551,
            "net_income_4q": null,
            "revenue": 826023,
            "revenue_4q": null,
            "common_shares": 3025000,
            "book_valuer_per_share": 11.32,
            "book_valuer_per_share_4q_avg": 11.5,
            "equity": 3419519,
            "current_ratio": 241.15,
            "debt_ratio": 23.12,
            "inventory_turnover_ratio": 3.07,
            "account_receivable_turnover_ratio": 1.1,
            "reinvestment_rate": 89.99,
            "research_to_sale_ratio": 1.62,
            "price_fair": 41.13,
            "eps_avg_yearly": 1.9,
            "eps_latest_yearly": 0.48,
            "eps_growth_yearly": 11.6
        },
        "20102": {
            "year_quarter": 20102,
            "year": 2010,
            "quarter": 2,
            "eps": 0.07,
            "eps_growth_year": null,
            "eps_4q": -0.27,
            "eps_4q_growth_year": null,
            "roe": 0.64,
            "roe_4q": -2.3200000000000003,
            "gross_profit": 78830,
            "gross_margin": 8.06,
            "gross_margin_4q_avg": 3.14,
            "net_income": 22076,
            "net_income_4q": null,
            "revenue": 977495,
            "revenue_4q": null,
            "common_shares": 3025000,
            "book_valuer_per_share": 11.39,
            "book_valuer_per_share_4q_avg": 11.44,
            "equity": 3441595,
            "current_ratio": 235.77,
            "debt_ratio": 24.14,
            "inventory_turnover_ratio": 3.62,
            "account_receivable_turnover_ratio": 1.15,
            "reinvestment_rate": 59.6,
            "research_to_sale_ratio": 1.52,
            "price_fair": 5.48,
            "eps_avg_yearly": 1.83,
            "eps_latest_yearly": 0.48,
            "eps_growth_yearly": -16.74
        },
        "20103": {
            "year_quarter": 20103,
            "year": 2010,
            "quarter": 3,
            "eps": 0.1,
            "eps_growth_year": null,
            "eps_4q": -0.1,
            "eps_4q_growth_year": null,
            "roe": 0.88,
            "roe_4q": -0.8899999999999999,
            "gross_profit": 72602,
            "gross_margin": 7.25,
            "gross_margin_4q_avg": 4.18,
            "net_income": 30416,
            "net_income_4q": null,
            "revenue": 1002057,
            "revenue_4q": null,
            "common_shares": 3025000,
            "book_valuer_per_share": 11.49,
            "book_valuer_per_share_4q_avg": 11.41,
            "equity": 3472011,
            "current_ratio": 234.54,
            "debt_ratio": 24.52,
            "inventory_turnover_ratio": 3.36,
            "account_receivable_turnover_ratio": 1.07,
            "reinvestment_rate": 31.61,
            "research_to_sale_ratio": 1.43,
            "price_fair": 4.6,
            "eps_avg_yearly": 1.53,
            "eps_latest_yearly": 0.4,
            "eps_growth_yearly": -5.22
        },
        "20104": {
            "year_quarter": 20104,
            "year": 2010,
            "quarter": 4,
            "eps": -0.03,
            "eps_growth_year": null,
            "eps_4q": 0.01,
            "eps_4q_growth_year": null,
            "roe": -0.25,
            "roe_4q": 0.09000000000000008,
            "gross_profit": 43742,
            "gross_margin": 5.42,
            "gross_margin_4q_avg": 5.17,
            "net_income": -8639,
            "net_income_4q": null,
            "revenue": 806503,
            "revenue_4q": null,
            "common_shares": 3025000,
            "book_valuer_per_share": 11.46,
            "book_valuer_per_share_4q_avg": 11.42,
            "equity": 3463372,
            "current_ratio": 255.34,
            "debt_ratio": 21.58,
            "inventory_turnover_ratio": 2.62,
            "account_receivable_turnover_ratio": 0.94,
            "reinvestment_rate": 20.64,
            "research_to_sale_ratio": 1.57,
            "price_fair": 3.99,
            "eps_avg_yearly": 1.33,
            "eps_latest_yearly": 0.4,
            "eps_growth_yearly": -7.84
        },
        "20111": {
            "year_quarter": 20111,
            "year": 2011,
            "quarter": 1,
            "eps": -0.21,
            "eps_growth_year": null,
            "eps_4q": -0.07,
            "eps_4q_growth_year": null,
            "roe": -1.89,
            "roe_4q": -0.6199999999999998,
            "gross_profit": -6252,
            "gross_margin": -0.8,
            "gross_margin_4q_avg": 4.98,
            "net_income": -64826,
            "net_income_4q": null,
            "revenue": 782958,
            "revenue_4q": null,
            "common_shares": 3025000,
            "book_valuer_per_share": 11.25,
            "book_valuer_per_share_4q_avg": 11.4,
            "equity": 3398546,
            "current_ratio": 264.18,
            "debt_ratio": 20.85,
            "inventory_turnover_ratio": 2.88,
            "account_receivable_turnover_ratio": 1.05,
            "reinvestment_rate": -20.95,
            "research_to_sale_ratio": 1.88,
            "price_fair": 45.68,
            "eps_avg_yearly": 1.33,
            "eps_latest_yearly": 0.4,
            "eps_growth_yearly": 24.31
        },
        "20112": {
            "year_quarter": 20112,
            "year": 2011,
            "quarter": 2,
            "eps": -0.24,
            "eps_growth_year": -429.47,
            "eps_4q": -0.38,
            "eps_4q_growth_year": null,
            "roe": -2.16,
            "roe_4q": -3.42,
            "gross_profit": -16305,
            "gross_margin": -1.94,
            "gross_margin_4q_avg": 2.48,
            "net_income": -72734,
            "net_income_4q": null,
            "revenue": 839571,
            "revenue_4q": null,
            "common_shares": 3025000,
            "book_valuer_per_share": 11.01,
            "book_valuer_per_share_4q_avg": 11.3,
            "equity": 3325812,
            "current_ratio": 241.42,
            "debt_ratio": 21.95,
            "inventory_turnover_ratio": 3.04,
            "account_receivable_turnover_ratio": 1.14,
            "reinvestment_rate": -4441.7,
            "research_to_sale_ratio": 2.38,
            "price_fair": 3.52,
            "eps_avg_yearly": 1.17,
            "eps_latest_yearly": 0.4,
            "eps_growth_yearly": -20.12
        },
        "20113": {
            "year_quarter": 20113,
            "year": 2011,
            "quarter": 3,
            "eps": -0.3,
            "eps_growth_year": -399.38,
            "eps_4q": -0.79,
            "eps_4q_growth_year": null,
            "roe": -2.78,
            "roe_4q": -7.079999999999999,
            "gross_profit": -60438,
            "gross_margin": -9.95,
            "gross_margin_4q_avg": -1.82,
            "net_income": -91058,
            "net_income_4q": null,
            "revenue": 607452,
            "revenue_4q": null,
            "common_shares": 3025000,
            "book_valuer_per_share": 10.7,
            "book_valuer_per_share_4q_avg": 11.11,
            "equity": 3234754,
            "current_ratio": 291.91,
            "debt_ratio": 18.03,
            "inventory_turnover_ratio": 2.52,
            "account_receivable_turnover_ratio": 0.93,
            "reinvestment_rate": null,
            "research_to_sale_ratio": 2.4,
            "price_fair": 2.66,
            "eps_avg_yearly": 0.89,
            "eps_latest_yearly": 0.4,
            "eps_growth_yearly": -35.37
        },
        "20114": {
            "year_quarter": 20114,
            "year": 2011,
            "quarter": 4,
            "eps": -0.27,
            "eps_growth_year": null,
            "eps_4q": -1.03,
            "eps_4q_growth_year": -9534.73,
            "roe": -2.6,
            "roe_4q": -9.43,
            "gross_profit": -18907,
            "gross_margin": -2.84,
            "gross_margin_4q_avg": -3.88,
            "net_income": -82913,
            "net_income_4q": null,
            "revenue": 665691,
            "revenue_4q": null,
            "common_shares": 3025000,
            "book_valuer_per_share": 10.43,
            "book_valuer_per_share_4q_avg": 10.85,
            "equity": 3151841,
            "current_ratio": 286.08,
            "debt_ratio": 18.41,
            "inventory_turnover_ratio": 2.8,
            "account_receivable_turnover_ratio": 1.13,
            "reinvestment_rate": null,
            "research_to_sale_ratio": 2.5,
            "price_fair": 1.68,
            "eps_avg_yearly": 0.56,
            "eps_latest_yearly": 0.4,
            "eps_growth_yearly": -28.83
        },
        "20121": {
            "year_quarter": 20121,
            "year": 2012,
            "quarter": 1,
            "eps": -0.28,
            "eps_growth_year": null,
            "eps_4q": -1.1,
            "eps_4q_growth_year": null,
            "roe": -2.76,
            "roe_4q": -10.299999999999999,
            "gross_profit": -42547,
            "gross_margin": -6.51,
            "gross_margin_4q_avg": -5.31,
            "net_income": -85935,
            "net_income_4q": null,
            "revenue": 653661,
            "revenue_4q": null,
            "common_shares": 3025000,
            "book_valuer_per_share": 10.15,
            "book_valuer_per_share_4q_avg": 10.57,
            "equity": 3065906,
            "current_ratio": 282.56,
            "debt_ratio": 18.57,
            "inventory_turnover_ratio": 2.82,
            "account_receivable_turnover_ratio": 1.08,
            "reinvestment_rate": null,
            "research_to_sale_ratio": 2.46,
            "price_fair": 19.6,
            "eps_avg_yearly": 0.56,
            "eps_latest_yearly": 0.4,
            "eps_growth_yearly": 60.95
        },
        "20122": {
            "year_quarter": 20122,
            "year": 2012,
            "quarter": 2,
            "eps": 0.02,
            "eps_growth_year": null,
            "eps_4q": -0.84,
            "eps_4q_growth_year": null,
            "roe": 0.25,
            "roe_4q": -7.889999999999999,
            "gross_profit": 50952,
            "gross_margin": 6.13,
            "gross_margin_4q_avg": -3.29,
            "net_income": 7545,
            "net_income_4q": null,
            "revenue": 831417,
            "revenue_4q": null,
            "common_shares": 3025000,
            "book_valuer_per_share": 10.17,
            "book_valuer_per_share_4q_avg": 10.36,
            "equity": 3073451,
            "current_ratio": 274.51,
            "debt_ratio": 19.54,
            "inventory_turnover_ratio": 3.05,
            "account_receivable_turnover_ratio": 1.22,
            "reinvestment_rate": null,
            "research_to_sale_ratio": 2.1,
            "price_fair": 6.91,
            "eps_avg_yearly": 0.44,
            "eps_latest_yearly": 0.4,
            "eps_growth_yearly": 5.71
        },
        "20123": {
            "year_quarter": 20123,
            "year": 2012,
            "quarter": 3,
            "eps": -0.15,
            "eps_growth_year": null,
            "eps_4q": -0.68,
            "eps_4q_growth_year": null,
            "roe": -1.49,
            "roe_4q": -6.6,
            "gross_profit": 4138,
            "gross_margin": 0.58,
            "gross_margin_4q_avg": -0.66,
            "net_income": -45365,
            "net_income_4q": null,
            "revenue": 711062,
            "revenue_4q": null,
            "common_shares": 3025000,
            "book_valuer_per_share": 10.02,
            "book_valuer_per_share_4q_avg": 10.19,
            "equity": 3028086,
            "current_ratio": 295.26,
            "debt_ratio": 17.65,
            "inventory_turnover_ratio": 2.7,
            "account_receivable_turnover_ratio": 0.95,
            "reinvestment_rate": null,
            "research_to_sale_ratio": 2.55,
            "price_fair": 14,
            "eps_avg_yearly": 0.4,
            "eps_latest_yearly": 0.4,
            "eps_growth_yearly": 171.43
        },
        "20124": {
            "year_quarter": 20124,
            "year": 2012,
            "quarter": 4,
            "eps": -0.28,
            "eps_growth_year": null,
            "eps_4q": -0.69,
            "eps_4q_growth_year": null,
            "roe": -2.83,
            "roe_4q": -6.83,
            "gross_profit": -34616,
            "gross_margin": -5.24,
            "gross_margin_4q_avg": -1.26,
            "net_income": -84520,
            "net_income_4q": null,
            "revenue": 661232,
            "revenue_4q": null,
            "common_shares": 3025000,
            "book_valuer_per_share": 9.74,
            "book_valuer_per_share_4q_avg": 10.02,
            "equity": 2943566,
            "current_ratio": 297.08,
            "debt_ratio": 17.18,
            "inventory_turnover_ratio": 2.9,
            "account_receivable_turnover_ratio": 0.99,
            "reinvestment_rate": null,
            "research_to_sale_ratio": 2.85,
            "price_fair": 14,
            "eps_avg_yearly": 0.4,
            "eps_latest_yearly": 0.4,
            "eps_growth_yearly": 171.43
        },
        "20131": {
            "year_quarter": 20131,
            "year": 2013,
            "quarter": 1,
            "eps": -0.15,
            "eps_growth_year": null,
            "eps_4q": -0.55,
            "eps_4q_growth_year": null,
            "roe": -1.53,
            "roe_4q": -5.6000000000000005,
            "gross_profit": -6371,
            "gross_margin": -1,
            "gross_margin_4q_avg": 0.12,
            "net_income": -44612,
            "net_income_4q": null,
            "revenue": 636081,
            "revenue_4q": null,
            "common_shares": 3025000,
            "book_valuer_per_share": 9.59,
            "book_valuer_per_share_4q_avg": 9.88,
            "equity": 2897909,
            "current_ratio": 312.18,
            "debt_ratio": 18.77,
            "inventory_turnover_ratio": 2.75,
            "account_receivable_turnover_ratio": 1.04,
            "reinvestment_rate": null,
            "research_to_sale_ratio": 2.68,
            "price_fair": 14,
            "eps_avg_yearly": 0.4,
            "eps_latest_yearly": 0.4,
            "eps_growth_yearly": 171.43
        },
        "20132": {
            "year_quarter": 20132,
            "year": 2013,
            "quarter": 2,
            "eps": -0.25,
            "eps_growth_year": -1101.28,
            "eps_4q": -0.83,
            "eps_4q_growth_year": null,
            "roe": -2.63,
            "roe_4q": -8.48,
            "gross_profit": -30818,
            "gross_margin": -5.84,
            "gross_margin_4q_avg": -2.88,
            "net_income": -75284,
            "net_income_4q": null,
            "revenue": 527686,
            "revenue_4q": null,
            "common_shares": 3025000,
            "book_valuer_per_share": 9.34,
            "book_valuer_per_share_4q_avg": 9.67,
            "equity": 2822625,
            "current_ratio": 364.34,
            "debt_ratio": 16.64,
            "inventory_turnover_ratio": 2.48,
            "account_receivable_turnover_ratio": 1,
            "reinvestment_rate": null,
            "research_to_sale_ratio": 2.92,
            "price_fair": 14,
            "eps_avg_yearly": 0.4,
            "eps_latest_yearly": 0.4,
            "eps_growth_yearly": 171.43
        },
        "20133": {
            "year_quarter": 20133,
            "year": 2013,
            "quarter": 3,
            "eps": -1.01,
            "eps_growth_year": null,
            "eps_4q": -1.68,
            "eps_4q_growth_year": null,
            "roe": -11.41,
            "roe_4q": -18.4,
            "gross_profit": -17863,
            "gross_margin": -3.31,
            "gross_margin_4q_avg": -3.85,
            "net_income": -304907,
            "net_income_4q": null,
            "revenue": 540057,
            "revenue_4q": null,
            "common_shares": 3025000,
            "book_valuer_per_share": 8.33,
            "book_valuer_per_share_4q_avg": 9.25,
            "equity": 2519849,
            "current_ratio": 405.47,
            "debt_ratio": 16.49,
            "inventory_turnover_ratio": 2.83,
            "account_receivable_turnover_ratio": 1.19,
            "reinvestment_rate": null,
            "research_to_sale_ratio": 2.34,
            "price_fair": 14,
            "eps_avg_yearly": 0.4,
            "eps_latest_yearly": 0.4,
            "eps_growth_yearly": 171.43
        },
        "20134": {
            "year_quarter": 20134,
            "year": 2013,
            "quarter": 4,
            "eps": 0.06,
            "eps_growth_year": null,
            "eps_4q": -1.34,
            "eps_4q_growth_year": null,
            "roe": 0.76,
            "roe_4q": -14.81,
            "gross_profit": 50917,
            "gross_margin": 9.33,
            "gross_margin_4q_avg": -0.21,
            "net_income": 19249,
            "net_income_4q": null,
            "revenue": 545890,
            "revenue_4q": null,
            "common_shares": 3025000,
            "book_valuer_per_share": 8.42,
            "book_valuer_per_share_4q_avg": 8.92,
            "equity": 2547210,
            "current_ratio": 395.54,
            "debt_ratio": 16.53,
            "inventory_turnover_ratio": 2.66,
            "account_receivable_turnover_ratio": 1.18,
            "reinvestment_rate": null,
            "research_to_sale_ratio": 2.06,
            "price_fair": 14,
            "eps_avg_yearly": 0.4,
            "eps_latest_yearly": 0.4,
            "eps_growth_yearly": 171.43
        },
        "20141": {
            "year_quarter": 20141,
            "year": 2014,
            "quarter": 1,
            "eps": -0.03,
            "eps_growth_year": null,
            "eps_4q": -1.22,
            "eps_4q_growth_year": null,
            "roe": -0.36,
            "roe_4q": -13.64,
            "gross_profit": 17909,
            "gross_margin": 3.6,
            "gross_margin_4q_avg": 0.95,
            "net_income": -9155,
            "net_income_4q": null,
            "revenue": 497409,
            "revenue_4q": null,
            "common_shares": 3025000,
            "book_valuer_per_share": 8.39,
            "book_valuer_per_share_4q_avg": 8.62,
            "equity": 2538055,
            "current_ratio": 462.42,
            "debt_ratio": 14.39,
            "inventory_turnover_ratio": 2.63,
            "account_receivable_turnover_ratio": 1.1,
            "reinvestment_rate": null,
            "research_to_sale_ratio": 2.4,
            "price_fair": 14,
            "eps_avg_yearly": 0.4,
            "eps_latest_yearly": 0.4,
            "eps_growth_yearly": 171.43
        },
        "20142": {
            "year_quarter": 20142,
            "year": 2014,
            "quarter": 2,
            "eps": 0.02,
            "eps_growth_year": null,
            "eps_4q": -0.96,
            "eps_4q_growth_year": null,
            "roe": 0.18,
            "roe_4q": -10.83,
            "gross_profit": 35693,
            "gross_margin": 6.57,
            "gross_margin_4q_avg": 4.05,
            "net_income": 4612,
            "net_income_4q": null,
            "revenue": 543627,
            "revenue_4q": null,
            "common_shares": 3025000,
            "book_valuer_per_share": 8.41,
            "book_valuer_per_share_4q_avg": 8.39,
            "equity": 2542667,
            "current_ratio": 445.62,
            "debt_ratio": 14.63,
            "inventory_turnover_ratio": 3.12,
            "account_receivable_turnover_ratio": 1.22,
            "reinvestment_rate": null,
            "research_to_sale_ratio": 2.15,
            "price_fair": 14,
            "eps_avg_yearly": 0.4,
            "eps_latest_yearly": 0.4,
            "eps_growth_yearly": 171.43
        },
        "20143": {
            "year_quarter": 20143,
            "year": 2014,
            "quarter": 3,
            "eps": -0.03,
            "eps_growth_year": null,
            "eps_4q": 0.01,
            "eps_4q_growth_year": null,
            "roe": -0.36,
            "roe_4q": 0.21999999999999997,
            "gross_profit": 28874,
            "gross_margin": 4.85,
            "gross_margin_4q_avg": 6.09,
            "net_income": -10808,
            "net_income_4q": null,
            "revenue": 594797,
            "revenue_4q": null,
            "common_shares": 4025000,
            "book_valuer_per_share": 8.68,
            "book_valuer_per_share_4q_avg": 8.48,
            "equity": 3492724,
            "current_ratio": 567.38,
            "debt_ratio": 13.28,
            "inventory_turnover_ratio": 3.52,
            "account_receivable_turnover_ratio": 1.2,
            "reinvestment_rate": null,
            "research_to_sale_ratio": 2.04,
            "price_fair": 0,
            "eps_avg_yearly": 0,
            "eps_latest_yearly": 0,
            "eps_growth_yearly": 0
        },
        "20144": {
            "year_quarter": 20144,
            "year": 2014,
            "quarter": 4,
            "eps": 0.19,
            "eps_growth_year": 201,
            "eps_4q": 0.15,
            "eps_4q_growth_year": null,
            "roe": 2.19,
            "roe_4q": 1.6500000000000004,
            "gross_profit": 73096,
            "gross_margin": 12.55,
            "gross_margin_4q_avg": 6.89,
            "net_income": 77093,
            "net_income_4q": null,
            "revenue": 582445,
            "revenue_4q": null,
            "common_shares": 4025000,
            "book_valuer_per_share": 8.85,
            "book_valuer_per_share_4q_avg": 8.58,
            "equity": 3563043,
            "current_ratio": 642.91,
            "debt_ratio": 11.71,
            "inventory_turnover_ratio": 2.94,
            "account_receivable_turnover_ratio": 1.14,
            "reinvestment_rate": null,
            "research_to_sale_ratio": 1.82,
            "price_fair": 0,
            "eps_avg_yearly": 0,
            "eps_latest_yearly": 0,
            "eps_growth_yearly": 0
        },
        "20151": {
            "year_quarter": 20151,
            "year": 2015,
            "quarter": 1,
            "eps": 0.04,
            "eps_growth_year": null,
            "eps_4q": 0.21,
            "eps_4q_growth_year": null,
            "roe": 0.42,
            "roe_4q": 2.43,
            "gross_profit": 52609,
            "gross_margin": 9.98,
            "gross_margin_4q_avg": 8.49,
            "net_income": 15081,
            "net_income_4q": null,
            "revenue": 527163,
            "revenue_4q": null,
            "common_shares": 4025000,
            "book_valuer_per_share": 8.89,
            "book_valuer_per_share_4q_avg": 8.71,
            "equity": 3578124,
            "current_ratio": 648.58,
            "debt_ratio": 10.94,
            "inventory_turnover_ratio": 2.82,
            "account_receivable_turnover_ratio": 1.09,
            "reinvestment_rate": null,
            "research_to_sale_ratio": 2.23,
            "price_fair": 0.48,
            "eps_avg_yearly": 0.16,
            "eps_latest_yearly": 0.16,
            "eps_growth_yearly": -315.79
        },
        "20152": {
            "year_quarter": 20152,
            "year": 2015,
            "quarter": 2,
            "eps": -0.18,
            "eps_growth_year": -1000,
            "eps_4q": 0.03,
            "eps_4q_growth_year": null,
            "roe": -2,
            "roe_4q": 0.2499999999999999,
            "gross_profit": -21765,
            "gross_margin": -4.74,
            "gross_margin_4q_avg": 5.66,
            "net_income": -70943,
            "net_income_4q": null,
            "revenue": 459101,
            "revenue_4q": null,
            "common_shares": 4098600,
            "book_valuer_per_share": 8.57,
            "book_valuer_per_share_4q_avg": 8.75,
            "equity": 3513570,
            "current_ratio": 618.44,
            "debt_ratio": 10.71,
            "inventory_turnover_ratio": 3.28,
            "account_receivable_turnover_ratio": 1.14,
            "reinvestment_rate": null,
            "research_to_sale_ratio": 2.84,
            "price_fair": 0.48,
            "eps_avg_yearly": 0.16,
            "eps_latest_yearly": 0.16,
            "eps_growth_yearly": -315.79
        },
        "20153": {
            "year_quarter": 20153,
            "year": 2015,
            "quarter": 3,
            "eps": 0,
            "eps_growth_year": null,
            "eps_4q": 0.05,
            "eps_4q_growth_year": 434.83,
            "roe": -0,
            "roe_4q": 0.6099999999999999,
            "gross_profit": -42661,
            "gross_margin": -10.11,
            "gross_margin_4q_avg": 1.92,
            "net_income": -10,
            "net_income_4q": null,
            "revenue": 422073,
            "revenue_4q": null,
            "common_shares": 4097300,
            "book_valuer_per_share": 8.6,
            "book_valuer_per_share_4q_avg": 8.73,
            "equity": 3525242,
            "current_ratio": 664.17,
            "debt_ratio": 10.16,
            "inventory_turnover_ratio": 3.87,
            "account_receivable_turnover_ratio": 1.27,
            "reinvestment_rate": null,
            "research_to_sale_ratio": 3.2,
            "price_fair": 0.48,
            "eps_avg_yearly": 0.16,
            "eps_latest_yearly": 0.16,
            "eps_growth_yearly": -315.79
        },
        "20154": {
            "year_quarter": 20154,
            "year": 2015,
            "quarter": 4,
            "eps": -0.13,
            "eps_growth_year": -168.47,
            "eps_4q": -0.27,
            "eps_4q_growth_year": -274.46,
            "roe": -1.53,
            "roe_4q": -3.1100000000000003,
            "gross_profit": -19224,
            "gross_margin": -4.45,
            "gross_margin_4q_avg": -2.33,
            "net_income": -53688,
            "net_income_4q": null,
            "revenue": 432291,
            "revenue_4q": null,
            "common_shares": 4094000,
            "book_valuer_per_share": 8.5,
            "book_valuer_per_share_4q_avg": 8.64,
            "equity": 3478408,
            "current_ratio": 580.06,
            "debt_ratio": 10.97,
            "inventory_turnover_ratio": 4.05,
            "account_receivable_turnover_ratio": 1.23,
            "reinvestment_rate": null,
            "research_to_sale_ratio": 2.97,
            "price_fair": 0.48,
            "eps_avg_yearly": 0.16,
            "eps_latest_yearly": 0.16,
            "eps_growth_yearly": -315.79
        },
        "20161": {
            "year_quarter": 20161,
            "year": 2016,
            "quarter": 1,
            "eps": -0.17,
            "eps_growth_year": -525,
            "eps_4q": -0.47,
            "eps_4q_growth_year": -320.86,
            "roe": -1.98,
            "roe_4q": -5.51,
            "gross_profit": -12153,
            "gross_margin": -2.71,
            "gross_margin_4q_avg": -5.5,
            "net_income": -68361,
            "net_income_4q": null,
            "revenue": 448819,
            "revenue_4q": null,
            "common_shares": 4091000,
            "book_valuer_per_share": 8.35,
            "book_valuer_per_share_4q_avg": 8.51,
            "equity": 3417176,
            "current_ratio": 536.83,
            "debt_ratio": 11.24,
            "inventory_turnover_ratio": 3.6,
            "account_receivable_turnover_ratio": 1.24,
            "reinvestment_rate": null,
            "research_to_sale_ratio": 2.98,
            "price_fair": 0.48,
            "eps_avg_yearly": 0.16,
            "eps_latest_yearly": 0.16,
            "eps_growth_yearly": -315.79
        },
        "20162": {
            "year_quarter": 20162,
            "year": 2016,
            "quarter": 2,
            "eps": -0.14,
            "eps_growth_year": null,
            "eps_4q": -0.44,
            "eps_4q_growth_year": -1839.25,
            "roe": -1.74,
            "roe_4q": -5.25,
            "gross_profit": -31176,
            "gross_margin": -7.06,
            "gross_margin_4q_avg": -6.08,
            "net_income": -58889,
            "net_income_4q": null,
            "revenue": 441874,
            "revenue_4q": null,
            "common_shares": 4091000,
            "book_valuer_per_share": 8.23,
            "book_valuer_per_share_4q_avg": 8.42,
            "equity": 3365004,
            "current_ratio": 595.02,
            "debt_ratio": 9.91,
            "inventory_turnover_ratio": 3.46,
            "account_receivable_turnover_ratio": 1.3,
            "reinvestment_rate": null,
            "research_to_sale_ratio": 2.8,
            "price_fair": 0.48,
            "eps_avg_yearly": 0.16,
            "eps_latest_yearly": 0.16,
            "eps_growth_yearly": -315.79
        },
        "20163": {
            "year_quarter": 20163,
            "year": 2016,
            "quarter": 3,
            "eps": -0.25,
            "eps_growth_year": null,
            "eps_4q": -0.69,
            "eps_4q_growth_year": -1440.27,
            "roe": -3.09,
            "roe_4q": -8.34,
            "gross_profit": -40183,
            "gross_margin": -9.43,
            "gross_margin_4q_avg": -5.91,
            "net_income": -102515,
            "net_income_4q": null,
            "revenue": 426112,
            "revenue_4q": null,
            "common_shares": 4083359,
            "book_valuer_per_share": 8,
            "book_valuer_per_share_4q_avg": 8.27,
            "equity": 3267872,
            "current_ratio": 464.85,
            "debt_ratio": 11.42,
            "inventory_turnover_ratio": 3.24,
            "account_receivable_turnover_ratio": 1.29,
            "reinvestment_rate": null,
            "research_to_sale_ratio": 2.93,
            "price_fair": 0.48,
            "eps_avg_yearly": 0.16,
            "eps_latest_yearly": 0.16,
            "eps_growth_yearly": -315.79
        },
        "20164": {
            "year_quarter": 20164,
            "year": 2016,
            "quarter": 4,
            "eps": -0.11,
            "eps_growth_year": null,
            "eps_4q": -0.67,
            "eps_4q_growth_year": null,
            "roe": -1.36,
            "roe_4q": -8.17,
            "gross_profit": -32591,
            "gross_margin": -7.66,
            "gross_margin_4q_avg": -6.72,
            "net_income": -44049,
            "net_income_4q": null,
            "revenue": 425480,
            "revenue_4q": null,
            "common_shares": 4080279,
            "book_valuer_per_share": 7.9,
            "book_valuer_per_share_4q_avg": 8.12,
            "equity": 3221474,
            "current_ratio": 420.86,
            "debt_ratio": 12.07,
            "inventory_turnover_ratio": 2.94,
            "account_receivable_turnover_ratio": 1.28,
            "reinvestment_rate": null,
            "research_to_sale_ratio": 3.41,
            "price_fair": 0.48,
            "eps_avg_yearly": 0.16,
            "eps_latest_yearly": 0.16,
            "eps_growth_yearly": -315.79
        },
        "20171": {
            "year_quarter": 20171,
            "year": 2017,
            "quarter": 1,
            "eps": -0.44,
            "eps_growth_year": null,
            "eps_4q": -0.94,
            "eps_4q_growth_year": null,
            "roe": -5.74,
            "roe_4q": -11.930000000000001,
            "gross_profit": -91529,
            "gross_margin": -26.12,
            "gross_margin_4q_avg": -12.57,
            "net_income": -179804,
            "net_income_4q": null,
            "revenue": 350388,
            "revenue_4q": null,
            "common_shares": 4079299,
            "book_valuer_per_share": 7.46,
            "book_valuer_per_share_4q_avg": 7.9,
            "equity": 3044484,
            "current_ratio": 426.44,
            "debt_ratio": 10.69,
            "inventory_turnover_ratio": 2.82,
            "account_receivable_turnover_ratio": 1.15,
            "reinvestment_rate": null,
            "research_to_sale_ratio": 5.06,
            "price_fair": 0.48,
            "eps_avg_yearly": 0.16,
            "eps_latest_yearly": 0.16,
            "eps_growth_yearly": -315.79
        },
        "20172": {
            "year_quarter": 20172,
            "year": 2017,
            "quarter": 2,
            "eps": -0.28,
            "eps_growth_year": null,
            "eps_4q": -1.08,
            "eps_4q_growth_year": null,
            "roe": -3.76,
            "roe_4q": -13.95,
            "gross_profit": -82837,
            "gross_margin": -25.01,
            "gross_margin_4q_avg": -17.06,
            "net_income": -112371,
            "net_income_4q": null,
            "revenue": 331202,
            "revenue_4q": null,
            "common_shares": 4079299,
            "book_valuer_per_share": 7.19,
            "book_valuer_per_share_4q_avg": 7.64,
            "equity": 2933798,
            "current_ratio": 371.92,
            "debt_ratio": 11.9,
            "inventory_turnover_ratio": 2.67,
            "account_receivable_turnover_ratio": 1.23,
            "reinvestment_rate": null,
            "research_to_sale_ratio": 4.94,
            "price_fair": 0.48,
            "eps_avg_yearly": 0.16,
            "eps_latest_yearly": 0.16,
            "eps_growth_yearly": -315.79
        },
        "20173": {
            "year_quarter": 20173,
            "year": 2017,
            "quarter": 3,
            "eps": -1.3,
            "eps_growth_year": null,
            "eps_4q": -2.12,
            "eps_4q_growth_year": null,
            "roe": -19.86,
            "roe_4q": -30.72,
            "gross_profit": -74065,
            "gross_margin": -20.43,
            "gross_margin_4q_avg": -19.81,
            "net_income": -529295,
            "net_income_4q": null,
            "revenue": 362559,
            "revenue_4q": null,
            "common_shares": 4074820,
            "book_valuer_per_share": 5.88,
            "book_valuer_per_share_4q_avg": 7.11,
            "equity": 2396991,
            "current_ratio": 333.56,
            "debt_ratio": 14.78,
            "inventory_turnover_ratio": 2.7,
            "account_receivable_turnover_ratio": 1.32,
            "reinvestment_rate": null,
            "research_to_sale_ratio": 4.18,
            "price_fair": 0.48,
            "eps_avg_yearly": 0.16,
            "eps_latest_yearly": 0.16,
            "eps_growth_yearly": -315.79
        },
        "20174": {
            "year_quarter": 20174,
            "year": 2017,
            "quarter": 4,
            "eps": -0.09,
            "eps_growth_year": null,
            "eps_4q": -2.11,
            "eps_4q_growth_year": null,
            "roe": -1.53,
            "roe_4q": -30.89,
            "gross_profit": -12220,
            "gross_margin": -3.35,
            "gross_margin_4q_avg": -18.73,
            "net_income": -36460,
            "net_income_4q": null,
            "revenue": 365000,
            "revenue_4q": null,
            "common_shares": 4073300,
            "book_valuer_per_share": 5.84,
            "book_valuer_per_share_4q_avg": 6.59,
            "equity": 2377905,
            "current_ratio": 358.39,
            "debt_ratio": 13.12,
            "inventory_turnover_ratio": 2.2,
            "account_receivable_turnover_ratio": 1.33,
            "reinvestment_rate": null,
            "research_to_sale_ratio": 3.66,
            "price_fair": 0.48,
            "eps_avg_yearly": 0.16,
            "eps_latest_yearly": 0.16,
            "eps_growth_yearly": -315.79
        },
        "20181": {
            "year_quarter": 20181,
            "year": 2018,
            "quarter": 1,
            "eps": -0.12,
            "eps_growth_year": null,
            "eps_4q": -1.78,
            "eps_4q_growth_year": null,
            "roe": -2.04,
            "roe_4q": -27.189999999999998,
            "gross_profit": -8066,
            "gross_margin": -2.33,
            "gross_margin_4q_avg": -12.78,
            "net_income": -48144,
            "net_income_4q": null,
            "revenue": 345509,
            "revenue_4q": null,
            "common_shares": 4073300,
            "book_valuer_per_share": 5.72,
            "book_valuer_per_share_4q_avg": 6.16,
            "equity": 2330664,
            "current_ratio": 371.53,
            "debt_ratio": 11.3,
            "inventory_turnover_ratio": 2.34,
            "account_receivable_turnover_ratio": 1.29,
            "reinvestment_rate": null,
            "research_to_sale_ratio": 3.49,
            "price_fair": 0.48,
            "eps_avg_yearly": 0.16,
            "eps_latest_yearly": 0.16,
            "eps_growth_yearly": -315.79
        },
        "20182": {
            "year_quarter": 20182,
            "year": 2018,
            "quarter": 2,
            "eps": -0.04,
            "eps_growth_year": null,
            "eps_4q": -1.55,
            "eps_4q_growth_year": null,
            "roe": -0.7,
            "roe_4q": -24.13,
            "gross_profit": -19460,
            "gross_margin": -5.92,
            "gross_margin_4q_avg": -8.01,
            "net_income": -16216,
            "net_income_4q": null,
            "revenue": 328536,
            "revenue_4q": null,
            "common_shares": 4073300,
            "book_valuer_per_share": 5.68,
            "book_valuer_per_share_4q_avg": 5.78,
            "equity": 2314028,
            "current_ratio": 347.28,
            "debt_ratio": 12.28,
            "inventory_turnover_ratio": 2.35,
            "account_receivable_turnover_ratio": 1.28,
            "reinvestment_rate": null,
            "research_to_sale_ratio": 3.69,
            "price_fair": 0.48,
            "eps_avg_yearly": 0.16,
            "eps_latest_yearly": 0.16,
            "eps_growth_yearly": -315.79
        },
        "20183": {
            "year_quarter": 20183,
            "year": 2018,
            "quarter": 3,
            "eps": -0.12,
            "eps_growth_year": null,
            "eps_4q": -0.36,
            "eps_4q_growth_year": null,
            "roe": -2.04,
            "roe_4q": -6.3100000000000005,
            "gross_profit": -20723,
            "gross_margin": -6.69,
            "gross_margin_4q_avg": -4.57,
            "net_income": -46683,
            "net_income_4q": null,
            "revenue": 309902,
            "revenue_4q": null,
            "common_shares": 4068844,
            "book_valuer_per_share": 5.57,
            "book_valuer_per_share_4q_avg": 5.7,
            "equity": 2267345,
            "current_ratio": 350.62,
            "debt_ratio": 11.98,
            "inventory_turnover_ratio": 1.84,
            "account_receivable_turnover_ratio": 1.24,
            "reinvestment_rate": null,
            "research_to_sale_ratio": 3.86,
            "price_fair": 0.48,
            "eps_avg_yearly": 0.16,
            "eps_latest_yearly": 0.16,
            "eps_growth_yearly": -315.79
        },
        "20184": {
            "year_quarter": 20184,
            "year": 2018,
            "quarter": 4,
            "eps": -1.12,
            "eps_growth_year": null,
            "eps_4q": -1.4,
            "eps_4q_growth_year": null,
            "roe": -22.4,
            "roe_4q": -27.179999999999996,
            "gross_profit": -19561,
            "gross_margin": -6.82,
            "gross_margin_4q_avg": -5.44,
            "net_income": -457019,
            "net_income_4q": null,
            "revenue": 286731,
            "revenue_4q": null,
            "common_shares": 4068844,
            "book_valuer_per_share": 4.46,
            "book_valuer_per_share_4q_avg": 5.36,
            "equity": 1814086,
            "current_ratio": 416.51,
            "debt_ratio": 11.9,
            "inventory_turnover_ratio": 1.74,
            "account_receivable_turnover_ratio": 1.15,
            "reinvestment_rate": null,
            "research_to_sale_ratio": 4.26,
            "price_fair": 0.48,
            "eps_avg_yearly": 0.16,
            "eps_latest_yearly": 0.16,
            "eps_growth_yearly": -315.79
        },
        "20191": {
            "year_quarter": 20191,
            "year": 2019,
            "quarter": 1,
            "eps": -0.1,
            "eps_growth_year": null,
            "eps_4q": -1.37,
            "eps_4q_growth_year": null,
            "roe": -2.19,
            "roe_4q": -27.33,
            "gross_profit": -15498,
            "gross_margin": -6.21,
            "gross_margin_4q_avg": -6.41,
            "net_income": -39278,
            "net_income_4q": null,
            "revenue": 249507,
            "revenue_4q": null,
            "common_shares": 4068844,
            "book_valuer_per_share": 4.36,
            "book_valuer_per_share_4q_avg": 5.02,
            "equity": 1774808,
            "current_ratio": 436.29,
            "debt_ratio": 14.79,
            "inventory_turnover_ratio": 1.71,
            "account_receivable_turnover_ratio": 1.15,
            "reinvestment_rate": null,
            "research_to_sale_ratio": 5.06,
            "price_fair": 0,
            "eps_avg_yearly": 0,
            "eps_latest_yearly": 0,
            "eps_growth_yearly": 0
        },
        "20192": {
            "year_quarter": 20192,
            "year": 2019,
            "quarter": 2,
            "eps": -0.03,
            "eps_growth_year": null,
            "eps_4q": -1.36,
            "eps_4q_growth_year": null,
            "roe": -0.67,
            "roe_4q": -27.299999999999997,
            "gross_profit": 5729,
            "gross_margin": 1.97,
            "gross_margin_4q_avg": -4.44,
            "net_income": -11933,
            "net_income_4q": null,
            "revenue": 290939,
            "revenue_4q": null,
            "common_shares": 4068844,
            "book_valuer_per_share": 4.33,
            "book_valuer_per_share_4q_avg": 4.68,
            "equity": 1762875,
            "current_ratio": 374.22,
            "debt_ratio": 15.9,
            "inventory_turnover_ratio": 2.01,
            "account_receivable_turnover_ratio": 1.36,
            "reinvestment_rate": null,
            "research_to_sale_ratio": 3.68,
            "price_fair": 0,
            "eps_avg_yearly": 0,
            "eps_latest_yearly": 0,
            "eps_growth_yearly": 0
        },
        "20193": {
            "year_quarter": 20193,
            "year": 2019,
            "quarter": 3,
            "eps": 0.11,
            "eps_growth_year": null,
            "eps_4q": -2.84,
            "eps_4q_growth_year": null,
            "roe": 1.08,
            "roe_4q": -24.18,
            "gross_profit": 40675,
            "gross_margin": 11.56,
            "gross_margin_4q_avg": 0.13,
            "net_income": 19216,
            "net_income_4q": null,
            "revenue": 351857,
            "revenue_4q": null,
            "common_shares": 1721000,
            "book_valuer_per_share": 10.35,
            "book_valuer_per_share_4q_avg": 5.88,
            "equity": 1782091,
            "current_ratio": 339.49,
            "debt_ratio": 17.05,
            "inventory_turnover_ratio": 2.26,
            "account_receivable_turnover_ratio": 1.5,
            "reinvestment_rate": null,
            "research_to_sale_ratio": 2.81,
            "price_fair": 0,
            "eps_avg_yearly": 0,
            "eps_latest_yearly": 0,
            "eps_growth_yearly": 0
        },
        "20194": {
            "year_quarter": 20194,
            "year": 2019,
            "quarter": 4,
            "eps": -0.09,
            "eps_growth_year": null,
            "eps_4q": -0.28,
            "eps_4q_growth_year": null,
            "roe": -0.87,
            "roe_4q": -2.65,
            "gross_profit": 14175,
            "gross_margin": 4.9,
            "gross_margin_4q_avg": 3.06,
            "net_income": -15437,
            "net_income_4q": null,
            "revenue": 289034,
            "revenue_4q": null,
            "common_shares": 1721000,
            "book_valuer_per_share": 10.25,
            "book_valuer_per_share_4q_avg": 7.32,
            "equity": 1763426,
            "current_ratio": 379.28,
            "debt_ratio": 15.62,
            "inventory_turnover_ratio": 1.96,
            "account_receivable_turnover_ratio": 1.28,
            "reinvestment_rate": null,
            "research_to_sale_ratio": 2.92,
            "price_fair": 0,
            "eps_avg_yearly": 0,
            "eps_latest_yearly": 0,
            "eps_growth_yearly": 0
        },
        "20201": {
            "year_quarter": 20201,
            "year": 2020,
            "quarter": 1,
            "eps": -0.06,
            "eps_growth_year": null,
            "eps_4q": -0.11,
            "eps_4q_growth_year": null,
            "roe": -0.57,
            "roe_4q": -1.0299999999999998,
            "gross_profit": 9597,
            "gross_margin": 3.5,
            "gross_margin_4q_avg": 5.48,
            "net_income": -9986,
            "net_income_4q": null,
            "revenue": 273914,
            "revenue_4q": null,
            "common_shares": 1721000,
            "book_valuer_per_share": 10.19,
            "book_valuer_per_share_4q_avg": 8.78,
            "equity": 1753440,
            "current_ratio": 399.2,
            "debt_ratio": 14.92,
            "inventory_turnover_ratio": 1.83,
            "account_receivable_turnover_ratio": 1.3,
            "reinvestment_rate": null,
            "research_to_sale_ratio": 3.24,
            "price_fair": 0,
            "eps_avg_yearly": 0,
            "eps_latest_yearly": 0,
            "eps_growth_yearly": 0
        },
        "20202": {
            "year_quarter": 20202,
            "year": 2020,
            "quarter": 2,
            "eps": -0.17,
            "eps_growth_year": null,
            "eps_4q": -0.21,
            "eps_4q_growth_year": null,
            "roe": -1.72,
            "roe_4q": -2.08,
            "gross_profit": -3897,
            "gross_margin": -1.51,
            "gross_margin_4q_avg": 4.61,
            "net_income": -29966,
            "net_income_4q": null,
            "revenue": 258605,
            "revenue_4q": null,
            "common_shares": 1721000,
            "book_valuer_per_share": 10.01,
            "book_valuer_per_share_4q_avg": 10.2,
            "equity": 1723474,
            "current_ratio": 335.94,
            "debt_ratio": 17.22,
            "inventory_turnover_ratio": 1.5,
            "account_receivable_turnover_ratio": 1.27,
            "reinvestment_rate": null,
            "research_to_sale_ratio": 3.49,
            "price_fair": 0,
            "eps_avg_yearly": 0,
            "eps_latest_yearly": 0,
            "eps_growth_yearly": 0
        },
        "20203": {
            "year_quarter": 20203,
            "year": 2020,
            "quarter": 3,
            "eps": -0.04,
            "eps_growth_year": -136.36,
            "eps_4q": -0.36,
            "eps_4q_growth_year": null,
            "roe": -0.37,
            "roe_4q": -3.53,
            "gross_profit": 19360,
            "gross_margin": 6.25,
            "gross_margin_4q_avg": 3.29,
            "net_income": -6357,
            "net_income_4q": null,
            "revenue": 309955,
            "revenue_4q": null,
            "common_shares": 1721000,
            "book_valuer_per_share": 9.98,
            "book_valuer_per_share_4q_avg": 10.11,
            "equity": 1717117,
            "current_ratio": 368.86,
            "debt_ratio": 16.11,
            "inventory_turnover_ratio": 1.44,
            "account_receivable_turnover_ratio": 1.44,
            "reinvestment_rate": null,
            "research_to_sale_ratio": 2.72,
            "price_fair": 0,
            "eps_avg_yearly": 0,
            "eps_latest_yearly": 0,
            "eps_growth_yearly": 0
        },
        "20204": {
            "year_quarter": 20204,
            "year": 2020,
            "quarter": 4,
            "eps": 0.2,
            "eps_growth_year": null,
            "eps_4q": -0.06,
            "eps_4q_growth_year": null,
            "roe": 2.03,
            "roe_4q": -0.6300000000000002,
            "gross_profit": 59889,
            "gross_margin": 16.29,
            "gross_margin_4q_avg": 6.13,
            "net_income": 35269,
            "net_income_4q": null,
            "revenue": 367651,
            "revenue_4q": null,
            "common_shares": 1721000,
            "book_valuer_per_share": 10.19,
            "book_valuer_per_share_4q_avg": 10.09,
            "equity": 1753960,
            "current_ratio": 288.04,
            "debt_ratio": 19.06,
            "inventory_turnover_ratio": 1.41,
            "account_receivable_turnover_ratio": 1.44,
            "reinvestment_rate": null,
            "research_to_sale_ratio": 1.72,
            "price_fair": 0,
            "eps_avg_yearly": 0,
            "eps_latest_yearly": 0,
            "eps_growth_yearly": 0
        },
        "20211": {
            "year_quarter": 20211,
            "year": 2021,
            "quarter": 1,
            "eps": 0.4,
            "eps_growth_year": null,
            "eps_4q": 0.39,
            "eps_4q_growth_year": null,
            "roe": 3.82,
            "roe_4q": 3.76,
            "gross_profit": 92025,
            "gross_margin": 22.38,
            "gross_margin_4q_avg": 10.85,
            "net_income": 68335,
            "net_income_4q": null,
            "revenue": 411183,
            "revenue_4q": null,
            "common_shares": 1721000,
            "book_valuer_per_share": 10.59,
            "book_valuer_per_share_4q_avg": 10.19,
            "equity": 1822295,
            "current_ratio": 339.06,
            "debt_ratio": 16.89,
            "inventory_turnover_ratio": 1.33,
            "account_receivable_turnover_ratio": 1.28,
            "reinvestment_rate": null,
            "research_to_sale_ratio": 1.81,
            "price_fair": 56,
            "eps_avg_yearly": 1.6,
            "eps_latest_yearly": 1.6,
            "eps_growth_yearly": 400
        },
        "20212": {
            "year_quarter": 20212,
            "year": 2021,
            "quarter": 2,
            "eps": 0.63,
            "eps_growth_year": null,
            "eps_4q": 1.2,
            "eps_4q_growth_year": null,
            "roe": 5.81,
            "roe_4q": 11.29,
            "gross_profit": 142009,
            "gross_margin": 28.48,
            "gross_margin_4q_avg": 18.35,
            "net_income": 109135,
            "net_income_4q": null,
            "revenue": 498653,
            "revenue_4q": null,
            "common_shares": 1721000,
            "book_valuer_per_share": 11.22,
            "book_valuer_per_share_4q_avg": 10.5,
            "equity": 1931430,
            "current_ratio": 347.81,
            "debt_ratio": 17.01,
            "inventory_turnover_ratio": 1.44,
            "account_receivable_turnover_ratio": 1.34,
            "reinvestment_rate": null,
            "research_to_sale_ratio": 1.68,
            "price_fair": 72.1,
            "eps_avg_yearly": 2.06,
            "eps_latest_yearly": 2.52,
            "eps_growth_yearly": 315
        },
        "20213": {
            "year_quarter": 20213,
            "year": 2021,
            "quarter": 3,
            "eps": 0.77,
            "eps_growth_year": null,
            "eps_4q": 2,
            "eps_4q_growth_year": null,
            "roe": 6.6,
            "roe_4q": 18.26,
            "gross_profit": 156589,
            "gross_margin": 29.2,
            "gross_margin_4q_avg": 24.09,
            "net_income": 131761,
            "net_income_4q": null,
            "revenue": 536349,
            "revenue_4q": null,
            "common_shares": 1721000,
            "book_valuer_per_share": 11.99,
            "book_valuer_per_share_4q_avg": 11,
            "equity": 2063191,
            "current_ratio": 329.62,
            "debt_ratio": 18.86,
            "inventory_turnover_ratio": 1.37,
            "account_receivable_turnover_ratio": 1.37,
            "reinvestment_rate": null,
            "research_to_sale_ratio": 1.42,
            "price_fair": 84,
            "eps_avg_yearly": 2.4,
            "eps_latest_yearly": 3.08,
            "eps_growth_yearly": 239.63
        },
        "20214": {
            "year_quarter": 20214,
            "year": 2021,
            "quarter": 4,
            "eps": 0.58,
            "eps_growth_year": 185.4,
            "eps_4q": 2.35,
            "eps_4q_growth_year": null,
            "roe": 4.84,
            "roe_4q": 21.07,
            "gross_profit": 130290,
            "gross_margin": 26.12,
            "gross_margin_4q_avg": 26.55,
            "net_income": 102414,
            "net_income_4q": null,
            "revenue": 498765,
            "revenue_4q": null,
            "common_shares": 1751000,
            "book_valuer_per_share": 12.39,
            "book_valuer_per_share_4q_avg": 11.55,
            "equity": 2169819,
            "current_ratio": 376.09,
            "debt_ratio": 17.43,
            "inventory_turnover_ratio": 1.22,
            "account_receivable_turnover_ratio": 1.24,
            "reinvestment_rate": null,
            "research_to_sale_ratio": 1.62,
            "price_fair": 83.3,
            "eps_avg_yearly": 2.38,
            "eps_latest_yearly": 2.32,
            "eps_growth_yearly": 155.05
        },
        "20221": {
            "year_quarter": 20221,
            "year": 2022,
            "quarter": 1,
            "eps": 0.41,
            "eps_growth_year": 2.5,
            "eps_4q": 2.36,
            "eps_4q_growth_year": 502.55,
            "roe": 3.31,
            "roe_4q": 20.56,
            "gross_profit": 70464,
            "gross_margin": 18.29,
            "gross_margin_4q_avg": 25.52,
            "net_income": 70334,
            "net_income_4q": null,
            "revenue": 385235,
            "revenue_4q": null,
            "common_shares": 1756000,
            "book_valuer_per_share": 11.81,
            "book_valuer_per_share_4q_avg": 11.85,
            "equity": 2074420,
            "current_ratio": 314.05,
            "debt_ratio": 19.95,
            "inventory_turnover_ratio": 1.05,
            "account_receivable_turnover_ratio": 1.07,
            "reinvestment_rate": null,
            "research_to_sale_ratio": 2.24,
            "price_fair": 78.12,
            "eps_avg_yearly": 2.23,
            "eps_latest_yearly": 1.64,
            "eps_growth_yearly": 100.59
        },
        "20222": {
            "year_quarter": 20222,
            "year": 2022,
            "quarter": 2,
            "eps": 0.23,
            "eps_growth_year": -63.49,
            "eps_4q": 1.96,
            "eps_4q_growth_year": 63.35,
            "roe": 1.87,
            "roe_4q": 16.619999999999997,
            "gross_profit": 46714,
            "gross_margin": 12.91,
            "gross_margin_4q_avg": 21.63,
            "net_income": 39249,
            "net_income_4q": null,
            "revenue": 361945,
            "revenue_4q": null,
            "common_shares": 1754900,
            "book_valuer_per_share": 12.1,
            "book_valuer_per_share_4q_avg": 12.07,
            "equity": 2123771,
            "current_ratio": 320.64,
            "debt_ratio": 20.15,
            "inventory_turnover_ratio": 1.01,
            "account_receivable_turnover_ratio": 1.16,
            "reinvestment_rate": null,
            "research_to_sale_ratio": 2.32,
            "price_fair": 70.47,
            "eps_avg_yearly": 2.01,
            "eps_latest_yearly": 0.92,
            "eps_growth_yearly": 54.56
        },
        "20223": {
            "year_quarter": 20223,
            "year": 2022,
            "quarter": 3,
            "eps": 0.03,
            "eps_growth_year": -96.1,
            "eps_4q": 1.23,
            "eps_4q_growth_year": -38.34,
            "roe": 0.21,
            "roe_4q": 10.23,
            "gross_profit": -4747,
            "gross_margin": -1.92,
            "gross_margin_4q_avg": 13.85,
            "net_income": 4554,
            "net_income_4q": null,
            "revenue": 246958,
            "revenue_4q": null,
            "common_shares": 1754500,
            "book_valuer_per_share": 12.19,
            "book_valuer_per_share_4q_avg": 12.12,
            "equity": 2138041,
            "current_ratio": 367.86,
            "debt_ratio": 18.01,
            "inventory_turnover_ratio": 0.78,
            "account_receivable_turnover_ratio": 1.05,
            "reinvestment_rate": -4279.95,
            "research_to_sale_ratio": 3.12,
            "price_fair": 5.23,
            "eps_avg_yearly": 1.74,
            "eps_latest_yearly": 0.12,
            "eps_growth_yearly": -2.93
        },
        "20224": {
            "year_quarter": 20224,
            "year": 2022,
            "quarter": 4,
            "eps": -0.17,
            "eps_growth_year": -129.24,
            "eps_4q": 0.48,
            "eps_4q_growth_year": -79.6,
            "roe": -1.41,
            "roe_4q": 3.9800000000000004,
            "gross_profit": 4480,
            "gross_margin": 1.96,
            "gross_margin_4q_avg": 7.81,
            "net_income": -30009,
            "net_income_4q": null,
            "revenue": 229074,
            "revenue_4q": null,
            "common_shares": 1754500,
            "book_valuer_per_share": 12.12,
            "book_valuer_per_share_4q_avg": 12.06,
            "equity": 2127108,
            "current_ratio": 726.08,
            "debt_ratio": 10.26,
            "inventory_turnover_ratio": 0.72,
            "account_receivable_turnover_ratio": 1.45,
            "reinvestment_rate": 1.74,
            "research_to_sale_ratio": 2.54,
            "price_fair": 5.23,
            "eps_avg_yearly": 1.74,
            "eps_latest_yearly": 0.12,
            "eps_growth_yearly": -2.93
        },
        "20231": {
            "year_quarter": 20231,
            "year": 2023,
            "quarter": 1,
            "eps": -0.35,
            "eps_growth_year": -185.37,
            "eps_4q": -0.27,
            "eps_4q_growth_year": -111.34,
            "roe": -2.95,
            "roe_4q": -2.2800000000000002,
            "gross_profit": -35836,
            "gross_margin": -21.6,
            "gross_margin_4q_avg": -2.16,
            "net_income": -60656,
            "net_income_4q": null,
            "revenue": 165916,
            "revenue_4q": null,
            "common_shares": 1754100,
            "book_valuer_per_share": 11.31,
            "book_valuer_per_share_4q_avg": 11.93,
            "equity": 1983776,
            "current_ratio": 549.08,
            "debt_ratio": 12.29,
            "inventory_turnover_ratio": 0.72,
            "account_receivable_turnover_ratio": 1.15,
            "reinvestment_rate": 2.48,
            "research_to_sale_ratio": 3.41,
            "price_fair": 5.23,
            "eps_avg_yearly": 1.74,
            "eps_latest_yearly": 0.12,
            "eps_growth_yearly": -2.93
        },
        "20232": {
            "year_quarter": 20232,
            "year": 2023,
            "quarter": 2,
            "eps": -0.2,
            "eps_growth_year": -186.96,
            "eps_4q": -0.69,
            "eps_4q_growth_year": -135.2,
            "roe": -1.77,
            "roe_4q": -5.920000000000001,
            "gross_profit": -28959,
            "gross_margin": -13.44,
            "gross_margin_4q_avg": -8.75,
            "net_income": -34853,
            "net_income_4q": null,
            "revenue": 215526,
            "revenue_4q": null,
            "common_shares": 1754100,
            "book_valuer_per_share": 11.14,
            "book_valuer_per_share_4q_avg": 11.69,
            "equity": 1953591,
            "current_ratio": 466.04,
            "debt_ratio": 13.71,
            "inventory_turnover_ratio": 0.98,
            "account_receivable_turnover_ratio": 1.39,
            "reinvestment_rate": 9.45,
            "research_to_sale_ratio": 2.54,
            "price_fair": 5.23,
            "eps_avg_yearly": 1.74,
            "eps_latest_yearly": 0.12,
            "eps_growth_yearly": -2.93
        },
        "20233": {
            "year_quarter": 20233,
            "year": 2023,
            "quarter": 3,
            "eps": -0.13,
            "eps_growth_year": -533.33,
            "eps_4q": -0.85,
            "eps_4q_growth_year": -168.79,
            "roe": -1.2,
            "roe_4q": -7.33,
            "gross_profit": -26626,
            "gross_margin": -11.53,
            "gross_margin_4q_avg": -11.15,
            "net_income": -23362,
            "net_income_4q": null,
            "revenue": 230914,
            "revenue_4q": null,
            "common_shares": 1753400,
            "book_valuer_per_share": 11.04,
            "book_valuer_per_share_4q_avg": 11.4,
            "equity": 1934948,
            "current_ratio": 446.03,
            "debt_ratio": 14.45,
            "inventory_turnover_ratio": 1.15,
            "account_receivable_turnover_ratio": 1.27,
            "reinvestment_rate": -20,
            "research_to_sale_ratio": 2.37,
            "price_fair": 5.23,
            "eps_avg_yearly": 1.74,
            "eps_latest_yearly": 0.12,
            "eps_growth_yearly": -2.93
        },
        "20234": {
            "year_quarter": 20234,
            "year": 2023,
            "quarter": 4,
            "eps": -0.33,
            "eps_growth_year": null,
            "eps_4q": -1.01,
            "eps_4q_growth_year": -310.52,
            "roe": -3.05,
            "roe_4q": -8.969999999999999,
            "gross_profit": -16171,
            "gross_margin": -6.49,
            "gross_margin_4q_avg": -13.27,
            "net_income": -58121,
            "net_income_4q": null,
            "revenue": 249337,
            "revenue_4q": null,
            "common_shares": 1753400,
            "book_valuer_per_share": 10.72,
            "book_valuer_per_share_4q_avg": 11.05,
            "equity": 1879499,
            "current_ratio": 572.62,
            "debt_ratio": 11.63,
            "inventory_turnover_ratio": 1.37,
            "account_receivable_turnover_ratio": 1.34,
            "reinvestment_rate": -20.09,
            "research_to_sale_ratio": 3.01,
            "price_fair": 5.23,
            "eps_avg_yearly": 1.74,
            "eps_latest_yearly": 0.12,
            "eps_growth_yearly": -2.93
        }
    },
    "months": {
        "2004-08": {
            "month": "2004-08",
            "price": "14.30",
            "revenue": 133163
        },
        "2004-10": {
            "month": "2004-10",
            "price": "9.73",
            "revenue": 146895
        },
        "2004-11": {
            "month": "2004-11",
            "price": "9.04",
            "revenue": 130841
        },
        "2004-12": {
            "month": "2004-12",
            "price": "8.40",
            "revenue": 126441
        },
        "2005-03": {
            "month": "2005-03",
            "price": "8.25",
            "revenue": 164030
        },
        "2005-04": {
            "month": "2005-04",
            "price": "10.18",
            "revenue": 148814
        },
        "2005-05": {
            "month": "2005-05",
            "price": "10.13",
            "revenue": 175335
        },
        "2005-06": {
            "month": "2005-06",
            "price": "10.17",
            "revenue": 179225
        },
        "2005-07": {
            "month": "2005-07",
            "price": "10.67",
            "revenue": 200459
        },
        "2005-08": {
            "month": "2005-08",
            "price": "13.28",
            "revenue": 200709
        },
        "2005-09": {
            "month": "2005-09",
            "price": "13.89",
            "revenue": 202984
        },
        "2005-10": {
            "month": "2005-10",
            "price": "12.90",
            "revenue": 219483
        },
        "2005-11": {
            "month": "2005-11",
            "price": "13.42",
            "revenue": 216454
        },
        "2005-12": {
            "month": "2005-12",
            "price": "21.50",
            "revenue": 234052
        },
        "2006-01": {
            "month": "2006-01",
            "price": "24.76",
            "revenue": 201028
        },
        "2006-02": {
            "month": "2006-02",
            "price": "21.60",
            "revenue": 171328
        },
        "2006-03": {
            "month": "2006-03",
            "price": "20.95",
            "revenue": 220579
        },
        "2006-04": {
            "month": "2006-04",
            "price": "25.67",
            "revenue": 242029
        },
        "2006-05": {
            "month": "2006-05",
            "price": "25.38",
            "revenue": 246462
        },
        "2006-06": {
            "month": "2006-06",
            "price": "21.73",
            "revenue": 250494
        },
        "2006-07": {
            "month": "2006-07",
            "price": "20.95",
            "revenue": 259501
        },
        "2006-08": {
            "month": "2006-08",
            "price": "21.53",
            "revenue": 275236
        },
        "2006-09": {
            "month": "2006-09",
            "price": "22.54",
            "revenue": 290879
        },
        "2006-10": {
            "month": "2006-10",
            "price": "23.10",
            "revenue": 312644
        },
        "2006-11": {
            "month": "2006-11",
            "price": "25.03",
            "revenue": 311354
        },
        "2006-12": {
            "month": "2006-12",
            "price": "27.58",
            "revenue": 284341
        },
        "2007-01": {
            "month": "2007-01",
            "price": "29.29",
            "revenue": 250102
        },
        "2007-02": {
            "month": "2007-02",
            "price": "29.20",
            "revenue": 201060
        },
        "2007-03": {
            "month": "2007-03",
            "price": "31.21",
            "revenue": 270294
        },
        "2007-04": {
            "month": "2007-04",
            "price": "31.82",
            "revenue": 290426
        },
        "2007-05": {
            "month": "2007-05",
            "price": "29.82",
            "revenue": 320578
        },
        "2007-06": {
            "month": "2007-06",
            "price": "31.76",
            "revenue": 280810
        },
        "2007-07": {
            "month": "2007-07",
            "price": "33.60",
            "revenue": 306465
        },
        "2007-08": {
            "month": "2007-08",
            "price": "28.59",
            "revenue": 296603
        },
        "2007-09": {
            "month": "2007-09",
            "price": "25.88",
            "revenue": 340148
        },
        "2007-10": {
            "month": "2007-10",
            "price": "28.10",
            "revenue": 350740
        },
        "2007-11": {
            "month": "2007-11",
            "price": "24.49",
            "revenue": 297851
        },
        "2007-12": {
            "month": "2007-12",
            "price": "19.91",
            "revenue": 264250
        },
        "2008-01": {
            "month": "2008-01",
            "price": "15.65",
            "revenue": 289287
        },
        "2008-02": {
            "month": "2008-02",
            "price": "15.77",
            "revenue": 260825
        },
        "2008-03": {
            "month": "2008-03",
            "price": "16.86",
            "revenue": 300993
        },
        "2008-04": {
            "month": "2008-04",
            "price": "18.50",
            "revenue": 321664
        },
        "2008-05": {
            "month": "2008-05",
            "price": "18.65",
            "revenue": 304679
        },
        "2008-06": {
            "month": "2008-06",
            "price": "16.05",
            "revenue": 286172
        },
        "2008-07": {
            "month": "2008-07",
            "price": "12.67",
            "revenue": 295100
        },
        "2008-08": {
            "month": "2008-08",
            "price": "12.44",
            "revenue": 314376
        },
        "2008-09": {
            "month": "2008-09",
            "price": "9.45",
            "revenue": 309732
        },
        "2008-10": {
            "month": "2008-10",
            "price": "7.64",
            "revenue": 271177
        },
        "2008-11": {
            "month": "2008-11",
            "price": "5.88",
            "revenue": 253327
        },
        "2008-12": {
            "month": "2008-12",
            "price": "5.58",
            "revenue": 152131
        },
        "2009-01": {
            "month": "2009-01",
            "price": "5.86",
            "revenue": 129295
        },
        "2009-02": {
            "month": "2009-02",
            "price": "6.12",
            "revenue": 220235
        },
        "2009-03": {
            "month": "2009-03",
            "price": "7.90",
            "revenue": 227375
        },
        "2009-04": {
            "month": "2009-04",
            "price": "8.04",
            "revenue": 252303
        },
        "2009-05": {
            "month": "2009-05",
            "price": "8.30",
            "revenue": 238023
        },
        "2009-06": {
            "month": "2009-06",
            "price": "8.37",
            "revenue": 224280
        },
        "2009-07": {
            "month": "2009-07",
            "price": "8.65",
            "revenue": 252475
        },
        "2009-08": {
            "month": "2009-08",
            "price": "9.15",
            "revenue": 276514
        },
        "2009-09": {
            "month": "2009-09",
            "price": "10.02",
            "revenue": 308068
        },
        "2009-10": {
            "month": "2009-10",
            "price": "11.70",
            "revenue": 316060
        },
        "2009-11": {
            "month": "2009-11",
            "price": "12.04",
            "revenue": 288833
        },
        "2009-12": {
            "month": "2009-12",
            "price": "12.97",
            "revenue": 247367
        },
        "2010-01": {
            "month": "2010-01",
            "price": "13.15",
            "revenue": 300339
        },
        "2010-02": {
            "month": "2010-02",
            "price": "11.28",
            "revenue": 223862
        },
        "2010-03": {
            "month": "2010-03",
            "price": "12.20",
            "revenue": 301822
        },
        "2010-04": {
            "month": "2010-04",
            "price": "12.75",
            "revenue": 306914
        },
        "2010-05": {
            "month": "2010-05",
            "price": "10.74",
            "revenue": 320793
        },
        "2010-06": {
            "month": "2010-06",
            "price": "10.52",
            "revenue": 349789
        },
        "2010-07": {
            "month": "2010-07",
            "price": "10.90",
            "revenue": 363636
        },
        "2010-08": {
            "month": "2010-08",
            "price": "11.63",
            "revenue": 331382
        },
        "2010-09": {
            "month": "2010-09",
            "price": "11.41",
            "revenue": 307037
        },
        "2010-10": {
            "month": "2010-10",
            "price": "11.10",
            "revenue": 265775
        },
        "2010-11": {
            "month": "2010-11",
            "price": "9.96",
            "revenue": 252797
        },
        "2010-12": {
            "month": "2010-12",
            "price": "10.45",
            "revenue": 287932
        },
        "2011-01": {
            "month": "2011-01",
            "price": "10.84",
            "revenue": 273405
        },
        "2011-02": {
            "month": "2011-02",
            "price": "10.01",
            "revenue": 206940
        },
        "2011-03": {
            "month": "2011-03",
            "price": "9.07",
            "revenue": 302613
        },
        "2011-04": {
            "month": "2011-04",
            "price": "8.77",
            "revenue": 304983
        },
        "2011-05": {
            "month": "2011-05",
            "price": "8.16",
            "revenue": 303543
        },
        "2011-06": {
            "month": "2011-06",
            "price": "7.30",
            "revenue": 231044
        },
        "2011-07": {
            "month": "2011-07",
            "price": "6.16",
            "revenue": 218202
        },
        "2011-08": {
            "month": "2011-08",
            "price": "5.14",
            "revenue": 201052
        },
        "2011-09": {
            "month": "2011-09",
            "price": "4.55",
            "revenue": 188199
        },
        "2011-10": {
            "month": "2011-10",
            "price": "4.09",
            "revenue": 237192
        },
        "2011-11": {
            "month": "2011-11",
            "price": "4.16",
            "revenue": 227555
        },
        "2011-12": {
            "month": "2011-12",
            "price": "4.08",
            "revenue": 200943
        },
        "2012-01": {
            "month": "2012-01",
            "price": "4.28",
            "revenue": 206036
        },
        "2012-02": {
            "month": "2012-02",
            "price": "5.39",
            "revenue": 213916
        },
        "2012-03": {
            "month": "2012-03",
            "price": "5.42",
            "revenue": 233709
        },
        "2012-04": {
            "month": "2012-04",
            "price": "4.88",
            "revenue": 270619
        },
        "2012-05": {
            "month": "2012-05",
            "price": "4.89",
            "revenue": 267451
        },
        "2012-06": {
            "month": "2012-06",
            "price": "4.30",
            "revenue": 293347
        },
        "2012-07": {
            "month": "2012-07",
            "price": "4.85",
            "revenue": 259859
        },
        "2012-08": {
            "month": "2012-08",
            "price": "4.80",
            "revenue": 223160
        },
        "2012-09": {
            "month": "2012-09",
            "price": "5.64",
            "revenue": 228043
        },
        "2012-10": {
            "month": "2012-10",
            "price": "4.86",
            "revenue": 241060
        },
        "2012-11": {
            "month": "2012-11",
            "price": "4.20",
            "revenue": 223858
        },
        "2012-12": {
            "month": "2012-12",
            "price": "4.47",
            "revenue": 196313
        },
        "2013-01": {
            "month": "2013-01",
            "price": "4.63",
            "revenue": 244561
        },
        "2013-02": {
            "month": "2013-02",
            "price": "4.57",
            "revenue": 175851
        },
        "2013-03": {
            "month": "2013-03",
            "price": "6.25",
            "revenue": 215669
        },
        "2013-04": {
            "month": "2013-04",
            "price": "7.92",
            "revenue": 186637
        },
        "2013-05": {
            "month": "2013-05",
            "price": "7.89",
            "revenue": 188387
        },
        "2013-06": {
            "month": "2013-06",
            "price": "6.99",
            "revenue": 152662
        },
        "2013-07": {
            "month": "2013-07",
            "price": "6.55",
            "revenue": 185156
        },
        "2013-08": {
            "month": "2013-08",
            "price": "6.24",
            "revenue": 171185
        },
        "2013-09": {
            "month": "2013-09",
            "price": "6.87",
            "revenue": 183716
        },
        "2013-10": {
            "month": "2013-10",
            "price": "6.74",
            "revenue": 191046
        },
        "2013-11": {
            "month": "2013-11",
            "price": "6.34",
            "revenue": 171873
        },
        "2013-12": {
            "month": "2013-12",
            "price": "6.22",
            "revenue": 182972
        },
        "2014-01": {
            "month": "2014-01",
            "price": "7.63",
            "revenue": 186684
        },
        "2014-02": {
            "month": "2014-02",
            "price": "8.18",
            "revenue": 133234
        },
        "2014-03": {
            "month": "2014-03",
            "price": "10.09",
            "revenue": 177491
        },
        "2014-04": {
            "month": "2014-04",
            "price": "11.30",
            "revenue": 186758
        },
        "2014-05": {
            "month": "2014-05",
            "price": "10.56",
            "revenue": 174355
        },
        "2014-06": {
            "month": "2014-06",
            "price": "11.52",
            "revenue": 182514
        },
        "2014-07": {
            "month": "2014-07",
            "price": "11.13",
            "revenue": 201458
        },
        "2014-08": {
            "month": "2014-08",
            "price": "11.03",
            "revenue": 206601
        },
        "2014-09": {
            "month": "2014-09",
            "price": "10.19",
            "revenue": 186738
        },
        "2014-10": {
            "month": "2014-10",
            "price": "9.51",
            "revenue": 219669
        },
        "2014-11": {
            "month": "2014-11",
            "price": "9.59",
            "revenue": 181626
        },
        "2014-12": {
            "month": "2014-12",
            "price": "9.54",
            "revenue": 181149
        },
        "2015-01": {
            "month": "2015-01",
            "price": "10.02",
            "revenue": 196038
        },
        "2015-02": {
            "month": "2015-02",
            "price": "9.66",
            "revenue": 150087
        },
        "2015-03": {
            "month": "2015-03",
            "price": "10.50",
            "revenue": 181038
        },
        "2015-04": {
            "month": "2015-04",
            "price": "11.20",
            "revenue": 174458
        },
        "2015-05": {
            "month": "2015-05",
            "price": "10.14",
            "revenue": 139353
        },
        "2015-06": {
            "month": "2015-06",
            "price": "9.25",
            "revenue": 145290
        },
        "2015-07": {
            "month": "2015-07",
            "price": "8.60",
            "revenue": 150674
        },
        "2015-08": {
            "month": "2015-08",
            "price": "7.03",
            "revenue": 119419
        },
        "2015-09": {
            "month": "2015-09",
            "price": "7.02",
            "revenue": 151980
        },
        "2015-10": {
            "month": "2015-10",
            "price": "7.36",
            "revenue": 121657
        },
        "2015-11": {
            "month": "2015-11",
            "price": "7.60",
            "revenue": 149175
        },
        "2015-12": {
            "month": "2015-12",
            "price": "7.85",
            "revenue": 161458
        },
        "2016-01": {
            "month": "2016-01",
            "price": "7.84",
            "revenue": 141398
        },
        "2016-02": {
            "month": "2016-02",
            "price": "7.49",
            "revenue": 133838
        },
        "2016-03": {
            "month": "2016-03",
            "price": "7.30",
            "revenue": 173583
        },
        "2016-04": {
            "month": "2016-04",
            "price": "7.00",
            "revenue": 160935
        },
        "2016-05": {
            "month": "2016-05",
            "price": "6.93",
            "revenue": 157319
        },
        "2016-06": {
            "month": "2016-06",
            "price": "7.29",
            "revenue": 123619
        },
        "2016-07": {
            "month": "2016-07",
            "price": "7.27",
            "revenue": 143291
        },
        "2016-08": {
            "month": "2016-08",
            "price": "7.23",
            "revenue": 150307
        },
        "2016-09": {
            "month": "2016-09",
            "price": "7.40",
            "revenue": 132514
        },
        "2016-10": {
            "month": "2016-10",
            "price": "7.58",
            "revenue": 141859
        },
        "2016-11": {
            "month": "2016-11",
            "price": "7.52",
            "revenue": 149406
        },
        "2016-12": {
            "month": "2016-12",
            "price": "7.37",
            "revenue": 134215
        },
        "2017-01": {
            "month": "2017-01",
            "price": "7.29",
            "revenue": 124926
        },
        "2017-02": {
            "month": "2017-02",
            "price": "7.48",
            "revenue": 122917
        },
        "2017-03": {
            "month": "2017-03",
            "price": "7.42",
            "revenue": 102545
        },
        "2017-04": {
            "month": "2017-04",
            "price": "7.23",
            "revenue": 101792
        },
        "2017-05": {
            "month": "2017-05",
            "price": "6.64",
            "revenue": 118487
        },
        "2017-06": {
            "month": "2017-06",
            "price": "6.57",
            "revenue": 110923
        },
        "2017-07": {
            "month": "2017-07",
            "price": "6.11",
            "revenue": 115300
        },
        "2017-08": {
            "month": "2017-08",
            "price": "5.99",
            "revenue": 123182
        },
        "2017-09": {
            "month": "2017-09",
            "price": "6.46",
            "revenue": 124077
        },
        "2017-10": {
            "month": "2017-10",
            "price": "6.24",
            "revenue": 132743
        },
        "2017-11": {
            "month": "2017-11",
            "price": "6.23",
            "revenue": 108239
        },
        "2017-12": {
            "month": "2017-12",
            "price": "5.84",
            "revenue": 124017
        },
        "2018-01": {
            "month": "2018-01",
            "price": "5.97",
            "revenue": 158908
        },
        "2018-02": {
            "month": "2018-02",
            "price": "6.10",
            "revenue": 98067
        },
        "2018-03": {
            "month": "2018-03",
            "price": "7.13",
            "revenue": 94426
        },
        "2018-04": {
            "month": "2018-04",
            "price": "6.30",
            "revenue": 105535
        },
        "2018-05": {
            "month": "2018-05",
            "price": "6.02",
            "revenue": 111713
        },
        "2018-06": {
            "month": "2018-06",
            "price": "6.20",
            "revenue": 111288
        },
        "2018-07": {
            "month": "2018-07",
            "price": "5.84",
            "revenue": 101814
        },
        "2018-08": {
            "month": "2018-08",
            "price": "5.79",
            "revenue": 102672
        },
        "2018-09": {
            "month": "2018-09",
            "price": "5.50",
            "revenue": 105415
        },
        "2018-10": {
            "month": "2018-10",
            "price": "4.91",
            "revenue": 101050
        },
        "2018-11": {
            "month": "2018-11",
            "price": "5.07",
            "revenue": 93136
        },
        "2018-12": {
            "month": "2018-12",
            "price": "4.91",
            "revenue": 92546
        },
        "2019-01": {
            "month": "2019-01",
            "price": "4.98",
            "revenue": 93678
        },
        "2019-02": {
            "month": "2019-02",
            "price": "4.82",
            "revenue": 67822
        },
        "2019-03": {
            "month": "2019-03",
            "price": "4.08",
            "revenue": 88006
        },
        "2019-04": {
            "month": "2019-04",
            "price": "3.46",
            "revenue": 88276
        },
        "2019-05": {
            "month": "2019-05",
            "price": "3.49",
            "revenue": 90790
        },
        "2019-06": {
            "month": "2019-06",
            "price": "3.51",
            "revenue": 111873
        },
        "2019-07": {
            "month": "2019-07",
            "price": "3.50",
            "revenue": 118153
        },
        "2019-08": {
            "month": "2019-08",
            "price": "3.51",
            "revenue": 121294
        },
        "2019-09": {
            "month": "2019-09",
            "price": "3.60",
            "revenue": 112410
        },
        "2019-10": {
            "month": "2019-10",
            "price": "7.44",
            "revenue": 101938
        },
        "2019-11": {
            "month": "2019-11",
            "price": "9.36",
            "revenue": 97313
        },
        "2019-12": {
            "month": "2019-12",
            "price": "9.53",
            "revenue": 89783
        },
        "2020-01": {
            "month": "2020-01",
            "price": "9.85",
            "revenue": 83050
        },
        "2020-02": {
            "month": "2020-02",
            "price": "9.03",
            "revenue": 92876
        },
        "2020-03": {
            "month": "2020-03",
            "price": "8.05",
            "revenue": 97988
        },
        "2020-04": {
            "month": "2020-04",
            "price": "8.14",
            "revenue": 97969
        },
        "2020-05": {
            "month": "2020-05",
            "price": "9.17",
            "revenue": 87962
        },
        "2020-06": {
            "month": "2020-06",
            "price": "9.02",
            "revenue": 72674
        },
        "2020-07": {
            "month": "2020-07",
            "price": "8.91",
            "revenue": 95173
        },
        "2020-08": {
            "month": "2020-08",
            "price": "8.61",
            "revenue": 100699
        },
        "2020-09": {
            "month": "2020-09",
            "price": "8.91",
            "revenue": 114083
        },
        "2020-10": {
            "month": "2020-10",
            "price": "9.63",
            "revenue": 113437
        },
        "2020-11": {
            "month": "2020-11",
            "price": "10.85",
            "revenue": 111416
        },
        "2020-12": {
            "month": "2020-12",
            "price": "12.77",
            "revenue": 141925
        },
        "2021-01": {
            "month": "2021-01",
            "price": "12.22",
            "revenue": 138217
        },
        "2021-02": {
            "month": "2021-02",
            "price": "11.56",
            "revenue": 123323
        },
        "2021-03": {
            "month": "2021-03",
            "price": "14.44",
            "revenue": 149643
        },
        "2021-04": {
            "month": "2021-04",
            "price": "21.98",
            "revenue": 161003
        },
        "2021-05": {
            "month": "2021-05",
            "price": "18.50",
            "revenue": 163172
        },
        "2021-06": {
            "month": "2021-06",
            "price": "18.89",
            "revenue": 174478
        },
        "2021-07": {
            "month": "2021-07",
            "price": "27.02",
            "revenue": 178081
        },
        "2021-08": {
            "month": "2021-08",
            "price": "25.82",
            "revenue": 181842
        },
        "2021-09": {
            "month": "2021-09",
            "price": "25.80",
            "revenue": 176426
        },
        "2021-10": {
            "month": "2021-10",
            "price": "21.68",
            "revenue": 185477
        },
        "2021-11": {
            "month": "2021-11",
            "price": "25.17",
            "revenue": 164277
        },
        "2021-12": {
            "month": "2021-12",
            "price": "24.33",
            "revenue": 149011
        },
        "2022-01": {
            "month": "2022-01",
            "price": "21.46",
            "revenue": 134609
        },
        "2022-02": {
            "month": "2022-02",
            "price": "20.30",
            "revenue": 116467
        },
        "2022-03": {
            "month": "2022-03",
            "price": "19.37",
            "revenue": 134159
        },
        "2022-04": {
            "month": "2022-04",
            "price": "17.06",
            "revenue": 135380
        },
        "2022-05": {
            "month": "2022-05",
            "price": "15.95",
            "revenue": 120067
        },
        "2022-06": {
            "month": "2022-06",
            "price": "16.00",
            "revenue": 106498
        },
        "2022-07": {
            "month": "2022-07",
            "price": "12.93",
            "revenue": 92381
        },
        "2022-08": {
            "month": "2022-08",
            "price": "14.02",
            "revenue": 80363
        },
        "2022-09": {
            "month": "2022-09",
            "price": "12.51",
            "revenue": 74214
        },
        "2022-10": {
            "month": "2022-10",
            "price": "10.59",
            "revenue": 84928
        },
        "2022-11": {
            "month": "2022-11",
            "price": "11.18",
            "revenue": 66720
        },
        "2022-12": {
            "month": "2022-12",
            "price": "11.65",
            "revenue": 77426
        },
        "2023-01": {
            "month": "2023-01",
            "price": "11.18",
            "revenue": 49652
        },
        "2023-02": {
            "month": "2023-02",
            "price": "11.90",
            "revenue": 54110
        },
        "2023-03": {
            "month": "2023-03",
            "price": "12.19",
            "revenue": 62154
        },
        "2023-04": {
            "month": "2023-04",
            "price": "12.43",
            "revenue": 55844
        },
        "2023-05": {
            "month": "2023-05",
            "price": "12.16",
            "revenue": 80408
        },
        "2023-06": {
            "month": "2023-06",
            "price": "13.02",
            "revenue": 79274
        },
        "2023-07": {
            "month": "2023-07",
            "price": "14.27",
            "revenue": 80115
        },
        "2023-08": {
            "month": "2023-08",
            "price": "13.65",
            "revenue": 76382
        },
        "2023-09": {
            "month": "2023-09",
            "price": "13.33",
            "revenue": 74417
        },
        "2023-10": {
            "month": "2023-10",
            "price": "13.73",
            "revenue": 81840
        },
        "2023-11": {
            "month": "2023-11",
            "price": "14.57",
            "revenue": 83871
        },
        "2023-12": {
            "month": "2023-12",
            "price": "15.06",
            "revenue": 83626
        }
    }
}
