{
    "summary": {
        "stock_name": "熱映",
        "stock_id": "3373",
        "category": "其他電子",
        "main_business": "紅外線溫度量測儀<br>耳溫槍、額溫槍等體溫量測產品<br>其他",
        "website_url": "http://www.radiantek.com.tw",
        "ceo": "黃幼謙",
        "pe_ratio": 87,
        "report_year_from": 2003,
        "report_year_to": 2023,
        "age": 20,
        "eps_negative_percentage": 6,
        "eps_growth_avg": {
            "last_all": 3.84,
            "last_2y": -19.78,
            "last_4y": 8.78,
            "last_8y": 10.54,
            "last_12y": 3.46,
            "last_16y": null,
            "last_20y": null,
            "at_2006_last_3y": null,
            "at_2007_last_3y": null,
            "at_2008_last_3y": null,
            "at_2009_last_3y": null,
            "at_2010_last_3y": -1.76,
            "at_2011_last_3y": -18.06,
            "at_2012_last_3y": -31.71,
            "at_2013_last_3y": -12.46,
            "at_2014_last_3y": 18.41,
            "at_2015_last_3y": 44.42,
            "at_2016_last_3y": 53.62,
            "at_2017_last_3y": 12.73,
            "at_2018_last_3y": -11.46,
            "at_2019_last_3y": -1.96,
            "at_2020_last_3y": 34.92,
            "at_2021_last_3y": 29.63,
            "at_2022_last_3y": 10.17,
            "at_2023_last_3y": 10.17,
            "at_2006_last_all": null,
            "at_2007_last_all": null,
            "at_2008_last_all": -3.28,
            "at_2009_last_all": 5.48,
            "at_2010_last_all": -1.76,
            "at_2011_last_all": -9.82,
            "at_2012_last_all": -22.23,
            "at_2013_last_all": -4.77,
            "at_2014_last_all": 8.33,
            "at_2015_last_all": 14.29,
            "at_2016_last_all": 8.11,
            "at_2017_last_all": 1.6,
            "at_2018_last_all": 1.73,
            "at_2019_last_all": 9.29,
            "at_2020_last_all": 15.77,
            "at_2021_last_all": 9.07,
            "at_2022_last_all": 3.84,
            "at_2023_last_all": 3.84
        },
        "latest_eps": 0.26,
        "latest_price": 22.6,
        "latest_roe": 1.08,
        "latest_gross_margin": 13.01,
        "latest_equity": 989672,
        "latest_revenue": 126799,
        "latest_gross_profit": 16492,
        "latest_net_income": -14378,
        "latest_debt_ratio": 7.36,
        "latest_current_ratio": 1089.23,
        "latest_account_receivable_turnover_ratio": 2.74,
        "latest_inventory_turnover_ratio": 0.19,
        "latest_reinvestment_rate": 1.68,
        "latest_research_to_sale_ratio": 12.68
    },
    "eps_dividends": {
        "2001": {
            "cash": 0,
            "stock": 0,
            "eps": 0
        },
        "2002": {
            "cash": 0,
            "stock": 0,
            "eps": 0
        },
        "2003": {
            "cash": 0,
            "stock": 0,
            "eps": 0
        },
        "2004": {
            "cash": 0,
            "stock": 0,
            "eps": 0
        },
        "2005": {
            "cash": 0,
            "stock": 0,
            "eps": 0
        },
        "2006": {
            "cash": 0.6,
            "stock": 0,
            "eps": 2.16
        },
        "2007": {
            "cash": 0,
            "stock": 3.8,
            "eps": 2.66
        },
        "2008": {
            "cash": 0,
            "stock": 1.67,
            "eps": 1.87
        },
        "2009": {
            "cash": 0,
            "stock": 1.5,
            "eps": 2.3
        },
        "2010": {
            "cash": 1.2,
            "stock": 0.7,
            "eps": 1.76
        },
        "2011": {
            "cash": 1.47,
            "stock": 0,
            "eps": 1.02
        },
        "2012": {
            "cash": 0.56,
            "stock": 0.5,
            "eps": 0.16
        },
        "2013": {
            "cash": 0,
            "stock": 0.16,
            "eps": 0.48
        },
        "2014": {
            "cash": 0.13,
            "stock": 0.2,
            "eps": 1
        },
        "2015": {
            "cash": 0.7,
            "stock": 0,
            "eps": 1.62
        },
        "2016": {
            "cash": 1.4,
            "stock": 0,
            "eps": 0.85
        },
        "2017": {
            "cash": 0.5,
            "stock": 0,
            "eps": 0.31
        },
        "2018": {
            "cash": 0.3,
            "stock": 0,
            "eps": 0.32
        },
        "2019": {
            "cash": 0.5,
            "stock": 0,
            "eps": 0.67
        },
        "2020": {
            "cash": 2,
            "stock": 0,
            "eps": 17.01
        },
        "2021": {
            "cash": 10,
            "stock": 0,
            "eps": 2.6
        },
        "2022": {
            "cash": 1.5,
            "stock": 0,
            "eps": 0.66
        },
        "2023": {
            "cash": 0.5,
            "stock": 0,
            "eps": -0.33
        }
    },
    "dividends": {
        "2006-03-24": {
            "cash": 0.6,
            "stock": 0
        },
        "2007-03-15": {
            "cash": 0,
            "stock": 3.8
        },
        "2008-04-24": {
            "cash": 0,
            "stock": 1.67
        },
        "2009-03-26": {
            "cash": 0,
            "stock": 1.5
        },
        "2010-03-25": {
            "cash": 1.2,
            "stock": 0.7
        },
        "2011-03-24": {
            "cash": 1.47,
            "stock": 0
        },
        "2012-06-25": {
            "cash": 0.56,
            "stock": 0.5
        },
        "2013-06-24": {
            "cash": 0,
            "stock": 0.16
        },
        "2014-08-26": {
            "cash": 0.13,
            "stock": 0.2
        },
        "2015-09-17": {
            "cash": 0.7,
            "stock": 0
        },
        "2016-08-02": {
            "cash": 1.4,
            "stock": 0
        },
        "2017-08-03": {
            "cash": 0.5,
            "stock": 0
        },
        "2018-07-26": {
            "cash": 0.3,
            "stock": 0
        },
        "2019-07-18": {
            "cash": 0.5,
            "stock": 0
        },
        "2020-07-23": {
            "cash": 2,
            "stock": 0
        },
        "2021-09-10": {
            "cash": 10,
            "stock": 0
        },
        "2022-07-28": {
            "cash": 1.5,
            "stock": 0
        },
        "2023-04-13": {
            "cash": 0.5,
            "stock": 0
        }
    },
    "prices": {
        "200101": "無",
        "200102": "無",
        "200103": "無",
        "200104": "無",
        "200105": "無",
        "200106": "無",
        "200107": "無",
        "200108": "無",
        "200109": "無",
        "200110": "無",
        "200111": "無",
        "200112": "無",
        "200201": "無",
        "200202": "無",
        "200203": "無",
        "200204": "無",
        "200205": "無",
        "200206": "無",
        "200207": "無",
        "200208": "無",
        "200209": "無",
        "200210": "無",
        "200211": "無",
        "200212": "無",
        "200301": "無",
        "200302": "無",
        "200303": "無",
        "200304": "無",
        "200305": "無",
        "200306": "無",
        "200307": "無",
        "200308": "無",
        "200309": "無",
        "200310": "無",
        "200311": "無",
        "200312": "無",
        "200401": "無",
        "200402": "無",
        "200403": "無",
        "200404": "無",
        "200405": "無",
        "200406": "無",
        "200407": "無",
        "200408": "無",
        "200409": "無",
        "200410": "無",
        "200411": "無",
        "200412": "無",
        "200501": "無",
        "200502": "25.56",
        "200503": "無",
        "200504": "25.60",
        "200505": "無",
        "200506": "無",
        "200507": "無",
        "200508": "無",
        "200509": "無",
        "200510": "25.42",
        "200511": "24.93",
        "200512": "23.90",
        "200601": "無",
        "200602": "無",
        "200603": "23.85",
        "200604": "無",
        "200605": "27.96",
        "200606": "30.30",
        "200607": "30.28",
        "200608": "31.64",
        "200609": "33.39",
        "200610": "33.25",
        "200611": "38.32",
        "200612": "46.23",
        "200701": "47.25",
        "200702": "49.66",
        "200703": "64.38",
        "200704": "70.78",
        "200705": "75.06",
        "200706": "86.43",
        "200707": "114.95",
        "200708": "79.55",
        "200709": "62.47",
        "200710": "57.76",
        "200711": "46.72",
        "200712": "29.61",
        "200801": "30.29",
        "200802": "30.98",
        "200803": "29.94",
        "200804": "31.33",
        "200805": "31.05",
        "200806": "28.04",
        "200807": "22.22",
        "200808": "19.80",
        "200809": "18.19",
        "200810": "14.35",
        "200811": "12.42",
        "200812": "12.82",
        "200901": "15.06",
        "200902": "14.54",
        "200903": "15.91",
        "200904": "22.53",
        "200905": "27.68",
        "200906": "26.42",
        "200907": "27.62",
        "200908": "26.71",
        "200909": "31.14",
        "200910": "30.98",
        "200911": "28.91",
        "200912": "30.42",
        "201001": "30.89",
        "201002": "28.43",
        "201003": "30.30",
        "201004": "31.42",
        "201005": "28.99",
        "201006": "29.04",
        "201007": "29.39",
        "201008": "28.84",
        "201009": "29.31",
        "201010": "28.30",
        "201011": "25.43",
        "201012": "25.89",
        "201101": "25.20",
        "201102": "25.03",
        "201103": "24.82",
        "201104": "22.92",
        "201105": "21.86",
        "201106": "21.28",
        "201107": "19.46",
        "201108": "19.25",
        "201109": "18.15",
        "201110": "17.36",
        "201111": "17.50",
        "201112": "17.35",
        "201201": "17.50",
        "201202": "23.76",
        "201203": "33.54",
        "201204": "32.29",
        "201205": "28.86",
        "201206": "29.08",
        "201207": "40.18",
        "201208": "41.20",
        "201209": "48.47",
        "201210": "60.57",
        "201211": "60.44",
        "201212": "58.56",
        "201301": "56.15",
        "201302": "59.05",
        "201303": "60.19",
        "201304": "51.08",
        "201305": "45.15",
        "201306": "44.82",
        "201307": "35.66",
        "201308": "35.15",
        "201309": "33.70",
        "201310": "32.37",
        "201311": "26.10",
        "201312": "27.84",
        "201401": "27.51",
        "201402": "29.57",
        "201403": "28.31",
        "201404": "29.18",
        "201405": "27.70",
        "201406": "27.28",
        "201407": "26.29",
        "201408": "26.24",
        "201409": "28.08",
        "201410": "24.19",
        "201411": "23.72",
        "201412": "23.37",
        "201501": "22.40",
        "201502": "22.04",
        "201503": "23.17",
        "201504": "22.22",
        "201505": "20.76",
        "201506": "22.41",
        "201507": "21.36",
        "201508": "18.61",
        "201509": "19.38",
        "201510": "21.39",
        "201511": "25.27",
        "201512": "25.34",
        "201601": "23.21",
        "201602": "24.86",
        "201603": "27.01",
        "201604": "28.75",
        "201605": "28.35",
        "201606": "32.68",
        "201607": "28.20",
        "201608": "25.88",
        "201609": "23.99",
        "201610": "21.88",
        "201611": "19.58",
        "201612": "20.10",
        "201701": "19.92",
        "201702": "20.87",
        "201703": "21.13",
        "201704": "19.98",
        "201705": "18.71",
        "201706": "18.03",
        "201707": "17.91",
        "201708": "17.33",
        "201709": "17.50",
        "201710": "17.38",
        "201711": "19.64",
        "201712": "20.03",
        "201801": "20.73",
        "201802": "19.12",
        "201803": "19.14",
        "201804": "18.47",
        "201805": "17.77",
        "201806": "18.17",
        "201807": "17.92",
        "201808": "17.91",
        "201809": "17.47",
        "201810": "16.28",
        "201811": "16.01",
        "201812": "16.13",
        "201901": "16.76",
        "201902": "17.69",
        "201903": "17.82",
        "201904": "17.09",
        "201905": "16.63",
        "201906": "16.82",
        "201907": "16.78",
        "201908": "16.60",
        "201909": "17.05",
        "201910": "17.29",
        "201911": "16.58",
        "201912": "16.50",
        "202001": "17.31",
        "202002": "27.88",
        "202003": "49.67",
        "202004": "72.32",
        "202005": "119.60",
        "202006": "136.45",
        "202007": "119.30",
        "202008": "110.79",
        "202009": "95.57",
        "202010": "93.53",
        "202011": "90.15",
        "202012": "83.87",
        "202101": "78.43",
        "202102": "71.22",
        "202103": "86.15",
        "202104": "82.62",
        "202105": "77.20",
        "202106": "72.41",
        "202107": "66.65",
        "202108": "56.41",
        "202109": "40.93",
        "202110": "36.33",
        "202111": "35.84",
        "202112": "36.81",
        "202201": "38.40",
        "202202": "35.41",
        "202203": "32.14",
        "202204": "33.67",
        "202205": "28.37",
        "202206": "25.59",
        "202207": "19.73",
        "202208": "21.03",
        "202209": "26.71",
        "202210": "22.73",
        "202211": "23.39",
        "202212": "26.92",
        "202301": "26.23",
        "202302": "25.80",
        "202303": "24.72",
        "202304": "23.48",
        "202305": "22.53"
    },
    "quarters": {
        "20011": {
            "year_quarter": 20011,
            "year": 2001,
            "quarter": 1,
            "eps": null,
            "eps_growth_year": null,
            "eps_4q": null,
            "eps_4q_growth_year": null,
            "roe": null,
            "roe_4q": 0,
            "gross_profit": null,
            "gross_margin": null,
            "gross_margin_4q_avg": 0,
            "net_income": null,
            "revenue": null,
            "common_shares": null,
            "book_valuer_per_share": null,
            "book_valuer_per_share_4q_avg": 0,
            "equity": null,
            "current_ratio": null,
            "debt_ratio": null,
            "inventory_turnover_ratio": null,
            "account_receivable_turnover_ratio": null,
            "reinvestment_rate": null,
            "research_to_sale_ratio": null,
            "price_fair": 0,
            "eps_avg_yearly": 0,
            "eps_latest_yearly": 0,
            "eps_growth_yearly": 0
        },
        "20012": {
            "year_quarter": 20012,
            "year": 2001,
            "quarter": 2,
            "eps": null,
            "eps_growth_year": null,
            "eps_4q": null,
            "eps_4q_growth_year": null,
            "roe": null,
            "roe_4q": 0,
            "gross_profit": null,
            "gross_margin": null,
            "gross_margin_4q_avg": 0,
            "net_income": null,
            "revenue": null,
            "common_shares": null,
            "book_valuer_per_share": null,
            "book_valuer_per_share_4q_avg": 0,
            "equity": null,
            "current_ratio": null,
            "debt_ratio": null,
            "inventory_turnover_ratio": null,
            "account_receivable_turnover_ratio": null,
            "reinvestment_rate": null,
            "research_to_sale_ratio": null,
            "price_fair": 0,
            "eps_avg_yearly": 0,
            "eps_latest_yearly": 0,
            "eps_growth_yearly": 0
        },
        "20013": {
            "year_quarter": 20013,
            "year": 2001,
            "quarter": 3,
            "eps": null,
            "eps_growth_year": null,
            "eps_4q": null,
            "eps_4q_growth_year": null,
            "roe": null,
            "roe_4q": 0,
            "gross_profit": null,
            "gross_margin": null,
            "gross_margin_4q_avg": 0,
            "net_income": null,
            "revenue": null,
            "common_shares": null,
            "book_valuer_per_share": null,
            "book_valuer_per_share_4q_avg": 0,
            "equity": null,
            "current_ratio": null,
            "debt_ratio": null,
            "inventory_turnover_ratio": null,
            "account_receivable_turnover_ratio": null,
            "reinvestment_rate": null,
            "research_to_sale_ratio": null,
            "price_fair": 0,
            "eps_avg_yearly": 0,
            "eps_latest_yearly": 0,
            "eps_growth_yearly": 0
        },
        "20014": {
            "year_quarter": 20014,
            "year": 2001,
            "quarter": 4,
            "eps": null,
            "eps_growth_year": null,
            "eps_4q": null,
            "eps_4q_growth_year": null,
            "roe": null,
            "roe_4q": 0,
            "gross_profit": null,
            "gross_margin": null,
            "gross_margin_4q_avg": 0,
            "net_income": null,
            "revenue": null,
            "common_shares": 80000,
            "book_valuer_per_share": 5.01,
            "book_valuer_per_share_4q_avg": 1.25,
            "equity": 40070,
            "current_ratio": 251.89,
            "debt_ratio": 28.05,
            "inventory_turnover_ratio": null,
            "account_receivable_turnover_ratio": null,
            "reinvestment_rate": null,
            "research_to_sale_ratio": null,
            "price_fair": 0,
            "eps_avg_yearly": 0,
            "eps_latest_yearly": 0,
            "eps_growth_yearly": 0
        },
        "20021": {
            "year_quarter": 20021,
            "year": 2002,
            "quarter": 1,
            "eps": null,
            "eps_growth_year": null,
            "eps_4q": null,
            "eps_4q_growth_year": null,
            "roe": null,
            "roe_4q": 0,
            "gross_profit": null,
            "gross_margin": null,
            "gross_margin_4q_avg": 0,
            "net_income": null,
            "revenue": null,
            "common_shares": null,
            "book_valuer_per_share": null,
            "book_valuer_per_share_4q_avg": 1.25,
            "equity": null,
            "current_ratio": null,
            "debt_ratio": null,
            "inventory_turnover_ratio": null,
            "account_receivable_turnover_ratio": null,
            "reinvestment_rate": null,
            "research_to_sale_ratio": null,
            "price_fair": 0,
            "eps_avg_yearly": 0,
            "eps_latest_yearly": 0,
            "eps_growth_yearly": 0
        },
        "20022": {
            "year_quarter": 20022,
            "year": 2002,
            "quarter": 2,
            "eps": null,
            "eps_growth_year": null,
            "eps_4q": null,
            "eps_4q_growth_year": null,
            "roe": null,
            "roe_4q": 0,
            "gross_profit": null,
            "gross_margin": null,
            "gross_margin_4q_avg": 0,
            "net_income": null,
            "revenue": null,
            "common_shares": null,
            "book_valuer_per_share": null,
            "book_valuer_per_share_4q_avg": 1.25,
            "equity": null,
            "current_ratio": null,
            "debt_ratio": null,
            "inventory_turnover_ratio": null,
            "account_receivable_turnover_ratio": null,
            "reinvestment_rate": null,
            "research_to_sale_ratio": null,
            "price_fair": 0,
            "eps_avg_yearly": 0,
            "eps_latest_yearly": 0,
            "eps_growth_yearly": 0
        },
        "20023": {
            "year_quarter": 20023,
            "year": 2002,
            "quarter": 3,
            "eps": null,
            "eps_growth_year": null,
            "eps_4q": null,
            "eps_4q_growth_year": null,
            "roe": null,
            "roe_4q": 0,
            "gross_profit": null,
            "gross_margin": null,
            "gross_margin_4q_avg": 0,
            "net_income": null,
            "revenue": null,
            "common_shares": null,
            "book_valuer_per_share": null,
            "book_valuer_per_share_4q_avg": 1.25,
            "equity": null,
            "current_ratio": null,
            "debt_ratio": null,
            "inventory_turnover_ratio": null,
            "account_receivable_turnover_ratio": null,
            "reinvestment_rate": null,
            "research_to_sale_ratio": null,
            "price_fair": 0,
            "eps_avg_yearly": 0,
            "eps_latest_yearly": 0,
            "eps_growth_yearly": 0
        },
        "20024": {
            "year_quarter": 20024,
            "year": 2002,
            "quarter": 4,
            "eps": null,
            "eps_growth_year": null,
            "eps_4q": null,
            "eps_4q_growth_year": null,
            "roe": null,
            "roe_4q": 0,
            "gross_profit": null,
            "gross_margin": null,
            "gross_margin_4q_avg": 0,
            "net_income": null,
            "revenue": null,
            "common_shares": 120000,
            "book_valuer_per_share": 7.06,
            "book_valuer_per_share_4q_avg": 1.77,
            "equity": 84723,
            "current_ratio": 325.56,
            "debt_ratio": 25.2,
            "inventory_turnover_ratio": null,
            "account_receivable_turnover_ratio": null,
            "reinvestment_rate": null,
            "research_to_sale_ratio": null,
            "price_fair": 0,
            "eps_avg_yearly": 0,
            "eps_latest_yearly": 0,
            "eps_growth_yearly": 0
        },
        "20031": {
            "year_quarter": 20031,
            "year": 2003,
            "quarter": 1,
            "eps": null,
            "eps_growth_year": null,
            "eps_4q": null,
            "eps_4q_growth_year": null,
            "roe": null,
            "roe_4q": 0,
            "gross_profit": null,
            "gross_margin": null,
            "gross_margin_4q_avg": 0,
            "net_income": null,
            "revenue": null,
            "common_shares": null,
            "book_valuer_per_share": null,
            "book_valuer_per_share_4q_avg": 1.77,
            "equity": null,
            "current_ratio": null,
            "debt_ratio": null,
            "inventory_turnover_ratio": null,
            "account_receivable_turnover_ratio": null,
            "reinvestment_rate": null,
            "research_to_sale_ratio": null,
            "price_fair": 0,
            "eps_avg_yearly": 0,
            "eps_latest_yearly": 0,
            "eps_growth_yearly": 0
        },
        "20032": {
            "year_quarter": 20032,
            "year": 2003,
            "quarter": 2,
            "eps": null,
            "eps_growth_year": null,
            "eps_4q": null,
            "eps_4q_growth_year": null,
            "roe": null,
            "roe_4q": 0,
            "gross_profit": null,
            "gross_margin": null,
            "gross_margin_4q_avg": 0,
            "net_income": null,
            "revenue": null,
            "common_shares": null,
            "book_valuer_per_share": null,
            "book_valuer_per_share_4q_avg": 1.77,
            "equity": null,
            "current_ratio": null,
            "debt_ratio": null,
            "inventory_turnover_ratio": null,
            "account_receivable_turnover_ratio": null,
            "reinvestment_rate": null,
            "research_to_sale_ratio": null,
            "price_fair": 0,
            "eps_avg_yearly": 0,
            "eps_latest_yearly": 0,
            "eps_growth_yearly": 0
        },
        "20033": {
            "year_quarter": 20033,
            "year": 2003,
            "quarter": 3,
            "eps": null,
            "eps_growth_year": null,
            "eps_4q": null,
            "eps_4q_growth_year": null,
            "roe": null,
            "roe_4q": 0,
            "gross_profit": null,
            "gross_margin": null,
            "gross_margin_4q_avg": 0,
            "net_income": null,
            "revenue": null,
            "common_shares": null,
            "book_valuer_per_share": null,
            "book_valuer_per_share_4q_avg": 1.77,
            "equity": null,
            "current_ratio": null,
            "debt_ratio": null,
            "inventory_turnover_ratio": null,
            "account_receivable_turnover_ratio": null,
            "reinvestment_rate": null,
            "research_to_sale_ratio": null,
            "price_fair": 0,
            "eps_avg_yearly": 0,
            "eps_latest_yearly": 0,
            "eps_growth_yearly": 0
        },
        "20034": {
            "year_quarter": 20034,
            "year": 2003,
            "quarter": 4,
            "eps": null,
            "eps_growth_year": null,
            "eps_4q": null,
            "eps_4q_growth_year": null,
            "roe": null,
            "roe_4q": 0,
            "gross_profit": null,
            "gross_margin": null,
            "gross_margin_4q_avg": 0,
            "net_income": null,
            "revenue": null,
            "common_shares": 120000,
            "book_valuer_per_share": 11.03,
            "book_valuer_per_share_4q_avg": 2.76,
            "equity": 132322,
            "current_ratio": 509.86,
            "debt_ratio": 16.89,
            "inventory_turnover_ratio": null,
            "account_receivable_turnover_ratio": null,
            "reinvestment_rate": null,
            "research_to_sale_ratio": null,
            "price_fair": 0,
            "eps_avg_yearly": 0,
            "eps_latest_yearly": 0,
            "eps_growth_yearly": 0
        },
        "20041": {
            "year_quarter": 20041,
            "year": 2004,
            "quarter": 1,
            "eps": null,
            "eps_growth_year": null,
            "eps_4q": null,
            "eps_4q_growth_year": null,
            "roe": null,
            "roe_4q": 0,
            "gross_profit": null,
            "gross_margin": null,
            "gross_margin_4q_avg": 0,
            "net_income": null,
            "revenue": null,
            "common_shares": null,
            "book_valuer_per_share": null,
            "book_valuer_per_share_4q_avg": 2.76,
            "equity": null,
            "current_ratio": null,
            "debt_ratio": null,
            "inventory_turnover_ratio": null,
            "account_receivable_turnover_ratio": null,
            "reinvestment_rate": null,
            "research_to_sale_ratio": null,
            "price_fair": 0,
            "eps_avg_yearly": 0,
            "eps_latest_yearly": 0,
            "eps_growth_yearly": 0
        },
        "20042": {
            "year_quarter": 20042,
            "year": 2004,
            "quarter": 2,
            "eps": null,
            "eps_growth_year": null,
            "eps_4q": null,
            "eps_4q_growth_year": null,
            "roe": null,
            "roe_4q": 0,
            "gross_profit": null,
            "gross_margin": null,
            "gross_margin_4q_avg": 0,
            "net_income": null,
            "revenue": null,
            "common_shares": null,
            "book_valuer_per_share": null,
            "book_valuer_per_share_4q_avg": 2.76,
            "equity": null,
            "current_ratio": null,
            "debt_ratio": null,
            "inventory_turnover_ratio": null,
            "account_receivable_turnover_ratio": null,
            "reinvestment_rate": null,
            "research_to_sale_ratio": null,
            "price_fair": 0,
            "eps_avg_yearly": 0,
            "eps_latest_yearly": 0,
            "eps_growth_yearly": 0
        },
        "20043": {
            "year_quarter": 20043,
            "year": 2004,
            "quarter": 3,
            "eps": null,
            "eps_growth_year": null,
            "eps_4q": null,
            "eps_4q_growth_year": null,
            "roe": null,
            "roe_4q": 0,
            "gross_profit": null,
            "gross_margin": null,
            "gross_margin_4q_avg": 0,
            "net_income": null,
            "revenue": null,
            "common_shares": null,
            "book_valuer_per_share": null,
            "book_valuer_per_share_4q_avg": 2.76,
            "equity": null,
            "current_ratio": null,
            "debt_ratio": null,
            "inventory_turnover_ratio": null,
            "account_receivable_turnover_ratio": null,
            "reinvestment_rate": null,
            "research_to_sale_ratio": null,
            "price_fair": 0,
            "eps_avg_yearly": 0,
            "eps_latest_yearly": 0,
            "eps_growth_yearly": 0
        },
        "20044": {
            "year_quarter": 20044,
            "year": 2004,
            "quarter": 4,
            "eps": null,
            "eps_growth_year": null,
            "eps_4q": null,
            "eps_4q_growth_year": null,
            "roe": null,
            "roe_4q": 0,
            "gross_profit": null,
            "gross_margin": null,
            "gross_margin_4q_avg": 0,
            "net_income": null,
            "revenue": null,
            "common_shares": 120000,
            "book_valuer_per_share": 11.91,
            "book_valuer_per_share_4q_avg": 2.98,
            "equity": 142863,
            "current_ratio": 407.2,
            "debt_ratio": 16.62,
            "inventory_turnover_ratio": null,
            "account_receivable_turnover_ratio": null,
            "reinvestment_rate": null,
            "research_to_sale_ratio": null,
            "price_fair": 0,
            "eps_avg_yearly": 0,
            "eps_latest_yearly": 0,
            "eps_growth_yearly": 0
        },
        "20051": {
            "year_quarter": 20051,
            "year": 2005,
            "quarter": 1,
            "eps": null,
            "eps_growth_year": null,
            "eps_4q": null,
            "eps_4q_growth_year": null,
            "roe": null,
            "roe_4q": 0,
            "gross_profit": null,
            "gross_margin": null,
            "gross_margin_4q_avg": 0,
            "net_income": null,
            "revenue": null,
            "common_shares": null,
            "book_valuer_per_share": null,
            "book_valuer_per_share_4q_avg": 2.98,
            "equity": null,
            "current_ratio": null,
            "debt_ratio": null,
            "inventory_turnover_ratio": null,
            "account_receivable_turnover_ratio": null,
            "reinvestment_rate": null,
            "research_to_sale_ratio": null,
            "price_fair": 0,
            "eps_avg_yearly": 0,
            "eps_latest_yearly": 0,
            "eps_growth_yearly": 0
        },
        "20052": {
            "year_quarter": 20052,
            "year": 2005,
            "quarter": 2,
            "eps": null,
            "eps_growth_year": null,
            "eps_4q": null,
            "eps_4q_growth_year": null,
            "roe": null,
            "roe_4q": 0,
            "gross_profit": null,
            "gross_margin": null,
            "gross_margin_4q_avg": 0,
            "net_income": null,
            "revenue": null,
            "common_shares": null,
            "book_valuer_per_share": null,
            "book_valuer_per_share_4q_avg": 2.98,
            "equity": null,
            "current_ratio": null,
            "debt_ratio": null,
            "inventory_turnover_ratio": null,
            "account_receivable_turnover_ratio": null,
            "reinvestment_rate": null,
            "research_to_sale_ratio": null,
            "price_fair": 0,
            "eps_avg_yearly": 0,
            "eps_latest_yearly": 0,
            "eps_growth_yearly": 0
        },
        "20053": {
            "year_quarter": 20053,
            "year": 2005,
            "quarter": 3,
            "eps": null,
            "eps_growth_year": null,
            "eps_4q": null,
            "eps_4q_growth_year": null,
            "roe": null,
            "roe_4q": 0,
            "gross_profit": null,
            "gross_margin": null,
            "gross_margin_4q_avg": 0,
            "net_income": null,
            "revenue": null,
            "common_shares": null,
            "book_valuer_per_share": null,
            "book_valuer_per_share_4q_avg": 2.98,
            "equity": null,
            "current_ratio": null,
            "debt_ratio": null,
            "inventory_turnover_ratio": null,
            "account_receivable_turnover_ratio": null,
            "reinvestment_rate": null,
            "research_to_sale_ratio": null,
            "price_fair": 0,
            "eps_avg_yearly": 0,
            "eps_latest_yearly": 0,
            "eps_growth_yearly": 0
        },
        "20054": {
            "year_quarter": 20054,
            "year": 2005,
            "quarter": 4,
            "eps": null,
            "eps_growth_year": null,
            "eps_4q": null,
            "eps_4q_growth_year": null,
            "roe": null,
            "roe_4q": 0,
            "gross_profit": null,
            "gross_margin": null,
            "gross_margin_4q_avg": 0,
            "net_income": null,
            "revenue": null,
            "common_shares": 120000,
            "book_valuer_per_share": 14.66,
            "book_valuer_per_share_4q_avg": 3.67,
            "equity": 175862,
            "current_ratio": 247.16,
            "debt_ratio": 29.6,
            "inventory_turnover_ratio": null,
            "account_receivable_turnover_ratio": null,
            "reinvestment_rate": null,
            "research_to_sale_ratio": null,
            "price_fair": 0,
            "eps_avg_yearly": 0,
            "eps_latest_yearly": 0,
            "eps_growth_yearly": 0
        },
        "20061": {
            "year_quarter": 20061,
            "year": 2006,
            "quarter": 1,
            "eps": null,
            "eps_growth_year": null,
            "eps_4q": null,
            "eps_4q_growth_year": null,
            "roe": null,
            "roe_4q": 0,
            "gross_profit": null,
            "gross_margin": null,
            "gross_margin_4q_avg": 0,
            "net_income": null,
            "revenue": null,
            "common_shares": null,
            "book_valuer_per_share": null,
            "book_valuer_per_share_4q_avg": 3.67,
            "equity": null,
            "current_ratio": null,
            "debt_ratio": null,
            "inventory_turnover_ratio": null,
            "account_receivable_turnover_ratio": null,
            "reinvestment_rate": null,
            "research_to_sale_ratio": null,
            "price_fair": 0,
            "eps_avg_yearly": 0,
            "eps_latest_yearly": 0,
            "eps_growth_yearly": 0
        },
        "20062": {
            "year_quarter": 20062,
            "year": 2006,
            "quarter": 2,
            "eps": null,
            "eps_growth_year": null,
            "eps_4q": null,
            "eps_4q_growth_year": null,
            "roe": null,
            "roe_4q": 0,
            "gross_profit": null,
            "gross_margin": null,
            "gross_margin_4q_avg": 0,
            "net_income": null,
            "revenue": null,
            "common_shares": null,
            "book_valuer_per_share": null,
            "book_valuer_per_share_4q_avg": 3.67,
            "equity": null,
            "current_ratio": null,
            "debt_ratio": null,
            "inventory_turnover_ratio": null,
            "account_receivable_turnover_ratio": null,
            "reinvestment_rate": null,
            "research_to_sale_ratio": null,
            "price_fair": 0,
            "eps_avg_yearly": 0,
            "eps_latest_yearly": 0,
            "eps_growth_yearly": 0
        },
        "20063": {
            "year_quarter": 20063,
            "year": 2006,
            "quarter": 3,
            "eps": 0.96,
            "eps_growth_year": null,
            "eps_4q": null,
            "eps_4q_growth_year": null,
            "roe": 7.96,
            "roe_4q": 7.96,
            "gross_profit": 48210,
            "gross_margin": 40.15,
            "gross_margin_4q_avg": 10.04,
            "net_income": 16727,
            "revenue": 120071,
            "common_shares": 121480,
            "book_valuer_per_share": 17.29,
            "book_valuer_per_share_4q_avg": 7.99,
            "equity": 210055,
            "current_ratio": 247.17,
            "debt_ratio": 32.16,
            "inventory_turnover_ratio": 3.07,
            "account_receivable_turnover_ratio": null,
            "reinvestment_rate": null,
            "research_to_sale_ratio": null,
            "price_fair": 0,
            "eps_avg_yearly": 0,
            "eps_latest_yearly": 0,
            "eps_growth_yearly": 0
        },
        "20064": {
            "year_quarter": 20064,
            "year": 2006,
            "quarter": 4,
            "eps": 1.2,
            "eps_growth_year": null,
            "eps_4q": null,
            "eps_4q_growth_year": null,
            "roe": 6.62,
            "roe_4q": 14.58,
            "gross_profit": 41671,
            "gross_margin": 37.49,
            "gross_margin_4q_avg": 19.41,
            "net_income": 14396,
            "revenue": 111153,
            "common_shares": 121480,
            "book_valuer_per_share": 18.5,
            "book_valuer_per_share_4q_avg": 8.95,
            "equity": 224793,
            "current_ratio": 270.09,
            "debt_ratio": 29.92,
            "inventory_turnover_ratio": 1.27,
            "account_receivable_turnover_ratio": null,
            "reinvestment_rate": null,
            "research_to_sale_ratio": null,
            "price_fair": 168,
            "eps_avg_yearly": 4.8,
            "eps_latest_yearly": 4.8,
            "eps_growth_yearly": 100
        },
        "20071": {
            "year_quarter": 20071,
            "year": 2007,
            "quarter": 1,
            "eps": 1.08,
            "eps_growth_year": null,
            "eps_4q": null,
            "eps_4q_growth_year": null,
            "roe": 8.13,
            "roe_4q": 22.71,
            "gross_profit": 42930,
            "gross_margin": 38.42,
            "gross_margin_4q_avg": 29.02,
            "net_income": 19074,
            "revenue": 111748,
            "common_shares": 121480,
            "book_valuer_per_share": 20.14,
            "book_valuer_per_share_4q_avg": 13.98,
            "equity": 244630,
            "current_ratio": 361.05,
            "debt_ratio": 22.28,
            "inventory_turnover_ratio": 1.29,
            "account_receivable_turnover_ratio": null,
            "reinvestment_rate": null,
            "research_to_sale_ratio": null,
            "price_fair": 159.6,
            "eps_avg_yearly": 4.56,
            "eps_latest_yearly": 4.32,
            "eps_growth_yearly": 30
        },
        "20072": {
            "year_quarter": 20072,
            "year": 2007,
            "quarter": 2,
            "eps": 0.55,
            "eps_growth_year": null,
            "eps_4q": 4.67,
            "eps_4q_growth_year": null,
            "roe": 2.7,
            "roe_4q": 25.410000000000004,
            "gross_profit": 28866,
            "gross_margin": 34.09,
            "gross_margin_4q_avg": 37.54,
            "net_income": 6701,
            "revenue": 84674,
            "common_shares": 121480,
            "book_valuer_per_share": 20.66,
            "book_valuer_per_share_4q_avg": 19.15,
            "equity": 250998,
            "current_ratio": 429.4,
            "debt_ratio": 17.9,
            "inventory_turnover_ratio": 2.87,
            "account_receivable_turnover_ratio": null,
            "reinvestment_rate": null,
            "research_to_sale_ratio": null,
            "price_fair": 11.32,
            "eps_avg_yearly": 3.77,
            "eps_latest_yearly": 2.2,
            "eps_growth_yearly": -45.43
        },
        "20073": {
            "year_quarter": 20073,
            "year": 2007,
            "quarter": 3,
            "eps": 0.72,
            "eps_growth_year": -25,
            "eps_4q": 2.99,
            "eps_4q_growth_year": null,
            "roe": 4.93,
            "roe_4q": 22.380000000000003,
            "gross_profit": 35188,
            "gross_margin": 28.19,
            "gross_margin_4q_avg": 34.55,
            "net_income": 12763,
            "revenue": 124817,
            "common_shares": 178150,
            "book_valuer_per_share": 14.96,
            "book_valuer_per_share_4q_avg": 18.57,
            "equity": 266490,
            "current_ratio": 359.27,
            "debt_ratio": 22.72,
            "inventory_turnover_ratio": 4.89,
            "account_receivable_turnover_ratio": null,
            "reinvestment_rate": null,
            "research_to_sale_ratio": null,
            "price_fair": 10.65,
            "eps_avg_yearly": 3.55,
            "eps_latest_yearly": 2.88,
            "eps_growth_yearly": -3.16
        },
        "20074": {
            "year_quarter": 20074,
            "year": 2007,
            "quarter": 4,
            "eps": 0.31,
            "eps_growth_year": -74.17,
            "eps_4q": 2.5,
            "eps_4q_growth_year": null,
            "roe": 1.78,
            "roe_4q": 17.54,
            "gross_profit": 30681,
            "gross_margin": 28.12,
            "gross_margin_4q_avg": 32.21,
            "net_income": 5444,
            "revenue": 109117,
            "common_shares": 201900,
            "book_valuer_per_share": 17.11,
            "book_valuer_per_share_4q_avg": 18.22,
            "equity": 345522,
            "current_ratio": 425.93,
            "debt_ratio": 20.13,
            "inventory_turnover_ratio": 1.47,
            "account_receivable_turnover_ratio": null,
            "reinvestment_rate": null,
            "research_to_sale_ratio": null,
            "price_fair": 9.26,
            "eps_avg_yearly": 3.09,
            "eps_latest_yearly": 1.24,
            "eps_growth_yearly": -48.09
        },
        "20081": {
            "year_quarter": 20081,
            "year": 2008,
            "quarter": 1,
            "eps": 0.03,
            "eps_growth_year": -97.22,
            "eps_4q": 1.48,
            "eps_4q_growth_year": null,
            "roe": 0.15,
            "roe_4q": 9.559999999999999,
            "gross_profit": 30479,
            "gross_margin": 24.7,
            "gross_margin_4q_avg": 28.78,
            "net_income": 514,
            "revenue": 123404,
            "common_shares": 201900,
            "book_valuer_per_share": 17.07,
            "book_valuer_per_share_4q_avg": 17.45,
            "equity": 344656,
            "current_ratio": 402.22,
            "debt_ratio": 20.29,
            "inventory_turnover_ratio": 1.01,
            "account_receivable_turnover_ratio": null,
            "reinvestment_rate": null,
            "research_to_sale_ratio": null,
            "price_fair": 7.78,
            "eps_avg_yearly": 2.59,
            "eps_latest_yearly": 0.12,
            "eps_growth_yearly": -100.29
        },
        "20082": {
            "year_quarter": 20082,
            "year": 2008,
            "quarter": 2,
            "eps": 1.01,
            "eps_growth_year": 83.64,
            "eps_4q": 1.94,
            "eps_4q_growth_year": -58.49,
            "roe": 5.73,
            "roe_4q": 12.59,
            "gross_profit": 49642,
            "gross_margin": 33.79,
            "gross_margin_4q_avg": 28.7,
            "net_income": 20361,
            "revenue": 146921,
            "common_shares": 201900,
            "book_valuer_per_share": 18.11,
            "book_valuer_per_share_4q_avg": 16.81,
            "equity": 365639,
            "current_ratio": 429.71,
            "debt_ratio": 19.12,
            "inventory_turnover_ratio": 1.03,
            "account_receivable_turnover_ratio": null,
            "reinvestment_rate": null,
            "research_to_sale_ratio": null,
            "price_fair": 98,
            "eps_avg_yearly": 2.8,
            "eps_latest_yearly": 4.04,
            "eps_growth_yearly": 1780.71
        },
        "20083": {
            "year_quarter": 20083,
            "year": 2008,
            "quarter": 3,
            "eps": 0.66,
            "eps_growth_year": -8.33,
            "eps_4q": 1.75,
            "eps_4q_growth_year": -41.35,
            "roe": 4.24,
            "roe_4q": 11.9,
            "gross_profit": 40199,
            "gross_margin": 29.97,
            "gross_margin_4q_avg": 29.15,
            "net_income": 15915,
            "revenue": 134140,
            "common_shares": 241638,
            "book_valuer_per_share": 15.93,
            "book_valuer_per_share_4q_avg": 17.06,
            "equity": 384965,
            "current_ratio": 369.11,
            "debt_ratio": 22.19,
            "inventory_turnover_ratio": 0.98,
            "account_receivable_turnover_ratio": null,
            "reinvestment_rate": null,
            "research_to_sale_ratio": null,
            "price_fair": 97.3,
            "eps_avg_yearly": 2.78,
            "eps_latest_yearly": 2.64,
            "eps_growth_yearly": 1540.79
        },
        "20084": {
            "year_quarter": 20084,
            "year": 2008,
            "quarter": 4,
            "eps": 0.17,
            "eps_growth_year": -45.16,
            "eps_4q": 1.66,
            "eps_4q_growth_year": -33.82,
            "roe": 1.08,
            "roe_4q": 11.200000000000001,
            "gross_profit": 35728,
            "gross_margin": 30.71,
            "gross_margin_4q_avg": 29.79,
            "net_income": 4205,
            "revenue": 116357,
            "common_shares": 242478,
            "book_valuer_per_share": 16.14,
            "book_valuer_per_share_4q_avg": 16.81,
            "equity": 391255,
            "current_ratio": 358.09,
            "debt_ratio": 23.22,
            "inventory_turnover_ratio": 0.77,
            "account_receivable_turnover_ratio": 7.01,
            "reinvestment_rate": null,
            "research_to_sale_ratio": null,
            "price_fair": 89.13,
            "eps_avg_yearly": 2.55,
            "eps_latest_yearly": 0.68,
            "eps_growth_yearly": 1336.6
        },
        "20091": {
            "year_quarter": 20091,
            "year": 2009,
            "quarter": 1,
            "eps": 0.61,
            "eps_growth_year": 1933.33,
            "eps_4q": 2.28,
            "eps_4q_growth_year": 53.51,
            "roe": 3.7,
            "roe_4q": 14.75,
            "gross_profit": 38291,
            "gross_margin": 28.49,
            "gross_margin_4q_avg": 30.74,
            "net_income": 14807,
            "revenue": 134386,
            "common_shares": 242478,
            "book_valuer_per_share": 16.86,
            "book_valuer_per_share_4q_avg": 16.76,
            "equity": 408753,
            "current_ratio": 403.89,
            "debt_ratio": 20.89,
            "inventory_turnover_ratio": 0.87,
            "account_receivable_turnover_ratio": 3.06,
            "reinvestment_rate": null,
            "research_to_sale_ratio": null,
            "price_fair": 88.76,
            "eps_avg_yearly": 2.54,
            "eps_latest_yearly": 2.44,
            "eps_growth_yearly": 1306.46
        },
        "20092": {
            "year_quarter": 20092,
            "year": 2009,
            "quarter": 2,
            "eps": 0.49,
            "eps_growth_year": -51.49,
            "eps_4q": 1.75,
            "eps_4q_growth_year": -9.78,
            "roe": 3.28,
            "roe_4q": 12.3,
            "gross_profit": 51452,
            "gross_margin": 33.13,
            "gross_margin_4q_avg": 30.58,
            "net_income": 13593,
            "revenue": 155319,
            "common_shares": 242478,
            "book_valuer_per_share": 17.29,
            "book_valuer_per_share_4q_avg": 16.56,
            "equity": 419207,
            "current_ratio": 418.89,
            "debt_ratio": 20.62,
            "inventory_turnover_ratio": 0.98,
            "account_receivable_turnover_ratio": 3.64,
            "reinvestment_rate": null,
            "research_to_sale_ratio": null,
            "price_fair": 86.93,
            "eps_avg_yearly": 2.48,
            "eps_latest_yearly": 1.96,
            "eps_growth_yearly": 1180.54
        },
        "20093": {
            "year_quarter": 20093,
            "year": 2009,
            "quarter": 3,
            "eps": 0.55,
            "eps_growth_year": -16.67,
            "eps_4q": 1.73,
            "eps_4q_growth_year": -1.4,
            "roe": 3.57,
            "roe_4q": 11.63,
            "gross_profit": 46341,
            "gross_margin": 28.66,
            "gross_margin_4q_avg": 30.25,
            "net_income": 15236,
            "revenue": 161683,
            "common_shares": 282180,
            "book_valuer_per_share": 15.43,
            "book_valuer_per_share_4q_avg": 16.43,
            "equity": 435368,
            "current_ratio": 382.77,
            "debt_ratio": 22.83,
            "inventory_turnover_ratio": 1.16,
            "account_receivable_turnover_ratio": 4.9,
            "reinvestment_rate": null,
            "research_to_sale_ratio": null,
            "price_fair": 86.1,
            "eps_avg_yearly": 2.46,
            "eps_latest_yearly": 2.2,
            "eps_growth_yearly": 1086.25
        },
        "20094": {
            "year_quarter": 20094,
            "year": 2009,
            "quarter": 4,
            "eps": 0.65,
            "eps_growth_year": 282.35,
            "eps_4q": 2.19,
            "eps_4q_growth_year": 31.99,
            "roe": 4.08,
            "roe_4q": 14.629999999999999,
            "gross_profit": 55049,
            "gross_margin": 35.44,
            "gross_margin_4q_avg": 31.43,
            "net_income": 18093,
            "revenue": 155348,
            "common_shares": 282180,
            "book_valuer_per_share": 15.99,
            "book_valuer_per_share_4q_avg": 16.39,
            "equity": 451084,
            "current_ratio": 338.12,
            "debt_ratio": 26.34,
            "inventory_turnover_ratio": 0.95,
            "account_receivable_turnover_ratio": 7.88,
            "reinvestment_rate": null,
            "research_to_sale_ratio": null,
            "price_fair": 86.48,
            "eps_avg_yearly": 2.47,
            "eps_latest_yearly": 2.6,
            "eps_growth_yearly": 1008.28
        },
        "20101": {
            "year_quarter": 20101,
            "year": 2010,
            "quarter": 1,
            "eps": 0.61,
            "eps_growth_year": 0,
            "eps_4q": 2.27,
            "eps_4q_growth_year": -0.19,
            "roe": 3.75,
            "roe_4q": 14.68,
            "gross_profit": 54941,
            "gross_margin": 31.67,
            "gross_margin_4q_avg": 32.23,
            "net_income": 17230,
            "revenue": 173455,
            "common_shares": 282180,
            "book_valuer_per_share": 16.57,
            "book_valuer_per_share_4q_avg": 16.32,
            "equity": 467518,
            "current_ratio": 405.67,
            "debt_ratio": 22.26,
            "inventory_turnover_ratio": 1.03,
            "account_receivable_turnover_ratio": 4.49,
            "reinvestment_rate": null,
            "research_to_sale_ratio": 6.95,
            "price_fair": 86.4,
            "eps_avg_yearly": 2.47,
            "eps_latest_yearly": 2.44,
            "eps_growth_yearly": 934.5
        },
        "20102": {
            "year_quarter": 20102,
            "year": 2010,
            "quarter": 2,
            "eps": 0.61,
            "eps_growth_year": 24.15,
            "eps_4q": 2.28,
            "eps_4q_growth_year": 30.48,
            "roe": 3.99,
            "roe_4q": 15.39,
            "gross_profit": 50737,
            "gross_margin": 33.33,
            "gross_margin_4q_avg": 32.28,
            "net_income": 18375,
            "revenue": 152229,
            "common_shares": 282310,
            "book_valuer_per_share": 16.1,
            "book_valuer_per_share_4q_avg": 16.02,
            "equity": 454551,
            "current_ratio": 336.81,
            "debt_ratio": 26.47,
            "inventory_turnover_ratio": 0.85,
            "account_receivable_turnover_ratio": 3.88,
            "reinvestment_rate": 85.73,
            "research_to_sale_ratio": 9.01,
            "price_fair": 86.33,
            "eps_avg_yearly": 2.47,
            "eps_latest_yearly": 2.44,
            "eps_growth_yearly": 872.2
        },
        "20103": {
            "year_quarter": 20103,
            "year": 2010,
            "quarter": 3,
            "eps": 0.54,
            "eps_growth_year": -1.28,
            "eps_4q": 2.32,
            "eps_4q_growth_year": 34.38,
            "roe": 3.55,
            "roe_4q": 15.37,
            "gross_profit": 58442,
            "gross_margin": 34.64,
            "gross_margin_4q_avg": 33.77,
            "net_income": 16401,
            "revenue": 168728,
            "common_shares": 302063,
            "book_valuer_per_share": 15.53,
            "book_valuer_per_share_4q_avg": 16.05,
            "equity": 468972,
            "current_ratio": 415.86,
            "debt_ratio": 21.49,
            "inventory_turnover_ratio": 0.88,
            "account_receivable_turnover_ratio": 4.05,
            "reinvestment_rate": 77.53,
            "research_to_sale_ratio": 8.35,
            "price_fair": 85.66,
            "eps_avg_yearly": 2.45,
            "eps_latest_yearly": 2.16,
            "eps_growth_yearly": 814.82
        },
        "20104": {
            "year_quarter": 20104,
            "year": 2010,
            "quarter": 4,
            "eps": 0,
            "eps_growth_year": -99.95,
            "eps_4q": 1.71,
            "eps_4q_growth_year": -21.77,
            "roe": 0,
            "roe_4q": 11.29,
            "gross_profit": 44305,
            "gross_margin": 28.44,
            "gross_margin_4q_avg": 32.02,
            "net_income": 9,
            "revenue": 155762,
            "common_shares": 303940,
            "book_valuer_per_share": 15.31,
            "book_valuer_per_share_4q_avg": 15.88,
            "equity": 465425,
            "current_ratio": 417.6,
            "debt_ratio": 20.54,
            "inventory_turnover_ratio": 0.86,
            "account_receivable_turnover_ratio": 3.15,
            "reinvestment_rate": 75.52,
            "research_to_sale_ratio": 8.69,
            "price_fair": 80.17,
            "eps_avg_yearly": 2.29,
            "eps_latest_yearly": 2.16,
            "eps_growth_yearly": 862.48
        },
        "20111": {
            "year_quarter": 20111,
            "year": 2011,
            "quarter": 1,
            "eps": 0.46,
            "eps_growth_year": -24.59,
            "eps_4q": 1.61,
            "eps_4q_growth_year": -29.26,
            "roe": 2.98,
            "roe_4q": 10.52,
            "gross_profit": 46622,
            "gross_margin": 32.09,
            "gross_margin_4q_avg": 32.13,
            "net_income": 14099,
            "revenue": 145296,
            "common_shares": 303940,
            "book_valuer_per_share": 15.83,
            "book_valuer_per_share_4q_avg": 15.69,
            "equity": 481184,
            "current_ratio": 463.49,
            "debt_ratio": 18.28,
            "inventory_turnover_ratio": 0.75,
            "account_receivable_turnover_ratio": 2.92,
            "reinvestment_rate": 83.29,
            "research_to_sale_ratio": 8.74,
            "price_fair": 75.1,
            "eps_avg_yearly": 2.15,
            "eps_latest_yearly": 2.16,
            "eps_growth_yearly": 926.94
        },
        "20112": {
            "year_quarter": 20112,
            "year": 2011,
            "quarter": 2,
            "eps": 0.24,
            "eps_growth_year": -60.24,
            "eps_4q": 1.25,
            "eps_4q_growth_year": -45.42,
            "roe": 1.59,
            "roe_4q": 8.120000000000001,
            "gross_profit": 42813,
            "gross_margin": 31.46,
            "gross_margin_4q_avg": 31.66,
            "net_income": 7351,
            "revenue": 136084,
            "common_shares": 303940,
            "book_valuer_per_share": 14.56,
            "book_valuer_per_share_4q_avg": 15.31,
            "equity": 442675,
            "current_ratio": 322.83,
            "debt_ratio": 26.39,
            "inventory_turnover_ratio": 0.69,
            "account_receivable_turnover_ratio": 2.73,
            "reinvestment_rate": 85.04,
            "research_to_sale_ratio": 9.59,
            "price_fair": 72,
            "eps_avg_yearly": 2.06,
            "eps_latest_yearly": 0.96,
            "eps_growth_yearly": 927.3
        },
        "20113": {
            "year_quarter": 20113,
            "year": 2011,
            "quarter": 3,
            "eps": 0.32,
            "eps_growth_year": -41.1,
            "eps_4q": 1.02,
            "eps_4q_growth_year": -55.96,
            "roe": 2.16,
            "roe_4q": 6.73,
            "gross_profit": 33172,
            "gross_margin": 22.84,
            "gross_margin_4q_avg": 28.71,
            "net_income": 9775,
            "revenue": 145207,
            "common_shares": 305637,
            "book_valuer_per_share": 15.14,
            "book_valuer_per_share_4q_avg": 15.21,
            "equity": 462716,
            "current_ratio": 489.88,
            "debt_ratio": 17.22,
            "inventory_turnover_ratio": 0.78,
            "account_receivable_turnover_ratio": 2.74,
            "reinvestment_rate": 89.98,
            "research_to_sale_ratio": 8.04,
            "price_fair": 68,
            "eps_avg_yearly": 1.94,
            "eps_latest_yearly": 1.28,
            "eps_growth_yearly": 927.99
        },
        "20114": {
            "year_quarter": 20114,
            "year": 2011,
            "quarter": 4,
            "eps": 0,
            "eps_growth_year": 375.34,
            "eps_4q": 1.02,
            "eps_4q_growth_year": -40.22,
            "roe": 0.01,
            "roe_4q": 6.74,
            "gross_profit": 36790,
            "gross_margin": 22.65,
            "gross_margin_4q_avg": 27.26,
            "net_income": 43,
            "revenue": 162433,
            "common_shares": 305637,
            "book_valuer_per_share": 15.11,
            "book_valuer_per_share_4q_avg": 15.16,
            "equity": 461898,
            "current_ratio": 423.38,
            "debt_ratio": 20.08,
            "inventory_turnover_ratio": 0.9,
            "account_receivable_turnover_ratio": 2.74,
            "reinvestment_rate": 73.34,
            "research_to_sale_ratio": 7.99,
            "price_fair": 69.89,
            "eps_avg_yearly": 2,
            "eps_latest_yearly": 1.28,
            "eps_growth_yearly": 1016.89
        },
        "20121": {
            "year_quarter": 20121,
            "year": 2012,
            "quarter": 1,
            "eps": -0.03,
            "eps_growth_year": -106.52,
            "eps_4q": 0.53,
            "eps_4q_growth_year": -67.05,
            "roe": -0.21,
            "roe_4q": 3.5500000000000003,
            "gross_profit": 31302,
            "gross_margin": 24.92,
            "gross_margin_4q_avg": 25.47,
            "net_income": -971,
            "revenue": 125586,
            "common_shares": 305637,
            "book_valuer_per_share": 15,
            "book_valuer_per_share_4q_avg": 14.95,
            "equity": 458401,
            "current_ratio": 500.53,
            "debt_ratio": 16.96,
            "inventory_turnover_ratio": 0.71,
            "account_receivable_turnover_ratio": 1.81,
            "reinvestment_rate": 65.07,
            "research_to_sale_ratio": 8.13,
            "price_fair": 75.37,
            "eps_avg_yearly": 2.15,
            "eps_latest_yearly": 1.28,
            "eps_growth_yearly": 1131.74
        },
        "20122": {
            "year_quarter": 20122,
            "year": 2012,
            "quarter": 2,
            "eps": 0.28,
            "eps_growth_year": 16.7,
            "eps_4q": 0.56,
            "eps_4q_growth_year": -55.21,
            "roe": 1.99,
            "roe_4q": 3.95,
            "gross_profit": 40013,
            "gross_margin": 27.81,
            "gross_margin_4q_avg": 24.56,
            "net_income": 9058,
            "revenue": 143902,
            "common_shares": 305637,
            "book_valuer_per_share": 14.76,
            "book_valuer_per_share_4q_avg": 15,
            "equity": 451107,
            "current_ratio": 384.66,
            "debt_ratio": 22.09,
            "inventory_turnover_ratio": 0.74,
            "account_receivable_turnover_ratio": 2,
            "reinvestment_rate": 67.27,
            "research_to_sale_ratio": 8.63,
            "price_fair": 69.36,
            "eps_avg_yearly": 1.98,
            "eps_latest_yearly": 1.28,
            "eps_growth_yearly": 46.75
        },
        "20123": {
            "year_quarter": 20123,
            "year": 2012,
            "quarter": 3,
            "eps": -0.12,
            "eps_growth_year": -138.08,
            "eps_4q": 0.13,
            "eps_4q_growth_year": -87.13,
            "roe": -0.87,
            "roe_4q": 0.9200000000000002,
            "gross_profit": 35382,
            "gross_margin": 22.94,
            "gross_margin_4q_avg": 24.58,
            "net_income": -3908,
            "revenue": 154212,
            "common_shares": 320919,
            "book_valuer_per_share": 13.86,
            "book_valuer_per_share_4q_avg": 14.68,
            "equity": 444882,
            "current_ratio": 360.94,
            "debt_ratio": 23.63,
            "inventory_turnover_ratio": 0.74,
            "account_receivable_turnover_ratio": 1.92,
            "reinvestment_rate": 73.26,
            "research_to_sale_ratio": 7.29,
            "price_fair": 67.06,
            "eps_avg_yearly": 1.92,
            "eps_latest_yearly": 1.28,
            "eps_growth_yearly": 65.29
        },
        "20124": {
            "year_quarter": 20124,
            "year": 2012,
            "quarter": 4,
            "eps": 0.03,
            "eps_growth_year": 2247.55,
            "eps_4q": 0.16,
            "eps_4q_growth_year": -84.04,
            "roe": 0.24,
            "roe_4q": 1.15,
            "gross_profit": 38257,
            "gross_margin": 21.49,
            "gross_margin_4q_avg": 24.29,
            "net_income": 1060,
            "revenue": 177989,
            "common_shares": 320919,
            "book_valuer_per_share": 13.9,
            "book_valuer_per_share_4q_avg": 14.38,
            "equity": 446218,
            "current_ratio": 469.96,
            "debt_ratio": 18.09,
            "inventory_turnover_ratio": 0.86,
            "account_receivable_turnover_ratio": 2.44,
            "reinvestment_rate": 71.42,
            "research_to_sale_ratio": 7.16,
            "price_fair": 71.87,
            "eps_avg_yearly": 2.05,
            "eps_latest_yearly": 1.28,
            "eps_growth_yearly": 105.54
        },
        "20131": {
            "year_quarter": 20131,
            "year": 2013,
            "quarter": 1,
            "eps": 0.12,
            "eps_growth_year": null,
            "eps_4q": 0.31,
            "eps_4q_growth_year": -41.11,
            "roe": 0.86,
            "roe_4q": 2.22,
            "gross_profit": 30968,
            "gross_margin": 24.21,
            "gross_margin_4q_avg": 24.11,
            "net_income": 3818,
            "revenue": 127891,
            "common_shares": 321294,
            "book_valuer_per_share": 13.91,
            "book_valuer_per_share_4q_avg": 14.11,
            "equity": 446887,
            "current_ratio": 535.41,
            "debt_ratio": 16.83,
            "inventory_turnover_ratio": 0.63,
            "account_receivable_turnover_ratio": 2.07,
            "reinvestment_rate": 13.77,
            "research_to_sale_ratio": 11.13,
            "price_fair": 64.24,
            "eps_avg_yearly": 1.84,
            "eps_latest_yearly": 0.48,
            "eps_growth_yearly": 123.84
        },
        "20132": {
            "year_quarter": 20132,
            "year": 2013,
            "quarter": 2,
            "eps": 0.13,
            "eps_growth_year": -53.94,
            "eps_4q": 0.16,
            "eps_4q_growth_year": -70.92,
            "roe": 0.96,
            "roe_4q": 1.1899999999999995,
            "gross_profit": 35268,
            "gross_margin": 19.21,
            "gross_margin_4q_avg": 21.96,
            "net_income": 4325,
            "revenue": 183633,
            "common_shares": 326371,
            "book_valuer_per_share": 13.89,
            "book_valuer_per_share_4q_avg": 13.89,
            "equity": 453311,
            "current_ratio": 388.67,
            "debt_ratio": 22.96,
            "inventory_turnover_ratio": 0.97,
            "account_receivable_turnover_ratio": 2.28,
            "reinvestment_rate": 16.05,
            "research_to_sale_ratio": 7.34,
            "price_fair": 58.64,
            "eps_avg_yearly": 1.68,
            "eps_latest_yearly": 0.52,
            "eps_growth_yearly": 136.28
        },
        "20133": {
            "year_quarter": 20133,
            "year": 2013,
            "quarter": 3,
            "eps": 0.15,
            "eps_growth_year": null,
            "eps_4q": 0.43,
            "eps_4q_growth_year": 225.5,
            "roe": 1.05,
            "roe_4q": 3.1099999999999994,
            "gross_profit": 39547,
            "gross_margin": 21.9,
            "gross_margin_4q_avg": 21.7,
            "net_income": 4773,
            "revenue": 180614,
            "common_shares": 326371,
            "book_valuer_per_share": 14,
            "book_valuer_per_share_4q_avg": 13.93,
            "equity": 457012,
            "current_ratio": 419.05,
            "debt_ratio": 21.4,
            "inventory_turnover_ratio": 0.94,
            "account_receivable_turnover_ratio": 1.84,
            "reinvestment_rate": 18.03,
            "research_to_sale_ratio": 7.1,
            "price_fair": 52.42,
            "eps_avg_yearly": 1.5,
            "eps_latest_yearly": 0.6,
            "eps_growth_yearly": 137.68
        },
        "20134": {
            "year_quarter": 20134,
            "year": 2013,
            "quarter": 4,
            "eps": 0.08,
            "eps_growth_year": 128.29,
            "eps_4q": 0.47,
            "eps_4q_growth_year": 188.61,
            "roe": 0.54,
            "roe_4q": 3.4099999999999997,
            "gross_profit": 33432,
            "gross_margin": 19.6,
            "gross_margin_4q_avg": 21.23,
            "net_income": 2461,
            "revenue": 170552,
            "common_shares": 326371,
            "book_valuer_per_share": 14.12,
            "book_valuer_per_share_4q_avg": 13.98,
            "equity": 460817,
            "current_ratio": 426.06,
            "debt_ratio": 20.67,
            "inventory_turnover_ratio": 0.91,
            "account_receivable_turnover_ratio": 1.88,
            "reinvestment_rate": -109.62,
            "research_to_sale_ratio": 9.18,
            "price_fair": 43.56,
            "eps_avg_yearly": 1.24,
            "eps_latest_yearly": 0.32,
            "eps_growth_yearly": 108.86
        },
        "20141": {
            "year_quarter": 20141,
            "year": 2014,
            "quarter": 1,
            "eps": 0.17,
            "eps_growth_year": 41.67,
            "eps_4q": 0.52,
            "eps_4q_growth_year": 66.84,
            "roe": 1.17,
            "roe_4q": 3.7199999999999998,
            "gross_profit": 38164,
            "gross_margin": 23.44,
            "gross_margin_4q_avg": 21.04,
            "net_income": 5436,
            "revenue": 162842,
            "common_shares": 326371,
            "book_valuer_per_share": 14.34,
            "book_valuer_per_share_4q_avg": 14.09,
            "equity": 467863,
            "current_ratio": 430.81,
            "debt_ratio": 20.19,
            "inventory_turnover_ratio": 0.78,
            "account_receivable_turnover_ratio": 1.81,
            "reinvestment_rate": -124.93,
            "research_to_sale_ratio": 9.09,
            "price_fair": 36.71,
            "eps_avg_yearly": 1.05,
            "eps_latest_yearly": 0.68,
            "eps_growth_yearly": 161.59
        },
        "20142": {
            "year_quarter": 20142,
            "year": 2014,
            "quarter": 2,
            "eps": 0.24,
            "eps_growth_year": 84.62,
            "eps_4q": 0.62,
            "eps_4q_growth_year": 284.21,
            "roe": 1.73,
            "roe_4q": 4.49,
            "gross_profit": 43043,
            "gross_margin": 23.86,
            "gross_margin_4q_avg": 22.2,
            "net_income": 8081,
            "revenue": 180403,
            "common_shares": 332898,
            "book_valuer_per_share": 14.09,
            "book_valuer_per_share_4q_avg": 14.14,
            "equity": 468976,
            "current_ratio": 306.48,
            "debt_ratio": 28.38,
            "inventory_turnover_ratio": 0.78,
            "account_receivable_turnover_ratio": 1.88,
            "reinvestment_rate": -148.18,
            "research_to_sale_ratio": 7.47,
            "price_fair": 30.96,
            "eps_avg_yearly": 0.88,
            "eps_latest_yearly": 0.96,
            "eps_growth_yearly": 179.89
        },
        "20143": {
            "year_quarter": 20143,
            "year": 2014,
            "quarter": 3,
            "eps": 0.3,
            "eps_growth_year": 100,
            "eps_4q": 0.78,
            "eps_4q_growth_year": 82.64,
            "roe": 2.12,
            "roe_4q": 5.56,
            "gross_profit": 47653,
            "gross_margin": 23.72,
            "gross_margin_4q_avg": 22.66,
            "net_income": 10058,
            "revenue": 200912,
            "common_shares": 332898,
            "book_valuer_per_share": 14.46,
            "book_valuer_per_share_4q_avg": 14.25,
            "equity": 481508,
            "current_ratio": 326.3,
            "debt_ratio": 26.88,
            "inventory_turnover_ratio": 0.81,
            "account_receivable_turnover_ratio": 1.94,
            "reinvestment_rate": -153.01,
            "research_to_sale_ratio": 7.98,
            "price_fair": 27.22,
            "eps_avg_yearly": 0.78,
            "eps_latest_yearly": 1.2,
            "eps_growth_yearly": 196.1
        },
        "20144": {
            "year_quarter": 20144,
            "year": 2014,
            "quarter": 4,
            "eps": 0.29,
            "eps_growth_year": 288.11,
            "eps_4q": 0.84,
            "eps_4q_growth_year": 77.7,
            "roe": 2.13,
            "roe_4q": 7.15,
            "gross_profit": 44649,
            "gross_margin": 22.74,
            "gross_margin_4q_avg": 23.44,
            "net_income": 12669,
            "revenue": 196361,
            "common_shares": 432898,
            "book_valuer_per_share": 16.38,
            "book_valuer_per_share_4q_avg": 14.82,
            "equity": 708881,
            "current_ratio": 501.74,
            "debt_ratio": 18.9,
            "inventory_turnover_ratio": 0.73,
            "account_receivable_turnover_ratio": 1.87,
            "reinvestment_rate": -129.25,
            "research_to_sale_ratio": 7.59,
            "price_fair": 28.56,
            "eps_avg_yearly": 0.82,
            "eps_latest_yearly": 1.16,
            "eps_growth_yearly": 175.16
        },
        "20151": {
            "year_quarter": 20151,
            "year": 2015,
            "quarter": 1,
            "eps": 0.2,
            "eps_growth_year": 17.65,
            "eps_4q": 0.91,
            "eps_4q_growth_year": 75.15,
            "roe": 1.22,
            "roe_4q": 7.199999999999999,
            "gross_profit": 50678,
            "gross_margin": 25.25,
            "gross_margin_4q_avg": 23.89,
            "net_income": 8674,
            "revenue": 200689,
            "common_shares": 432898,
            "book_valuer_per_share": 16.5,
            "book_valuer_per_share_4q_avg": 15.36,
            "equity": 714113,
            "current_ratio": 584.49,
            "debt_ratio": 16.34,
            "inventory_turnover_ratio": 0.68,
            "account_receivable_turnover_ratio": 2.12,
            "reinvestment_rate": -135.09,
            "research_to_sale_ratio": 7.74,
            "price_fair": 28.51,
            "eps_avg_yearly": 0.81,
            "eps_latest_yearly": 0.8,
            "eps_growth_yearly": 147.95
        },
        "20152": {
            "year_quarter": 20152,
            "year": 2015,
            "quarter": 2,
            "eps": 0.3,
            "eps_growth_year": 25,
            "eps_4q": 1.03,
            "eps_4q_growth_year": 65.05,
            "roe": 1.87,
            "roe_4q": 7.34,
            "gross_profit": 52579,
            "gross_margin": 23.73,
            "gross_margin_4q_avg": 23.86,
            "net_income": 13138,
            "revenue": 221585,
            "common_shares": 432898,
            "book_valuer_per_share": 16.03,
            "book_valuer_per_share_4q_avg": 15.84,
            "equity": 694087,
            "current_ratio": 429.76,
            "debt_ratio": 21.86,
            "inventory_turnover_ratio": 0.75,
            "account_receivable_turnover_ratio": 2.15,
            "reinvestment_rate": -133.47,
            "research_to_sale_ratio": 6.73,
            "price_fair": 29.27,
            "eps_avg_yearly": 0.84,
            "eps_latest_yearly": 1.2,
            "eps_growth_yearly": 183.52
        },
        "20153": {
            "year_quarter": 20153,
            "year": 2015,
            "quarter": 3,
            "eps": 0.66,
            "eps_growth_year": 120,
            "eps_4q": 1.45,
            "eps_4q_growth_year": 85.68,
            "roe": 3.99,
            "roe_4q": 9.21,
            "gross_profit": 58141,
            "gross_margin": 24.02,
            "gross_margin_4q_avg": 23.94,
            "net_income": 28384,
            "revenue": 242063,
            "common_shares": 432898,
            "book_valuer_per_share": 16.86,
            "book_valuer_per_share_4q_avg": 16.44,
            "equity": 729806,
            "current_ratio": 363.23,
            "debt_ratio": 20.93,
            "inventory_turnover_ratio": 0.78,
            "account_receivable_turnover_ratio": 2,
            "reinvestment_rate": -20.59,
            "research_to_sale_ratio": 9.38,
            "price_fair": 33.6,
            "eps_avg_yearly": 0.96,
            "eps_latest_yearly": 2.64,
            "eps_growth_yearly": 215.04
        },
        "20154": {
            "year_quarter": 20154,
            "year": 2015,
            "quarter": 4,
            "eps": 0.46,
            "eps_growth_year": 58.01,
            "eps_4q": 1.62,
            "eps_4q_growth_year": 93.73,
            "roe": 2.72,
            "roe_4q": 9.800000000000002,
            "gross_profit": 69649,
            "gross_margin": 27.74,
            "gross_margin_4q_avg": 25.19,
            "net_income": 20018,
            "revenue": 251058,
            "common_shares": 432898,
            "book_valuer_per_share": 17.09,
            "book_valuer_per_share_4q_avg": 16.62,
            "equity": 739805,
            "current_ratio": 440.83,
            "debt_ratio": 17.61,
            "inventory_turnover_ratio": 0.78,
            "account_receivable_turnover_ratio": 2.06,
            "reinvestment_rate": -9.28,
            "research_to_sale_ratio": 8.32,
            "price_fair": 36.17,
            "eps_avg_yearly": 1.03,
            "eps_latest_yearly": 1.84,
            "eps_growth_yearly": 187.02
        },
        "20161": {
            "year_quarter": 20161,
            "year": 2016,
            "quarter": 1,
            "eps": 0.5,
            "eps_growth_year": 150,
            "eps_4q": 1.92,
            "eps_4q_growth_year": 110.99,
            "roe": 2.91,
            "roe_4q": 11.490000000000002,
            "gross_profit": 76285,
            "gross_margin": 31.21,
            "gross_margin_4q_avg": 26.68,
            "net_income": 21763,
            "revenue": 244448,
            "common_shares": 432898,
            "book_valuer_per_share": 17.48,
            "book_valuer_per_share_4q_avg": 16.87,
            "equity": 756832,
            "current_ratio": 522.12,
            "debt_ratio": 15.21,
            "inventory_turnover_ratio": 0.82,
            "account_receivable_turnover_ratio": 1.91,
            "reinvestment_rate": -6.03,
            "research_to_sale_ratio": 6.66,
            "price_fair": 38.77,
            "eps_avg_yearly": 1.11,
            "eps_latest_yearly": 2,
            "eps_growth_yearly": 175.31
        },
        "20162": {
            "year_quarter": 20162,
            "year": 2016,
            "quarter": 2,
            "eps": 0.5,
            "eps_growth_year": 66.67,
            "eps_4q": 2.12,
            "eps_4q_growth_year": 105.59,
            "roe": 2.92,
            "roe_4q": 12.540000000000001,
            "gross_profit": 64477,
            "gross_margin": 27.09,
            "gross_margin_4q_avg": 27.52,
            "net_income": 21404,
            "revenue": 238027,
            "common_shares": 432898,
            "book_valuer_per_share": 16.4,
            "book_valuer_per_share_4q_avg": 16.96,
            "equity": 710028,
            "current_ratio": 330.13,
            "debt_ratio": 23.92,
            "inventory_turnover_ratio": 0.94,
            "account_receivable_turnover_ratio": 1.56,
            "reinvestment_rate": -13.72,
            "research_to_sale_ratio": 8.6,
            "price_fair": 41,
            "eps_avg_yearly": 1.17,
            "eps_latest_yearly": 2,
            "eps_growth_yearly": 162.79
        },
        "20163": {
            "year_quarter": 20163,
            "year": 2016,
            "quarter": 3,
            "eps": 0.12,
            "eps_growth_year": -81.82,
            "eps_4q": 1.58,
            "eps_4q_growth_year": 8.65,
            "roe": 0.72,
            "roe_4q": 9.27,
            "gross_profit": 52347,
            "gross_margin": 24.91,
            "gross_margin_4q_avg": 27.74,
            "net_income": 5116,
            "revenue": 210115,
            "common_shares": 432898,
            "book_valuer_per_share": 16.25,
            "book_valuer_per_share_4q_avg": 16.81,
            "equity": 703614,
            "current_ratio": 518.06,
            "debt_ratio": 15.46,
            "inventory_turnover_ratio": 0.91,
            "account_receivable_turnover_ratio": 1.26,
            "reinvestment_rate": -14.04,
            "research_to_sale_ratio": 7.63,
            "price_fair": 39.39,
            "eps_avg_yearly": 1.13,
            "eps_latest_yearly": 0.48,
            "eps_growth_yearly": 131.67
        },
        "20164": {
            "year_quarter": 20164,
            "year": 2016,
            "quarter": 4,
            "eps": -0.27,
            "eps_growth_year": -159.4,
            "eps_4q": 0.84,
            "eps_4q_growth_year": -48.17,
            "roe": -1.71,
            "roe_4q": 4.84,
            "gross_profit": 20934,
            "gross_margin": 15.44,
            "gross_margin_4q_avg": 24.66,
            "net_income": -11891,
            "revenue": 135581,
            "common_shares": 432898,
            "book_valuer_per_share": 15.85,
            "book_valuer_per_share_4q_avg": 16.5,
            "equity": 686168,
            "current_ratio": 501.72,
            "debt_ratio": 15.99,
            "inventory_turnover_ratio": 0.63,
            "account_receivable_turnover_ratio": 1.01,
            "reinvestment_rate": -11.4,
            "research_to_sale_ratio": 12.23,
            "price_fair": 39.39,
            "eps_avg_yearly": 1.13,
            "eps_latest_yearly": 0.48,
            "eps_growth_yearly": 131.67
        },
        "20171": {
            "year_quarter": 20171,
            "year": 2017,
            "quarter": 1,
            "eps": 0.01,
            "eps_growth_year": -98,
            "eps_4q": 0.35,
            "eps_4q_growth_year": -81.74,
            "roe": 0.09,
            "roe_4q": 2.02,
            "gross_profit": 58516,
            "gross_margin": 29.17,
            "gross_margin_4q_avg": 24.15,
            "net_income": 583,
            "revenue": 200605,
            "common_shares": 432898,
            "book_valuer_per_share": 15.49,
            "book_valuer_per_share_4q_avg": 16,
            "equity": 670598,
            "current_ratio": 540.44,
            "debt_ratio": 15.04,
            "inventory_turnover_ratio": 0.73,
            "account_receivable_turnover_ratio": 1.78,
            "reinvestment_rate": 40.92,
            "research_to_sale_ratio": 9.62,
            "price_fair": 41,
            "eps_avg_yearly": 1.17,
            "eps_latest_yearly": 0.48,
            "eps_growth_yearly": 55.36
        },
        "20172": {
            "year_quarter": 20172,
            "year": 2017,
            "quarter": 2,
            "eps": 0.29,
            "eps_growth_year": -42,
            "eps_4q": 0.15,
            "eps_4q_growth_year": -93.14,
            "roe": 1.86,
            "roe_4q": 0.9600000000000002,
            "gross_profit": 49421,
            "gross_margin": 26.74,
            "gross_margin_4q_avg": 24.07,
            "net_income": 12471,
            "revenue": 184801,
            "common_shares": 432898,
            "book_valuer_per_share": 15.42,
            "book_valuer_per_share_4q_avg": 15.75,
            "equity": 667631,
            "current_ratio": 445.74,
            "debt_ratio": 17.95,
            "inventory_turnover_ratio": 0.66,
            "account_receivable_turnover_ratio": 1.57,
            "reinvestment_rate": 42.83,
            "research_to_sale_ratio": 9.56,
            "price_fair": 42.6,
            "eps_avg_yearly": 1.22,
            "eps_latest_yearly": 1.16,
            "eps_growth_yearly": 852.98
        },
        "20173": {
            "year_quarter": 20173,
            "year": 2017,
            "quarter": 3,
            "eps": 0.12,
            "eps_growth_year": 0,
            "eps_4q": 0.14,
            "eps_4q_growth_year": -90.96,
            "roe": 0.75,
            "roe_4q": 0.9900000000000002,
            "gross_profit": 41030,
            "gross_margin": 22.19,
            "gross_margin_4q_avg": 23.39,
            "net_income": 5014,
            "revenue": 184909,
            "common_shares": 432898,
            "book_valuer_per_share": 15.64,
            "book_valuer_per_share_4q_avg": 15.6,
            "equity": 677208,
            "current_ratio": 506.94,
            "debt_ratio": 15.85,
            "inventory_turnover_ratio": 0.64,
            "account_receivable_turnover_ratio": 1.62,
            "reinvestment_rate": 44.12,
            "research_to_sale_ratio": 9.08,
            "price_fair": 42.3,
            "eps_avg_yearly": 1.21,
            "eps_latest_yearly": 0.48,
            "eps_growth_yearly": 831.83
        },
        "20174": {
            "year_quarter": 20174,
            "year": 2017,
            "quarter": 4,
            "eps": -0.11,
            "eps_growth_year": null,
            "eps_4q": 0.31,
            "eps_4q_growth_year": -63.49,
            "roe": -0.71,
            "roe_4q": 1.9900000000000002,
            "gross_profit": 39682,
            "gross_margin": 19.75,
            "gross_margin_4q_avg": 24.46,
            "net_income": -4783,
            "revenue": 200941,
            "common_shares": 432898,
            "book_valuer_per_share": 15.48,
            "book_valuer_per_share_4q_avg": 15.51,
            "equity": 669959,
            "current_ratio": 482.33,
            "debt_ratio": 16.76,
            "inventory_turnover_ratio": 0.69,
            "account_receivable_turnover_ratio": 1.61,
            "reinvestment_rate": 49.2,
            "research_to_sale_ratio": 8.13,
            "price_fair": 44.69,
            "eps_avg_yearly": 1.28,
            "eps_latest_yearly": 0.48,
            "eps_growth_yearly": 910.18
        },
        "20181": {
            "year_quarter": 20181,
            "year": 2018,
            "quarter": 1,
            "eps": 0.01,
            "eps_growth_year": 0,
            "eps_4q": 0.31,
            "eps_4q_growth_year": -12.52,
            "roe": 0.09,
            "roe_4q": 1.9900000000000002,
            "gross_profit": 44950,
            "gross_margin": 21.36,
            "gross_margin_4q_avg": 22.51,
            "net_income": 606,
            "revenue": 210433,
            "common_shares": 432898,
            "book_valuer_per_share": 15.57,
            "book_valuer_per_share_4q_avg": 15.53,
            "equity": 674120,
            "current_ratio": 461.41,
            "debt_ratio": 16.92,
            "inventory_turnover_ratio": 0.72,
            "account_receivable_turnover_ratio": 1.61,
            "reinvestment_rate": 39.44,
            "research_to_sale_ratio": 8.34,
            "price_fair": 46.43,
            "eps_avg_yearly": 1.33,
            "eps_latest_yearly": 0.48,
            "eps_growth_yearly": 948.53
        },
        "20182": {
            "year_quarter": 20182,
            "year": 2018,
            "quarter": 2,
            "eps": 0.23,
            "eps_growth_year": -20.69,
            "eps_4q": 0.25,
            "eps_4q_growth_year": 73.05,
            "roe": 1.49,
            "roe_4q": 1.62,
            "gross_profit": 39690,
            "gross_margin": 19.33,
            "gross_margin_4q_avg": 20.66,
            "net_income": 10029,
            "revenue": 205311,
            "common_shares": 432898,
            "book_valuer_per_share": 15.47,
            "book_valuer_per_share_4q_avg": 15.54,
            "equity": 669617,
            "current_ratio": 401.66,
            "debt_ratio": 19.38,
            "inventory_turnover_ratio": 0.74,
            "account_receivable_turnover_ratio": 1.64,
            "reinvestment_rate": 39.51,
            "research_to_sale_ratio": 8.54,
            "price_fair": 46.32,
            "eps_avg_yearly": 1.32,
            "eps_latest_yearly": 0.92,
            "eps_growth_yearly": 1668.13
        },
        "20183": {
            "year_quarter": 20183,
            "year": 2018,
            "quarter": 3,
            "eps": 0.1,
            "eps_growth_year": -16.67,
            "eps_4q": 0.24,
            "eps_4q_growth_year": 66.05,
            "roe": 0.66,
            "roe_4q": 1.5299999999999998,
            "gross_profit": 45914,
            "gross_margin": 23.04,
            "gross_margin_4q_avg": 20.87,
            "net_income": 4405,
            "revenue": 199256,
            "common_shares": 432898,
            "book_valuer_per_share": 15.33,
            "book_valuer_per_share_4q_avg": 15.46,
            "equity": 663469,
            "current_ratio": 440.61,
            "debt_ratio": 17.77,
            "inventory_turnover_ratio": 0.64,
            "account_receivable_turnover_ratio": 1.73,
            "reinvestment_rate": 38.28,
            "research_to_sale_ratio": 8.12,
            "price_fair": 43.98,
            "eps_avg_yearly": 1.26,
            "eps_latest_yearly": 0.4,
            "eps_growth_yearly": 1640.96
        },
        "20184": {
            "year_quarter": 20184,
            "year": 2018,
            "quarter": 4,
            "eps": -0.02,
            "eps_growth_year": null,
            "eps_4q": 0.33,
            "eps_4q_growth_year": 7.11,
            "roe": -0.12,
            "roe_4q": 2.12,
            "gross_profit": 37784,
            "gross_margin": 18.88,
            "gross_margin_4q_avg": 20.65,
            "net_income": -810,
            "revenue": 200176,
            "common_shares": 432898,
            "book_valuer_per_share": 15.39,
            "book_valuer_per_share_4q_avg": 15.44,
            "equity": 666124,
            "current_ratio": 484.36,
            "debt_ratio": 16.35,
            "inventory_turnover_ratio": 0.64,
            "account_receivable_turnover_ratio": 1.74,
            "reinvestment_rate": 42.17,
            "research_to_sale_ratio": 8.52,
            "price_fair": 44.29,
            "eps_avg_yearly": 1.27,
            "eps_latest_yearly": 0.4,
            "eps_growth_yearly": 1791.35
        },
        "20191": {
            "year_quarter": 20191,
            "year": 2019,
            "quarter": 1,
            "eps": 0.02,
            "eps_growth_year": 100,
            "eps_4q": 0.33,
            "eps_4q_growth_year": 8.65,
            "roe": 0.12,
            "roe_4q": 2.15,
            "gross_profit": 35379,
            "gross_margin": 21.58,
            "gross_margin_4q_avg": 20.71,
            "net_income": 835,
            "revenue": 163934,
            "common_shares": 432898,
            "book_valuer_per_share": 15.56,
            "book_valuer_per_share_4q_avg": 15.44,
            "equity": 673484,
            "current_ratio": 556.31,
            "debt_ratio": 14.25,
            "inventory_turnover_ratio": 0.51,
            "account_receivable_turnover_ratio": 1.5,
            "reinvestment_rate": 45.05,
            "research_to_sale_ratio": 10.86,
            "price_fair": 45.92,
            "eps_avg_yearly": 1.31,
            "eps_latest_yearly": 0.4,
            "eps_growth_yearly": 1982.9
        },
        "20192": {
            "year_quarter": 20192,
            "year": 2019,
            "quarter": 2,
            "eps": 0.23,
            "eps_growth_year": 0,
            "eps_4q": 0.33,
            "eps_4q_growth_year": 32.39,
            "roe": 1.5,
            "roe_4q": 2.16,
            "gross_profit": 47895,
            "gross_margin": 22.49,
            "gross_margin_4q_avg": 21.5,
            "net_income": 9956,
            "revenue": 212989,
            "common_shares": 432898,
            "book_valuer_per_share": 15.11,
            "book_valuer_per_share_4q_avg": 15.35,
            "equity": 654114,
            "current_ratio": 429.38,
            "debt_ratio": 18.34,
            "inventory_turnover_ratio": 0.68,
            "account_receivable_turnover_ratio": 2,
            "reinvestment_rate": 49.19,
            "research_to_sale_ratio": 7.8,
            "price_fair": 44.94,
            "eps_avg_yearly": 1.28,
            "eps_latest_yearly": 0.92,
            "eps_growth_yearly": 2382.9
        },
        "20193": {
            "year_quarter": 20193,
            "year": 2019,
            "quarter": 3,
            "eps": 0.25,
            "eps_growth_year": 150,
            "eps_4q": 0.48,
            "eps_4q_growth_year": 101.52,
            "roe": 1.63,
            "roe_4q": 3.13,
            "gross_profit": 59197,
            "gross_margin": 28.01,
            "gross_margin_4q_avg": 22.74,
            "net_income": 10689,
            "revenue": 211335,
            "common_shares": 432898,
            "book_valuer_per_share": 15.17,
            "book_valuer_per_share_4q_avg": 15.31,
            "equity": 656894,
            "current_ratio": 500.71,
            "debt_ratio": 15.92,
            "inventory_turnover_ratio": 0.66,
            "account_receivable_turnover_ratio": 1.74,
            "reinvestment_rate": -44.52,
            "research_to_sale_ratio": 11.47,
            "price_fair": 39.2,
            "eps_avg_yearly": 1.12,
            "eps_latest_yearly": 1,
            "eps_growth_yearly": 2338.38
        },
        "20194": {
            "year_quarter": 20194,
            "year": 2019,
            "quarter": 4,
            "eps": 0.17,
            "eps_growth_year": null,
            "eps_4q": 0.66,
            "eps_4q_growth_year": 102.15,
            "roe": 1.11,
            "roe_4q": 4.36,
            "gross_profit": 42481,
            "gross_margin": 21.6,
            "gross_margin_4q_avg": 23.42,
            "net_income": 7286,
            "revenue": 196643,
            "common_shares": 432898,
            "book_valuer_per_share": 15.22,
            "book_valuer_per_share_4q_avg": 15.27,
            "equity": 658752,
            "current_ratio": 479.79,
            "debt_ratio": 15.89,
            "inventory_turnover_ratio": 0.68,
            "account_receivable_turnover_ratio": 1.65,
            "reinvestment_rate": -46.63,
            "research_to_sale_ratio": 5.74,
            "price_fair": 35.14,
            "eps_avg_yearly": 1,
            "eps_latest_yearly": 0.68,
            "eps_growth_yearly": 2337.7
        },
        "20201": {
            "year_quarter": 20201,
            "year": 2020,
            "quarter": 1,
            "eps": 3.66,
            "eps_growth_year": 18200,
            "eps_4q": 4.31,
            "eps_4q_growth_year": 1189.39,
            "roe": 21.54,
            "roe_4q": 25.779999999999998,
            "gross_profit": 258406,
            "gross_margin": 65.77,
            "gross_margin_4q_avg": 34.47,
            "net_income": 158502,
            "revenue": 392881,
            "common_shares": 432898,
            "book_valuer_per_share": 18.77,
            "book_valuer_per_share_4q_avg": 16.07,
            "equity": 812699,
            "current_ratio": 344,
            "debt_ratio": 23.89,
            "inventory_turnover_ratio": 0.54,
            "account_receivable_turnover_ratio": 4.61,
            "reinvestment_rate": -16.8,
            "research_to_sale_ratio": 6.22,
            "price_fair": 79.38,
            "eps_avg_yearly": 2.27,
            "eps_latest_yearly": 14.64,
            "eps_growth_yearly": 3155.4
        },
        "20202": {
            "year_quarter": 20202,
            "year": 2020,
            "quarter": 2,
            "eps": 7.02,
            "eps_growth_year": 2952.17,
            "eps_4q": 11.09,
            "eps_4q_growth_year": 3237.62,
            "roe": 32.88,
            "roe_4q": 57.160000000000004,
            "gross_profit": 444315,
            "gross_margin": 59.99,
            "gross_margin_4q_avg": 43.84,
            "net_income": 303673,
            "revenue": 740665,
            "common_shares": 432898,
            "book_valuer_per_share": 23.9,
            "book_valuer_per_share_4q_avg": 18.27,
            "equity": 1034448,
            "current_ratio": 260.61,
            "debt_ratio": 33.22,
            "inventory_turnover_ratio": 0.94,
            "account_receivable_turnover_ratio": 6.07,
            "reinvestment_rate": -5.35,
            "research_to_sale_ratio": 4.27,
            "price_fair": 170.66,
            "eps_avg_yearly": 4.88,
            "eps_latest_yearly": 28.08,
            "eps_growth_yearly": 3192.12
        },
        "20203": {
            "year_quarter": 20203,
            "year": 2020,
            "quarter": 3,
            "eps": 3.98,
            "eps_growth_year": 1492,
            "eps_4q": 14.83,
            "eps_4q_growth_year": 3005.76,
            "roe": 15.04,
            "roe_4q": 70.57000000000001,
            "gross_profit": 287480,
            "gross_margin": 38.73,
            "gross_margin_4q_avg": 46.52,
            "net_income": 172499,
            "revenue": 742276,
            "common_shares": 432898,
            "book_valuer_per_share": 29.08,
            "book_valuer_per_share_4q_avg": 21.74,
            "equity": 1258977,
            "current_ratio": 266.03,
            "debt_ratio": 32.29,
            "inventory_turnover_ratio": 1.01,
            "account_receivable_turnover_ratio": 3.44,
            "reinvestment_rate": -1.69,
            "research_to_sale_ratio": 3.11,
            "price_fair": 224.7,
            "eps_avg_yearly": 6.42,
            "eps_latest_yearly": 15.92,
            "eps_growth_yearly": 3205.2
        },
        "20204": {
            "year_quarter": 20204,
            "year": 2020,
            "quarter": 4,
            "eps": 2.35,
            "eps_growth_year": 1295.49,
            "eps_4q": 17.01,
            "eps_4q_growth_year": 2459.79,
            "roe": 7.8,
            "roe_4q": 77.25999999999999,
            "gross_profit": 247746,
            "gross_margin": 33.44,
            "gross_margin_4q_avg": 49.48,
            "net_income": 101676,
            "revenue": 740844,
            "common_shares": 432898,
            "book_valuer_per_share": 31.11,
            "book_valuer_per_share_4q_avg": 25.72,
            "equity": 1346769,
            "current_ratio": 286.36,
            "debt_ratio": 30.02,
            "inventory_turnover_ratio": 0.9,
            "account_receivable_turnover_ratio": 3.19,
            "reinvestment_rate": -0.46,
            "research_to_sale_ratio": 7.17,
            "price_fair": 234.18,
            "eps_avg_yearly": 6.69,
            "eps_latest_yearly": 9.4,
            "eps_growth_yearly": 2898.92
        },
        "20211": {
            "year_quarter": 20211,
            "year": 2021,
            "quarter": 1,
            "eps": 1.5,
            "eps_growth_year": -59.02,
            "eps_4q": 14.85,
            "eps_4q_growth_year": 244.78,
            "roe": 4.55,
            "roe_4q": 60.27,
            "gross_profit": 118771,
            "gross_margin": 31.13,
            "gross_margin_4q_avg": 40.82,
            "net_income": 64936,
            "revenue": 381568,
            "common_shares": 432898,
            "book_valuer_per_share": 34.86,
            "book_valuer_per_share_4q_avg": 29.74,
            "equity": 1509080,
            "current_ratio": 383.61,
            "debt_ratio": 21.04,
            "inventory_turnover_ratio": 0.49,
            "account_receivable_turnover_ratio": 2.33,
            "reinvestment_rate": 0.81,
            "research_to_sale_ratio": 4.68,
            "price_fair": 232.17,
            "eps_avg_yearly": 6.63,
            "eps_latest_yearly": 6,
            "eps_growth_yearly": 2645.29
        },
        "20212": {
            "year_quarter": 20212,
            "year": 2021,
            "quarter": 2,
            "eps": 0.82,
            "eps_growth_year": -88.32,
            "eps_4q": 8.65,
            "eps_4q_growth_year": -21.99,
            "roe": 2.36,
            "roe_4q": 29.75,
            "gross_profit": 92892,
            "gross_margin": 34.77,
            "gross_margin_4q_avg": 34.52,
            "net_income": 35438,
            "revenue": 267134,
            "common_shares": 432898,
            "book_valuer_per_share": 34.46,
            "book_valuer_per_share_4q_avg": 32.38,
            "equity": 1491760,
            "current_ratio": 644.54,
            "debt_ratio": 13.64,
            "inventory_turnover_ratio": 0.33,
            "account_receivable_turnover_ratio": 2.45,
            "reinvestment_rate": -0.17,
            "research_to_sale_ratio": 6.37,
            "price_fair": 238.35,
            "eps_avg_yearly": 6.81,
            "eps_latest_yearly": 3.28,
            "eps_growth_yearly": 1696.84
        },
        "20213": {
            "year_quarter": 20213,
            "year": 2021,
            "quarter": 3,
            "eps": -0.02,
            "eps_growth_year": -100.5,
            "eps_4q": 4.64,
            "eps_4q_growth_year": -68.68,
            "roe": -0.08,
            "roe_4q": 14.629999999999999,
            "gross_profit": 43274,
            "gross_margin": 26.9,
            "gross_margin_4q_avg": 31.56,
            "net_income": -984,
            "revenue": 160869,
            "common_shares": 432898,
            "book_valuer_per_share": 24.18,
            "book_valuer_per_share_4q_avg": 31.15,
            "equity": 1046745,
            "current_ratio": 611.07,
            "debt_ratio": 13.65,
            "inventory_turnover_ratio": 0.22,
            "account_receivable_turnover_ratio": 1.67,
            "reinvestment_rate": -0.17,
            "research_to_sale_ratio": 8.98,
            "price_fair": 258.49,
            "eps_avg_yearly": 7.39,
            "eps_latest_yearly": 3.28,
            "eps_growth_yearly": 1872.42
        },
        "20214": {
            "year_quarter": 20214,
            "year": 2021,
            "quarter": 4,
            "eps": 0.3,
            "eps_growth_year": -87.13,
            "eps_4q": 2.6,
            "eps_4q_growth_year": -84.73,
            "roe": 1.24,
            "roe_4q": 8.07,
            "gross_profit": 52616,
            "gross_margin": 29.99,
            "gross_margin_4q_avg": 30.7,
            "net_income": 13083,
            "revenue": 175471,
            "common_shares": 432898,
            "book_valuer_per_share": 24.67,
            "book_valuer_per_share_4q_avg": 29.54,
            "equity": 1067821,
            "current_ratio": 596.93,
            "debt_ratio": 13.9,
            "inventory_turnover_ratio": 0.22,
            "account_receivable_turnover_ratio": 2.11,
            "reinvestment_rate": 0.02,
            "research_to_sale_ratio": 8.97,
            "price_fair": 258.49,
            "eps_avg_yearly": 7.39,
            "eps_latest_yearly": 3.28,
            "eps_growth_yearly": 1872.42
        },
        "20221": {
            "year_quarter": 20221,
            "year": 2022,
            "quarter": 1,
            "eps": 0.07,
            "eps_growth_year": -95.33,
            "eps_4q": 1.17,
            "eps_4q_growth_year": -92.12,
            "roe": 0.29,
            "roe_4q": 3.8099999999999996,
            "gross_profit": 32079,
            "gross_margin": 21.82,
            "gross_margin_4q_avg": 28.37,
            "net_income": 3102,
            "revenue": 146996,
            "common_shares": 432898,
            "book_valuer_per_share": 24.95,
            "book_valuer_per_share_4q_avg": 27.07,
            "equity": 1079997,
            "current_ratio": 676.24,
            "debt_ratio": 12.26,
            "inventory_turnover_ratio": 0.2,
            "account_receivable_turnover_ratio": 1.93,
            "reinvestment_rate": 1.83,
            "research_to_sale_ratio": 11.02,
            "price_fair": 237.77,
            "eps_avg_yearly": 6.79,
            "eps_latest_yearly": 0.28,
            "eps_growth_yearly": 1690.83
        },
        "20222": {
            "year_quarter": 20222,
            "year": 2022,
            "quarter": 2,
            "eps": 0.21,
            "eps_growth_year": -74.39,
            "eps_4q": 0.56,
            "eps_4q_growth_year": -93.52,
            "roe": 0.87,
            "roe_4q": 2.32,
            "gross_profit": 28753,
            "gross_margin": 21.02,
            "gross_margin_4q_avg": 24.93,
            "net_income": 9088,
            "revenue": 136781,
            "common_shares": 432898,
            "book_valuer_per_share": 23.44,
            "book_valuer_per_share_4q_avg": 24.31,
            "equity": 1014635,
            "current_ratio": 543.58,
            "debt_ratio": 15.21,
            "inventory_turnover_ratio": 0.18,
            "account_receivable_turnover_ratio": 1.62,
            "reinvestment_rate": 0.81,
            "research_to_sale_ratio": 10.59,
            "price_fair": 237.53,
            "eps_avg_yearly": 6.79,
            "eps_latest_yearly": 0.84,
            "eps_growth_yearly": 1024.16
        },
        "20223": {
            "year_quarter": 20223,
            "year": 2022,
            "quarter": 3,
            "eps": 0.42,
            "eps_growth_year": null,
            "eps_4q": 1,
            "eps_4q_growth_year": -78.44,
            "roe": 1.77,
            "roe_4q": 4.17,
            "gross_profit": 34715,
            "gross_margin": 22.86,
            "gross_margin_4q_avg": 23.92,
            "net_income": 18080,
            "revenue": 151828,
            "common_shares": 432898,
            "book_valuer_per_share": 23.86,
            "book_valuer_per_share_4q_avg": 24.23,
            "equity": 1032914,
            "current_ratio": 785.02,
            "debt_ratio": 10.66,
            "inventory_turnover_ratio": 0.2,
            "account_receivable_turnover_ratio": 1.67,
            "reinvestment_rate": 1.24,
            "research_to_sale_ratio": 10.92,
            "price_fair": 241.27,
            "eps_avg_yearly": 6.89,
            "eps_latest_yearly": 1.68,
            "eps_growth_yearly": 1076.34
        },
        "20224": {
            "year_quarter": 20224,
            "year": 2022,
            "quarter": 4,
            "eps": -0.04,
            "eps_growth_year": -112.28,
            "eps_4q": 0.66,
            "eps_4q_growth_year": -74.51,
            "roe": -0.16,
            "roe_4q": 2.77,
            "gross_profit": 32547,
            "gross_margin": 25.24,
            "gross_margin_4q_avg": 22.74,
            "net_income": -1606,
            "revenue": 128950,
            "common_shares": 432898,
            "book_valuer_per_share": 23.6,
            "book_valuer_per_share_4q_avg": 23.96,
            "equity": 1021502,
            "current_ratio": 990.1,
            "debt_ratio": 8.53,
            "inventory_turnover_ratio": 0.16,
            "account_receivable_turnover_ratio": 1.96,
            "reinvestment_rate": 0.79,
            "research_to_sale_ratio": 11.33,
            "price_fair": 241.27,
            "eps_avg_yearly": 6.89,
            "eps_latest_yearly": 1.68,
            "eps_growth_yearly": 1076.34
        },
        "20231": {
            "year_quarter": 20231,
            "year": 2023,
            "quarter": 1,
            "eps": -0.33,
            "eps_growth_year": -571.43,
            "eps_4q": 0.26,
            "eps_4q_growth_year": -77.91,
            "roe": -1.43,
            "roe_4q": 1.0500000000000003,
            "gross_profit": 16492,
            "gross_margin": 13.01,
            "gross_margin_4q_avg": 20.53,
            "net_income": -14378,
            "revenue": 126799,
            "common_shares": 432898,
            "book_valuer_per_share": 22.86,
            "book_valuer_per_share_4q_avg": 23.44,
            "equity": 989672,
            "current_ratio": 1089.23,
            "debt_ratio": 7.36,
            "inventory_turnover_ratio": 0.19,
            "account_receivable_turnover_ratio": 2.74,
            "reinvestment_rate": 1.68,
            "research_to_sale_ratio": 12.68,
            "price_fair": 241.27,
            "eps_avg_yearly": 6.89,
            "eps_latest_yearly": 1.68,
            "eps_growth_yearly": 1076.34
        }
    },
    "months": {
        "2005-02": {
            "month": "2005-02",
            "price": "25.56",
            "revenue": 12658
        },
        "2005-04": {
            "month": "2005-04",
            "price": "25.60",
            "revenue": 19537
        },
        "2005-10": {
            "month": "2005-10",
            "price": "25.42",
            "revenue": 20148
        },
        "2005-11": {
            "month": "2005-11",
            "price": "24.93",
            "revenue": 26100
        },
        "2005-12": {
            "month": "2005-12",
            "price": "23.90",
            "revenue": 29581
        },
        "2006-03": {
            "month": "2006-03",
            "price": "23.85",
            "revenue": 33640
        },
        "2006-05": {
            "month": "2006-05",
            "price": "27.96",
            "revenue": 35426
        },
        "2006-06": {
            "month": "2006-06",
            "price": "30.30",
            "revenue": 33400
        },
        "2006-07": {
            "month": "2006-07",
            "price": "30.28",
            "revenue": 40182
        },
        "2006-08": {
            "month": "2006-08",
            "price": "31.64",
            "revenue": 38817
        },
        "2006-09": {
            "month": "2006-09",
            "price": "33.39",
            "revenue": 41072
        },
        "2006-10": {
            "month": "2006-10",
            "price": "33.25",
            "revenue": 42268
        },
        "2006-11": {
            "month": "2006-11",
            "price": "38.32",
            "revenue": 40427
        },
        "2006-12": {
            "month": "2006-12",
            "price": "46.23",
            "revenue": 28458
        },
        "2007-01": {
            "month": "2007-01",
            "price": "47.25",
            "revenue": 41192
        },
        "2007-02": {
            "month": "2007-02",
            "price": "49.66",
            "revenue": 30398
        },
        "2007-03": {
            "month": "2007-03",
            "price": "64.38",
            "revenue": 40159
        },
        "2007-04": {
            "month": "2007-04",
            "price": "70.78",
            "revenue": 25737
        },
        "2007-05": {
            "month": "2007-05",
            "price": "75.06",
            "revenue": 29495
        },
        "2007-06": {
            "month": "2007-06",
            "price": "86.43",
            "revenue": 29442
        },
        "2007-07": {
            "month": "2007-07",
            "price": "114.95",
            "revenue": 34887
        },
        "2007-08": {
            "month": "2007-08",
            "price": "79.55",
            "revenue": 41383
        },
        "2007-09": {
            "month": "2007-09",
            "price": "62.47",
            "revenue": 48548
        },
        "2007-10": {
            "month": "2007-10",
            "price": "57.76",
            "revenue": 39669
        },
        "2007-11": {
            "month": "2007-11",
            "price": "46.72",
            "revenue": 36397
        },
        "2007-12": {
            "month": "2007-12",
            "price": "29.61",
            "revenue": 33051
        },
        "2008-01": {
            "month": "2008-01",
            "price": "30.29",
            "revenue": 42211
        },
        "2008-02": {
            "month": "2008-02",
            "price": "30.98",
            "revenue": 30839
        },
        "2008-03": {
            "month": "2008-03",
            "price": "29.94",
            "revenue": 49233
        },
        "2008-04": {
            "month": "2008-04",
            "price": "31.33",
            "revenue": 50285
        },
        "2008-05": {
            "month": "2008-05",
            "price": "31.05",
            "revenue": 51319
        },
        "2008-06": {
            "month": "2008-06",
            "price": "28.04",
            "revenue": 42644
        },
        "2008-07": {
            "month": "2008-07",
            "price": "22.22",
            "revenue": 45887
        },
        "2008-08": {
            "month": "2008-08",
            "price": "19.80",
            "revenue": 51464
        },
        "2008-09": {
            "month": "2008-09",
            "price": "18.19",
            "revenue": 35323
        },
        "2008-10": {
            "month": "2008-10",
            "price": "14.35",
            "revenue": 37499
        },
        "2008-11": {
            "month": "2008-11",
            "price": "12.42",
            "revenue": 37195
        },
        "2008-12": {
            "month": "2008-12",
            "price": "12.82",
            "revenue": 37105
        },
        "2009-01": {
            "month": "2009-01",
            "price": "15.06",
            "revenue": 40127
        },
        "2009-02": {
            "month": "2009-02",
            "price": "14.54",
            "revenue": 31335
        },
        "2009-03": {
            "month": "2009-03",
            "price": "15.91",
            "revenue": 60200
        },
        "2009-04": {
            "month": "2009-04",
            "price": "22.53",
            "revenue": 52829
        },
        "2009-05": {
            "month": "2009-05",
            "price": "27.68",
            "revenue": 51579
        },
        "2009-06": {
            "month": "2009-06",
            "price": "26.42",
            "revenue": 42676
        },
        "2009-07": {
            "month": "2009-07",
            "price": "27.62",
            "revenue": 46518
        },
        "2009-08": {
            "month": "2009-08",
            "price": "26.71",
            "revenue": 52547
        },
        "2009-09": {
            "month": "2009-09",
            "price": "31.14",
            "revenue": 56614
        },
        "2009-10": {
            "month": "2009-10",
            "price": "30.98",
            "revenue": 50901
        },
        "2009-11": {
            "month": "2009-11",
            "price": "28.91",
            "revenue": 61153
        },
        "2009-12": {
            "month": "2009-12",
            "price": "30.42",
            "revenue": 39009
        },
        "2010-01": {
            "month": "2010-01",
            "price": "30.89",
            "revenue": 61710
        },
        "2010-02": {
            "month": "2010-02",
            "price": "28.43",
            "revenue": 45113
        },
        "2010-03": {
            "month": "2010-03",
            "price": "30.30",
            "revenue": 62089
        },
        "2010-04": {
            "month": "2010-04",
            "price": "31.42",
            "revenue": 53329
        },
        "2010-05": {
            "month": "2010-05",
            "price": "28.99",
            "revenue": 52098
        },
        "2010-06": {
            "month": "2010-06",
            "price": "29.04",
            "revenue": 44468
        },
        "2010-07": {
            "month": "2010-07",
            "price": "29.39",
            "revenue": 55043
        },
        "2010-08": {
            "month": "2010-08",
            "price": "28.84",
            "revenue": 56223
        },
        "2010-09": {
            "month": "2010-09",
            "price": "29.31",
            "revenue": 50639
        },
        "2010-10": {
            "month": "2010-10",
            "price": "28.30",
            "revenue": 45118
        },
        "2010-11": {
            "month": "2010-11",
            "price": "25.43",
            "revenue": 56028
        },
        "2010-12": {
            "month": "2010-12",
            "price": "25.89",
            "revenue": 51922
        },
        "2011-01": {
            "month": "2011-01",
            "price": "25.20",
            "revenue": 55589
        },
        "2011-02": {
            "month": "2011-02",
            "price": "25.03",
            "revenue": 45788
        },
        "2011-03": {
            "month": "2011-03",
            "price": "24.82",
            "revenue": 41290
        },
        "2011-04": {
            "month": "2011-04",
            "price": "22.92",
            "revenue": 42088
        },
        "2011-05": {
            "month": "2011-05",
            "price": "21.86",
            "revenue": 53444
        },
        "2011-06": {
            "month": "2011-06",
            "price": "21.28",
            "revenue": 37128
        },
        "2011-07": {
            "month": "2011-07",
            "price": "19.46",
            "revenue": 63003
        },
        "2011-08": {
            "month": "2011-08",
            "price": "19.25",
            "revenue": 40776
        },
        "2011-09": {
            "month": "2011-09",
            "price": "18.15",
            "revenue": 40257
        },
        "2011-10": {
            "month": "2011-10",
            "price": "17.36",
            "revenue": 46665
        },
        "2011-11": {
            "month": "2011-11",
            "price": "17.50",
            "revenue": 64297
        },
        "2011-12": {
            "month": "2011-12",
            "price": "17.35",
            "revenue": 51393
        },
        "2012-01": {
            "month": "2012-01",
            "price": "17.50",
            "revenue": 35078
        },
        "2012-02": {
            "month": "2012-02",
            "price": "23.76",
            "revenue": 46173
        },
        "2012-03": {
            "month": "2012-03",
            "price": "33.54",
            "revenue": 42576
        },
        "2012-04": {
            "month": "2012-04",
            "price": "32.29",
            "revenue": 34554
        },
        "2012-05": {
            "month": "2012-05",
            "price": "28.86",
            "revenue": 40010
        },
        "2012-06": {
            "month": "2012-06",
            "price": "29.08",
            "revenue": 60151
        },
        "2012-07": {
            "month": "2012-07",
            "price": "40.18",
            "revenue": 40285
        },
        "2012-08": {
            "month": "2012-08",
            "price": "41.20",
            "revenue": 60613
        },
        "2012-09": {
            "month": "2012-09",
            "price": "48.47",
            "revenue": 46696
        },
        "2012-10": {
            "month": "2012-10",
            "price": "60.57",
            "revenue": 65264
        },
        "2012-11": {
            "month": "2012-11",
            "price": "60.44",
            "revenue": 50622
        },
        "2012-12": {
            "month": "2012-12",
            "price": "58.56",
            "revenue": 49369
        },
        "2013-01": {
            "month": "2013-01",
            "price": "56.15",
            "revenue": 51745
        },
        "2013-02": {
            "month": "2013-02",
            "price": "59.05",
            "revenue": 35637
        },
        "2013-03": {
            "month": "2013-03",
            "price": "60.19",
            "revenue": 40509
        },
        "2013-04": {
            "month": "2013-04",
            "price": "51.08",
            "revenue": 60226
        },
        "2013-05": {
            "month": "2013-05",
            "price": "45.15",
            "revenue": 61541
        },
        "2013-06": {
            "month": "2013-06",
            "price": "44.82",
            "revenue": 61865
        },
        "2013-07": {
            "month": "2013-07",
            "price": "35.66",
            "revenue": 55571
        },
        "2013-08": {
            "month": "2013-08",
            "price": "35.15",
            "revenue": 65006
        },
        "2013-09": {
            "month": "2013-09",
            "price": "33.70",
            "revenue": 60037
        },
        "2013-10": {
            "month": "2013-10",
            "price": "32.37",
            "revenue": 50044
        },
        "2013-11": {
            "month": "2013-11",
            "price": "26.10",
            "revenue": 60103
        },
        "2013-12": {
            "month": "2013-12",
            "price": "27.84",
            "revenue": 60405
        },
        "2014-01": {
            "month": "2014-01",
            "price": "27.51",
            "revenue": 52915
        },
        "2014-02": {
            "month": "2014-02",
            "price": "29.57",
            "revenue": 45225
        },
        "2014-03": {
            "month": "2014-03",
            "price": "28.31",
            "revenue": 64702
        },
        "2014-04": {
            "month": "2014-04",
            "price": "29.18",
            "revenue": 57096
        },
        "2014-05": {
            "month": "2014-05",
            "price": "27.70",
            "revenue": 62144
        },
        "2014-06": {
            "month": "2014-06",
            "price": "27.28",
            "revenue": 61164
        },
        "2014-07": {
            "month": "2014-07",
            "price": "26.29",
            "revenue": 60017
        },
        "2014-08": {
            "month": "2014-08",
            "price": "26.24",
            "revenue": 75541
        },
        "2014-09": {
            "month": "2014-09",
            "price": "28.08",
            "revenue": 65354
        },
        "2014-10": {
            "month": "2014-10",
            "price": "24.19",
            "revenue": 63656
        },
        "2014-11": {
            "month": "2014-11",
            "price": "23.72",
            "revenue": 65215
        },
        "2014-12": {
            "month": "2014-12",
            "price": "23.37",
            "revenue": 67489
        },
        "2015-01": {
            "month": "2015-01",
            "price": "22.40",
            "revenue": 70345
        },
        "2015-02": {
            "month": "2015-02",
            "price": "22.04",
            "revenue": 60331
        },
        "2015-03": {
            "month": "2015-03",
            "price": "23.17",
            "revenue": 70013
        },
        "2015-04": {
            "month": "2015-04",
            "price": "22.22",
            "revenue": 71224
        },
        "2015-05": {
            "month": "2015-05",
            "price": "20.76",
            "revenue": 73171
        },
        "2015-06": {
            "month": "2015-06",
            "price": "22.41",
            "revenue": 77190
        },
        "2015-07": {
            "month": "2015-07",
            "price": "21.36",
            "revenue": 78249
        },
        "2015-08": {
            "month": "2015-08",
            "price": "18.61",
            "revenue": 80621
        },
        "2015-09": {
            "month": "2015-09",
            "price": "19.38",
            "revenue": 83193
        },
        "2015-10": {
            "month": "2015-10",
            "price": "21.39",
            "revenue": 84582
        },
        "2015-11": {
            "month": "2015-11",
            "price": "25.27",
            "revenue": 85371
        },
        "2015-12": {
            "month": "2015-12",
            "price": "25.34",
            "revenue": 81105
        },
        "2016-01": {
            "month": "2016-01",
            "price": "23.21",
            "revenue": 86213
        },
        "2016-02": {
            "month": "2016-02",
            "price": "24.86",
            "revenue": 71090
        },
        "2016-03": {
            "month": "2016-03",
            "price": "27.01",
            "revenue": 87145
        },
        "2016-04": {
            "month": "2016-04",
            "price": "28.75",
            "revenue": 88200
        },
        "2016-05": {
            "month": "2016-05",
            "price": "28.35",
            "revenue": 88589
        },
        "2016-06": {
            "month": "2016-06",
            "price": "32.68",
            "revenue": 61238
        },
        "2016-07": {
            "month": "2016-07",
            "price": "28.20",
            "revenue": 76264
        },
        "2016-08": {
            "month": "2016-08",
            "price": "25.88",
            "revenue": 71239
        },
        "2016-09": {
            "month": "2016-09",
            "price": "23.99",
            "revenue": 62612
        },
        "2016-10": {
            "month": "2016-10",
            "price": "21.88",
            "revenue": 50092
        },
        "2016-11": {
            "month": "2016-11",
            "price": "19.58",
            "revenue": 50696
        },
        "2016-12": {
            "month": "2016-12",
            "price": "20.10",
            "revenue": 34793
        },
        "2017-01": {
            "month": "2017-01",
            "price": "19.92",
            "revenue": 61531
        },
        "2017-02": {
            "month": "2017-02",
            "price": "20.87",
            "revenue": 61805
        },
        "2017-03": {
            "month": "2017-03",
            "price": "21.13",
            "revenue": 77269
        },
        "2017-04": {
            "month": "2017-04",
            "price": "19.98",
            "revenue": 60535
        },
        "2017-05": {
            "month": "2017-05",
            "price": "18.71",
            "revenue": 61149
        },
        "2017-06": {
            "month": "2017-06",
            "price": "18.03",
            "revenue": 63117
        },
        "2017-07": {
            "month": "2017-07",
            "price": "17.91",
            "revenue": 60595
        },
        "2017-08": {
            "month": "2017-08",
            "price": "17.33",
            "revenue": 60888
        },
        "2017-09": {
            "month": "2017-09",
            "price": "17.50",
            "revenue": 63426
        },
        "2017-10": {
            "month": "2017-10",
            "price": "17.38",
            "revenue": 64455
        },
        "2017-11": {
            "month": "2017-11",
            "price": "19.64",
            "revenue": 66203
        },
        "2017-12": {
            "month": "2017-12",
            "price": "20.03",
            "revenue": 70283
        },
        "2018-01": {
            "month": "2018-01",
            "price": "20.73",
            "revenue": 70127
        },
        "2018-02": {
            "month": "2018-02",
            "price": "19.12",
            "revenue": 62191
        },
        "2018-03": {
            "month": "2018-03",
            "price": "19.14",
            "revenue": 78114
        },
        "2018-04": {
            "month": "2018-04",
            "price": "18.47",
            "revenue": 70095
        },
        "2018-05": {
            "month": "2018-05",
            "price": "17.77",
            "revenue": 70148
        },
        "2018-06": {
            "month": "2018-06",
            "price": "18.17",
            "revenue": 65068
        },
        "2018-07": {
            "month": "2018-07",
            "price": "17.92",
            "revenue": 66808
        },
        "2018-08": {
            "month": "2018-08",
            "price": "17.91",
            "revenue": 65628
        },
        "2018-09": {
            "month": "2018-09",
            "price": "17.47",
            "revenue": 66821
        },
        "2018-10": {
            "month": "2018-10",
            "price": "16.28",
            "revenue": 65213
        },
        "2018-11": {
            "month": "2018-11",
            "price": "16.01",
            "revenue": 67273
        },
        "2018-12": {
            "month": "2018-12",
            "price": "16.13",
            "revenue": 67691
        },
        "2019-01": {
            "month": "2019-01",
            "price": "16.76",
            "revenue": 62399
        },
        "2019-02": {
            "month": "2019-02",
            "price": "17.69",
            "revenue": 41451
        },
        "2019-03": {
            "month": "2019-03",
            "price": "17.82",
            "revenue": 60083
        },
        "2019-04": {
            "month": "2019-04",
            "price": "17.09",
            "revenue": 67390
        },
        "2019-05": {
            "month": "2019-05",
            "price": "16.63",
            "revenue": 75007
        },
        "2019-06": {
            "month": "2019-06",
            "price": "16.82",
            "revenue": 70593
        },
        "2019-07": {
            "month": "2019-07",
            "price": "16.78",
            "revenue": 65086
        },
        "2019-08": {
            "month": "2019-08",
            "price": "16.60",
            "revenue": 70393
        },
        "2019-09": {
            "month": "2019-09",
            "price": "17.05",
            "revenue": 75856
        },
        "2019-10": {
            "month": "2019-10",
            "price": "17.29",
            "revenue": 62489
        },
        "2019-11": {
            "month": "2019-11",
            "price": "16.58",
            "revenue": 70290
        },
        "2019-12": {
            "month": "2019-12",
            "price": "16.50",
            "revenue": 63865
        },
        "2020-01": {
            "month": "2020-01",
            "price": "17.31",
            "revenue": 64998
        },
        "2020-02": {
            "month": "2020-02",
            "price": "27.88",
            "revenue": 124463
        },
        "2020-03": {
            "month": "2020-03",
            "price": "49.67",
            "revenue": 203420
        },
        "2020-04": {
            "month": "2020-04",
            "price": "72.32",
            "revenue": 210853
        },
        "2020-05": {
            "month": "2020-05",
            "price": "119.60",
            "revenue": 257341
        },
        "2020-06": {
            "month": "2020-06",
            "price": "136.45",
            "revenue": 272471
        },
        "2020-07": {
            "month": "2020-07",
            "price": "119.30",
            "revenue": 280419
        },
        "2020-08": {
            "month": "2020-08",
            "price": "110.79",
            "revenue": 220545
        },
        "2020-09": {
            "month": "2020-09",
            "price": "95.57",
            "revenue": 241313
        },
        "2020-10": {
            "month": "2020-10",
            "price": "93.53",
            "revenue": 261004
        },
        "2020-11": {
            "month": "2020-11",
            "price": "90.15",
            "revenue": 273129
        },
        "2020-12": {
            "month": "2020-12",
            "price": "83.87",
            "revenue": 206711
        },
        "2021-01": {
            "month": "2021-01",
            "price": "78.43",
            "revenue": 173423
        },
        "2021-02": {
            "month": "2021-02",
            "price": "71.22",
            "revenue": 105148
        },
        "2021-03": {
            "month": "2021-03",
            "price": "86.15",
            "revenue": 102997
        },
        "2021-04": {
            "month": "2021-04",
            "price": "82.62",
            "revenue": 100512
        },
        "2021-05": {
            "month": "2021-05",
            "price": "77.20",
            "revenue": 90482
        },
        "2021-06": {
            "month": "2021-06",
            "price": "72.41",
            "revenue": 76139
        },
        "2021-07": {
            "month": "2021-07",
            "price": "66.65",
            "revenue": 60466
        },
        "2021-08": {
            "month": "2021-08",
            "price": "56.41",
            "revenue": 50105
        },
        "2021-09": {
            "month": "2021-09",
            "price": "40.93",
            "revenue": 50299
        },
        "2021-10": {
            "month": "2021-10",
            "price": "36.33",
            "revenue": 53076
        },
        "2021-11": {
            "month": "2021-11",
            "price": "35.84",
            "revenue": 60359
        },
        "2021-12": {
            "month": "2021-12",
            "price": "36.81",
            "revenue": 62035
        },
        "2022-01": {
            "month": "2022-01",
            "price": "38.40",
            "revenue": 55110
        },
        "2022-02": {
            "month": "2022-02",
            "price": "35.41",
            "revenue": 41460
        },
        "2022-03": {
            "month": "2022-03",
            "price": "32.14",
            "revenue": 50426
        },
        "2022-04": {
            "month": "2022-04",
            "price": "33.67",
            "revenue": 3988
        },
        "2022-05": {
            "month": "2022-05",
            "price": "28.37",
            "revenue": 72608
        },
        "2022-06": {
            "month": "2022-06",
            "price": "25.59",
            "revenue": 60185
        },
        "2022-07": {
            "month": "2022-07",
            "price": "19.73",
            "revenue": 60602
        },
        "2022-08": {
            "month": "2022-08",
            "price": "21.03",
            "revenue": 50274
        },
        "2022-09": {
            "month": "2022-09",
            "price": "26.71",
            "revenue": 40952
        },
        "2022-10": {
            "month": "2022-10",
            "price": "22.73",
            "revenue": 40097
        },
        "2022-11": {
            "month": "2022-11",
            "price": "23.39",
            "revenue": 44224
        },
        "2022-12": {
            "month": "2022-12",
            "price": "26.92",
            "revenue": 44629
        },
        "2023-01": {
            "month": "2023-01",
            "price": "26.23",
            "revenue": 56073
        },
        "2023-02": {
            "month": "2023-02",
            "price": "25.80",
            "revenue": 36654
        },
        "2023-03": {
            "month": "2023-03",
            "price": "24.72",
            "revenue": 34071
        },
        "2023-04": {
            "month": "2023-04",
            "price": "23.48",
            "revenue": 32425
        }
    }
}
