{
    "summary": {
        "stock_name": "精材",
        "stock_id": "3374",
        "category": "半導體",
        "main_business": "晶圓級尺寸封裝業務<br>晶圓測試業務<br>晶圓級後護層封裝業務",
        "website_url": "http://www.xintec.com.tw",
        "ceo": "陳家湘",
        "pe_ratio": 19,
        "report_year_from": 2003,
        "report_year_to": 2023,
        "age": 20,
        "eps_negative_percentage": 30,
        "eps_growth_avg": {
            "last_all": -12.26,
            "last_2y": 38.1,
            "last_4y": 38.1,
            "last_8y": null,
            "last_12y": null,
            "last_16y": null,
            "last_20y": null,
            "at_2006_last_3y": null,
            "at_2007_last_3y": null,
            "at_2008_last_3y": null,
            "at_2009_last_3y": null,
            "at_2010_last_3y": null,
            "at_2011_last_3y": null,
            "at_2012_last_3y": null,
            "at_2013_last_3y": null,
            "at_2014_last_3y": null,
            "at_2015_last_3y": null,
            "at_2016_last_3y": null,
            "at_2017_last_3y": null,
            "at_2018_last_3y": -87.8,
            "at_2019_last_3y": -100,
            "at_2020_last_3y": 100,
            "at_2021_last_3y": 54.4,
            "at_2022_last_3y": 38.1,
            "at_2023_last_3y": 38.1,
            "at_2006_last_all": null,
            "at_2007_last_all": null,
            "at_2008_last_all": null,
            "at_2009_last_all": null,
            "at_2010_last_all": null,
            "at_2011_last_all": null,
            "at_2012_last_all": null,
            "at_2013_last_all": null,
            "at_2014_last_all": null,
            "at_2015_last_all": null,
            "at_2016_last_all": -87.8,
            "at_2017_last_all": -87.8,
            "at_2018_last_all": -87.8,
            "at_2019_last_all": -87.8,
            "at_2020_last_all": -25.2,
            "at_2021_last_all": -16.7,
            "at_2022_last_all": -12.26,
            "at_2023_last_all": -12.26
        },
        "latest_eps": 6.84,
        "latest_price": 129,
        "latest_roe": 26.15,
        "latest_gross_margin": 28.86,
        "latest_equity": 7618088,
        "latest_revenue": 1314856,
        "latest_gross_profit": 379504,
        "latest_net_income": 227911,
        "latest_debt_ratio": 21.31,
        "latest_current_ratio": 360.23,
        "latest_account_receivable_turnover_ratio": 1.21,
        "latest_inventory_turnover_ratio": 3.6,
        "latest_reinvestment_rate": 1.63,
        "latest_research_to_sale_ratio": 6.25
    },
    "eps_dividends": {
        "2001": {
            "cash": 0,
            "stock": 0,
            "eps": 0
        },
        "2002": {
            "cash": 0,
            "stock": 0,
            "eps": 0
        },
        "2003": {
            "cash": 0,
            "stock": 0,
            "eps": 0
        },
        "2004": {
            "cash": 0,
            "stock": 0,
            "eps": 0
        },
        "2005": {
            "cash": 0,
            "stock": 0,
            "eps": 0
        },
        "2006": {
            "cash": 0,
            "stock": 0,
            "eps": 0
        },
        "2007": {
            "cash": 0.13,
            "stock": 0.13,
            "eps": 0
        },
        "2008": {
            "cash": 0.2,
            "stock": 0.1,
            "eps": 0
        },
        "2009": {
            "cash": 0.1,
            "stock": 0.05,
            "eps": 0
        },
        "2010": {
            "cash": 0.1,
            "stock": 0,
            "eps": 0
        },
        "2011": {
            "cash": 1,
            "stock": 0.1,
            "eps": 0
        },
        "2012": {
            "cash": 0.1,
            "stock": 0.1,
            "eps": 0
        },
        "2013": {
            "cash": 0.1,
            "stock": 0,
            "eps": 0
        },
        "2014": {
            "cash": 0.55,
            "stock": 0,
            "eps": 2.5
        },
        "2015": {
            "cash": 1.06,
            "stock": 0,
            "eps": 0.61
        },
        "2016": {
            "cash": 0.5,
            "stock": 0,
            "eps": -2.36
        },
        "2017": {
            "cash": 0,
            "stock": 0,
            "eps": -2.71
        },
        "2018": {
            "cash": 0,
            "stock": 0,
            "eps": -4.99
        },
        "2019": {
            "cash": 0,
            "stock": 0,
            "eps": 0.67
        },
        "2020": {
            "cash": 0,
            "stock": 0,
            "eps": 6.36
        },
        "2021": {
            "cash": 2.5,
            "stock": 0,
            "eps": 6.92
        },
        "2022": {
            "cash": 3,
            "stock": 0,
            "eps": 7.3
        },
        "2023": {
            "cash": 3,
            "stock": 0,
            "eps": 0.84
        }
    },
    "dividends": {
        "2007-03-05": {
            "cash": 0.13,
            "stock": 0.13
        },
        "2008-03-13": {
            "cash": 0.2,
            "stock": 0.1
        },
        "2009-03-06": {
            "cash": 0.1,
            "stock": 0.05
        },
        "2010-03-11": {
            "cash": 0.1,
            "stock": 0
        },
        "2011-04-27": {
            "cash": 1,
            "stock": 0.1
        },
        "2012-06-14": {
            "cash": 0.1,
            "stock": 0.1
        },
        "2013-06-13": {
            "cash": 0.1,
            "stock": 0
        },
        "2014-06-12": {
            "cash": 0.55,
            "stock": 0
        },
        "2015-07-24": {
            "cash": 1.06,
            "stock": 0
        },
        "2016-07-27": {
            "cash": 0.5,
            "stock": 0
        },
        "2021-09-24": {
            "cash": 2.5,
            "stock": 0
        },
        "2022-07-13": {
            "cash": 3,
            "stock": 0
        },
        "2023-07-17": {
            "cash": 3,
            "stock": 0
        }
    },
    "prices": {
        "200101": "無",
        "200102": "無",
        "200103": "無",
        "200104": "無",
        "200105": "無",
        "200106": "無",
        "200107": "無",
        "200108": "無",
        "200109": "無",
        "200110": "無",
        "200111": "無",
        "200112": "無",
        "200201": "無",
        "200202": "無",
        "200203": "無",
        "200204": "無",
        "200205": "無",
        "200206": "無",
        "200207": "無",
        "200208": "無",
        "200209": "無",
        "200210": "無",
        "200211": "無",
        "200212": "無",
        "200301": "無",
        "200302": "無",
        "200303": "無",
        "200304": "無",
        "200305": "無",
        "200306": "無",
        "200307": "無",
        "200308": "無",
        "200309": "無",
        "200310": "無",
        "200311": "無",
        "200312": "無",
        "200401": "無",
        "200402": "無",
        "200403": "無",
        "200404": "無",
        "200405": "無",
        "200406": "無",
        "200407": "無",
        "200408": "無",
        "200409": "9.78",
        "200410": "10.61",
        "200411": "9.72",
        "200412": "無",
        "200501": "9.80",
        "200502": "9.83",
        "200503": "9.77",
        "200504": "8.75",
        "200505": "7.94",
        "200506": "8.61",
        "200507": "9.52",
        "200508": "10.86",
        "200509": "11.40",
        "200510": "12.37",
        "200511": "13.72",
        "200512": "19.36",
        "200601": "22.11",
        "200602": "20.59",
        "200603": "26.83",
        "200604": "34.70",
        "200605": "37.73",
        "200606": "34.71",
        "200607": "36.91",
        "200608": "38.04",
        "200609": "43.15",
        "200610": "39.25",
        "200611": "38.48",
        "200612": "41.21",
        "200701": "55.70",
        "200702": "61.19",
        "200703": "65.99",
        "200704": "60.89",
        "200705": "58.27",
        "200706": "78.24",
        "200707": "120.30",
        "200708": "125.96",
        "200709": "93.95",
        "200710": "93.05",
        "200711": "75.90",
        "200712": "64.00",
        "200801": "52.53",
        "200802": "45.76",
        "200803": "44.11",
        "200804": "50.66",
        "200805": "60.46",
        "200806": "50.55",
        "200807": "46.98",
        "200808": "45.61",
        "200809": "32.53",
        "200810": "25.45",
        "200811": "19.28",
        "200812": "17.19",
        "200901": "19.13",
        "200902": "28.08",
        "200903": "31.58",
        "200904": "39.38",
        "200905": "52.20",
        "200906": "45.75",
        "200907": "46.40",
        "200908": "47.22",
        "200909": "44.38",
        "200910": "47.37",
        "200911": "45.36",
        "200912": "49.00",
        "201001": "62.23",
        "201002": "59.54",
        "201003": "61.95",
        "201004": "66.88",
        "201005": "69.63",
        "201006": "69.22",
        "201007": "69.70",
        "201008": "61.66",
        "201009": "55.15",
        "201010": "52.96",
        "201011": "50.41",
        "201012": "46.17",
        "201101": "46.41",
        "201102": "50.54",
        "201103": "52.49",
        "201104": "48.34",
        "201105": "42.78",
        "201106": "40.19",
        "201107": "36.05",
        "201108": "28.16",
        "201109": "27.29",
        "201110": "24.12",
        "201111": "20.66",
        "201112": "19.10",
        "201201": "18.88",
        "201202": "24.50",
        "201203": "27.56",
        "201204": "24.28",
        "201205": "22.88",
        "201206": "19.75",
        "201207": "20.17",
        "201208": "21.23",
        "201209": "22.40",
        "201210": "20.10",
        "201211": "19.27",
        "201212": "18.92",
        "201301": "18.77",
        "201302": "20.53",
        "201303": "23.06",
        "201304": "32.44",
        "201305": "34.80",
        "201306": "32.61",
        "201307": "32.37",
        "201308": "34.91",
        "201309": "35.44",
        "201310": "33.95",
        "201311": "31.02",
        "201312": "32.82",
        "201401": "31.25",
        "201402": "38.71",
        "201403": "44.66",
        "201404": "46.73",
        "201405": "52.34",
        "201406": "67.11",
        "201407": "69.62",
        "201408": "60.59",
        "201409": "57.43",
        "201410": "51.66",
        "201411": "46.71",
        "201412": "43.80",
        "201501": "47.69",
        "201502": "49.73",
        "201503": "56.60",
        "201504": "61.58",
        "201505": "56.63",
        "201506": "47.38",
        "201507": "38.95",
        "201508": "32.22",
        "201509": "34.42",
        "201510": "39.78",
        "201511": "39.37",
        "201512": "34.46",
        "201601": "28.04",
        "201602": "30.03",
        "201603": "30.65",
        "201604": "27.60",
        "201605": "22.64",
        "201606": "21.80",
        "201607": "22.50",
        "201608": "25.21",
        "201609": "29.56",
        "201610": "33.25",
        "201611": "29.25",
        "201612": "30.91",
        "201701": "35.67",
        "201702": "42.43",
        "201703": "52.80",
        "201704": "44.20",
        "201705": "45.54",
        "201706": "50.75",
        "201707": "51.78",
        "201708": "57.21",
        "201709": "55.46",
        "201710": "57.21",
        "201711": "78.56",
        "201712": "86.54",
        "201801": "77.43",
        "201802": "62.94",
        "201803": "64.83",
        "201804": "60.62",
        "201805": "66.95",
        "201806": "66.96",
        "201807": "59.61",
        "201808": "53.72",
        "201809": "46.72",
        "201810": "36.34",
        "201811": "35.14",
        "201812": "36.03",
        "201901": "34.39",
        "201902": "40.96",
        "201903": "39.44",
        "201904": "41.81",
        "201905": "34.87",
        "201906": "33.56",
        "201907": "44.17",
        "201908": "47.10",
        "201909": "48.96",
        "201910": "52.11",
        "201911": "65.87",
        "201912": "76.13",
        "202001": "81.74",
        "202002": "87.59",
        "202003": "67.91",
        "202004": "75.27",
        "202005": "83.28",
        "202006": "88.91",
        "202007": "126.48",
        "202008": "121.19",
        "202009": "123.36",
        "202010": "120.42",
        "202011": "167.40",
        "202012": "178.78",
        "202101": "197.88",
        "202102": "179.88",
        "202103": "171.86",
        "202104": "164.84",
        "202105": "139.05",
        "202106": "165.71",
        "202107": "173.64",
        "202108": "150.32",
        "202109": "137.82",
        "202110": "128.78",
        "202111": "140.00",
        "202112": "139.98",
        "202201": "136.17",
        "202202": "126.17",
        "202203": "120.87",
        "202204": "128.53",
        "202205": "138.81",
        "202206": "136.45",
        "202207": "120.17",
        "202208": "126.46",
        "202209": "116.98",
        "202210": "91.12",
        "202211": "100.85",
        "202212": "102.46",
        "202301": "102.35",
        "202302": "105.89",
        "202303": "107.63",
        "202304": "104.66",
        "202305": "100.41",
        "202306": "119.54"
    },
    "quarters": {
        "20011": {
            "year_quarter": 20011,
            "year": 2001,
            "quarter": 1,
            "eps": null,
            "eps_growth_year": null,
            "eps_4q": null,
            "eps_4q_growth_year": null,
            "roe": null,
            "roe_4q": 0,
            "gross_profit": null,
            "gross_margin": null,
            "gross_margin_4q_avg": 0,
            "net_income": null,
            "revenue": null,
            "common_shares": null,
            "book_valuer_per_share": null,
            "book_valuer_per_share_4q_avg": 0,
            "equity": null,
            "current_ratio": null,
            "debt_ratio": null,
            "inventory_turnover_ratio": null,
            "account_receivable_turnover_ratio": null,
            "reinvestment_rate": null,
            "research_to_sale_ratio": null,
            "price_fair": 0,
            "eps_avg_yearly": 0,
            "eps_latest_yearly": 0,
            "eps_growth_yearly": 0
        },
        "20012": {
            "year_quarter": 20012,
            "year": 2001,
            "quarter": 2,
            "eps": null,
            "eps_growth_year": null,
            "eps_4q": null,
            "eps_4q_growth_year": null,
            "roe": null,
            "roe_4q": 0,
            "gross_profit": null,
            "gross_margin": null,
            "gross_margin_4q_avg": 0,
            "net_income": null,
            "revenue": null,
            "common_shares": null,
            "book_valuer_per_share": null,
            "book_valuer_per_share_4q_avg": 0,
            "equity": null,
            "current_ratio": null,
            "debt_ratio": null,
            "inventory_turnover_ratio": null,
            "account_receivable_turnover_ratio": null,
            "reinvestment_rate": null,
            "research_to_sale_ratio": null,
            "price_fair": 0,
            "eps_avg_yearly": 0,
            "eps_latest_yearly": 0,
            "eps_growth_yearly": 0
        },
        "20013": {
            "year_quarter": 20013,
            "year": 2001,
            "quarter": 3,
            "eps": null,
            "eps_growth_year": null,
            "eps_4q": null,
            "eps_4q_growth_year": null,
            "roe": null,
            "roe_4q": 0,
            "gross_profit": null,
            "gross_margin": null,
            "gross_margin_4q_avg": 0,
            "net_income": null,
            "revenue": null,
            "common_shares": null,
            "book_valuer_per_share": null,
            "book_valuer_per_share_4q_avg": 0,
            "equity": null,
            "current_ratio": null,
            "debt_ratio": null,
            "inventory_turnover_ratio": null,
            "account_receivable_turnover_ratio": null,
            "reinvestment_rate": null,
            "research_to_sale_ratio": null,
            "price_fair": 0,
            "eps_avg_yearly": 0,
            "eps_latest_yearly": 0,
            "eps_growth_yearly": 0
        },
        "20014": {
            "year_quarter": 20014,
            "year": 2001,
            "quarter": 4,
            "eps": null,
            "eps_growth_year": null,
            "eps_4q": null,
            "eps_4q_growth_year": null,
            "roe": null,
            "roe_4q": 0,
            "gross_profit": null,
            "gross_margin": null,
            "gross_margin_4q_avg": 0,
            "net_income": null,
            "revenue": null,
            "common_shares": 550000,
            "book_valuer_per_share": 6.78,
            "book_valuer_per_share_4q_avg": 1.7,
            "equity": 372898,
            "current_ratio": 496.15,
            "debt_ratio": 36,
            "inventory_turnover_ratio": null,
            "account_receivable_turnover_ratio": null,
            "reinvestment_rate": null,
            "research_to_sale_ratio": null,
            "price_fair": 0,
            "eps_avg_yearly": 0,
            "eps_latest_yearly": 0,
            "eps_growth_yearly": 0
        },
        "20021": {
            "year_quarter": 20021,
            "year": 2002,
            "quarter": 1,
            "eps": null,
            "eps_growth_year": null,
            "eps_4q": null,
            "eps_4q_growth_year": null,
            "roe": null,
            "roe_4q": 0,
            "gross_profit": null,
            "gross_margin": null,
            "gross_margin_4q_avg": 0,
            "net_income": null,
            "revenue": null,
            "common_shares": null,
            "book_valuer_per_share": null,
            "book_valuer_per_share_4q_avg": 1.7,
            "equity": null,
            "current_ratio": null,
            "debt_ratio": null,
            "inventory_turnover_ratio": null,
            "account_receivable_turnover_ratio": null,
            "reinvestment_rate": null,
            "research_to_sale_ratio": null,
            "price_fair": 0,
            "eps_avg_yearly": 0,
            "eps_latest_yearly": 0,
            "eps_growth_yearly": 0
        },
        "20022": {
            "year_quarter": 20022,
            "year": 2002,
            "quarter": 2,
            "eps": null,
            "eps_growth_year": null,
            "eps_4q": null,
            "eps_4q_growth_year": null,
            "roe": null,
            "roe_4q": 0,
            "gross_profit": null,
            "gross_margin": null,
            "gross_margin_4q_avg": 0,
            "net_income": null,
            "revenue": null,
            "common_shares": null,
            "book_valuer_per_share": null,
            "book_valuer_per_share_4q_avg": 1.7,
            "equity": null,
            "current_ratio": null,
            "debt_ratio": null,
            "inventory_turnover_ratio": null,
            "account_receivable_turnover_ratio": null,
            "reinvestment_rate": null,
            "research_to_sale_ratio": null,
            "price_fair": 0,
            "eps_avg_yearly": 0,
            "eps_latest_yearly": 0,
            "eps_growth_yearly": 0
        },
        "20023": {
            "year_quarter": 20023,
            "year": 2002,
            "quarter": 3,
            "eps": null,
            "eps_growth_year": null,
            "eps_4q": null,
            "eps_4q_growth_year": null,
            "roe": null,
            "roe_4q": 0,
            "gross_profit": null,
            "gross_margin": null,
            "gross_margin_4q_avg": 0,
            "net_income": null,
            "revenue": null,
            "common_shares": null,
            "book_valuer_per_share": null,
            "book_valuer_per_share_4q_avg": 1.7,
            "equity": null,
            "current_ratio": null,
            "debt_ratio": null,
            "inventory_turnover_ratio": null,
            "account_receivable_turnover_ratio": null,
            "reinvestment_rate": null,
            "research_to_sale_ratio": null,
            "price_fair": 0,
            "eps_avg_yearly": 0,
            "eps_latest_yearly": 0,
            "eps_growth_yearly": 0
        },
        "20024": {
            "year_quarter": 20024,
            "year": 2002,
            "quarter": 4,
            "eps": null,
            "eps_growth_year": null,
            "eps_4q": null,
            "eps_4q_growth_year": null,
            "roe": null,
            "roe_4q": 0,
            "gross_profit": null,
            "gross_margin": null,
            "gross_margin_4q_avg": 0,
            "net_income": null,
            "revenue": null,
            "common_shares": 640000,
            "book_valuer_per_share": 5.47,
            "book_valuer_per_share_4q_avg": 1.37,
            "equity": 349961,
            "current_ratio": 126.43,
            "debt_ratio": 47.03,
            "inventory_turnover_ratio": null,
            "account_receivable_turnover_ratio": null,
            "reinvestment_rate": null,
            "research_to_sale_ratio": null,
            "price_fair": 0,
            "eps_avg_yearly": 0,
            "eps_latest_yearly": 0,
            "eps_growth_yearly": 0
        },
        "20031": {
            "year_quarter": 20031,
            "year": 2003,
            "quarter": 1,
            "eps": null,
            "eps_growth_year": null,
            "eps_4q": null,
            "eps_4q_growth_year": null,
            "roe": null,
            "roe_4q": 0,
            "gross_profit": null,
            "gross_margin": null,
            "gross_margin_4q_avg": 0,
            "net_income": null,
            "revenue": null,
            "common_shares": null,
            "book_valuer_per_share": null,
            "book_valuer_per_share_4q_avg": 1.37,
            "equity": null,
            "current_ratio": null,
            "debt_ratio": null,
            "inventory_turnover_ratio": null,
            "account_receivable_turnover_ratio": null,
            "reinvestment_rate": null,
            "research_to_sale_ratio": null,
            "price_fair": 0,
            "eps_avg_yearly": 0,
            "eps_latest_yearly": 0,
            "eps_growth_yearly": 0
        },
        "20032": {
            "year_quarter": 20032,
            "year": 2003,
            "quarter": 2,
            "eps": null,
            "eps_growth_year": null,
            "eps_4q": null,
            "eps_4q_growth_year": null,
            "roe": null,
            "roe_4q": 0,
            "gross_profit": null,
            "gross_margin": null,
            "gross_margin_4q_avg": 0,
            "net_income": null,
            "revenue": null,
            "common_shares": null,
            "book_valuer_per_share": null,
            "book_valuer_per_share_4q_avg": 1.37,
            "equity": null,
            "current_ratio": null,
            "debt_ratio": null,
            "inventory_turnover_ratio": null,
            "account_receivable_turnover_ratio": null,
            "reinvestment_rate": null,
            "research_to_sale_ratio": null,
            "price_fair": 0,
            "eps_avg_yearly": 0,
            "eps_latest_yearly": 0,
            "eps_growth_yearly": 0
        },
        "20033": {
            "year_quarter": 20033,
            "year": 2003,
            "quarter": 3,
            "eps": null,
            "eps_growth_year": null,
            "eps_4q": null,
            "eps_4q_growth_year": null,
            "roe": null,
            "roe_4q": 0,
            "gross_profit": null,
            "gross_margin": null,
            "gross_margin_4q_avg": 0,
            "net_income": null,
            "revenue": null,
            "common_shares": null,
            "book_valuer_per_share": null,
            "book_valuer_per_share_4q_avg": 1.37,
            "equity": null,
            "current_ratio": null,
            "debt_ratio": null,
            "inventory_turnover_ratio": null,
            "account_receivable_turnover_ratio": null,
            "reinvestment_rate": null,
            "research_to_sale_ratio": null,
            "price_fair": 0,
            "eps_avg_yearly": 0,
            "eps_latest_yearly": 0,
            "eps_growth_yearly": 0
        },
        "20034": {
            "year_quarter": 20034,
            "year": 2003,
            "quarter": 4,
            "eps": null,
            "eps_growth_year": null,
            "eps_4q": null,
            "eps_4q_growth_year": null,
            "roe": null,
            "roe_4q": 0,
            "gross_profit": null,
            "gross_margin": null,
            "gross_margin_4q_avg": 0,
            "net_income": null,
            "revenue": null,
            "common_shares": 1150000,
            "book_valuer_per_share": 9.79,
            "book_valuer_per_share_4q_avg": 2.45,
            "equity": 1125387,
            "current_ratio": 153.69,
            "debt_ratio": 45.96,
            "inventory_turnover_ratio": null,
            "account_receivable_turnover_ratio": null,
            "reinvestment_rate": null,
            "research_to_sale_ratio": null,
            "price_fair": 0,
            "eps_avg_yearly": 0,
            "eps_latest_yearly": 0,
            "eps_growth_yearly": 0
        },
        "20041": {
            "year_quarter": 20041,
            "year": 2004,
            "quarter": 1,
            "eps": null,
            "eps_growth_year": null,
            "eps_4q": null,
            "eps_4q_growth_year": null,
            "roe": null,
            "roe_4q": 0,
            "gross_profit": null,
            "gross_margin": null,
            "gross_margin_4q_avg": 0,
            "net_income": null,
            "revenue": null,
            "common_shares": null,
            "book_valuer_per_share": null,
            "book_valuer_per_share_4q_avg": 2.45,
            "equity": null,
            "current_ratio": null,
            "debt_ratio": null,
            "inventory_turnover_ratio": null,
            "account_receivable_turnover_ratio": null,
            "reinvestment_rate": null,
            "research_to_sale_ratio": null,
            "price_fair": 0,
            "eps_avg_yearly": 0,
            "eps_latest_yearly": 0,
            "eps_growth_yearly": 0
        },
        "20042": {
            "year_quarter": 20042,
            "year": 2004,
            "quarter": 2,
            "eps": null,
            "eps_growth_year": null,
            "eps_4q": null,
            "eps_4q_growth_year": null,
            "roe": null,
            "roe_4q": 0,
            "gross_profit": null,
            "gross_margin": null,
            "gross_margin_4q_avg": 0,
            "net_income": null,
            "revenue": null,
            "common_shares": null,
            "book_valuer_per_share": null,
            "book_valuer_per_share_4q_avg": 2.45,
            "equity": null,
            "current_ratio": null,
            "debt_ratio": null,
            "inventory_turnover_ratio": null,
            "account_receivable_turnover_ratio": null,
            "reinvestment_rate": null,
            "research_to_sale_ratio": null,
            "price_fair": 0,
            "eps_avg_yearly": 0,
            "eps_latest_yearly": 0,
            "eps_growth_yearly": 0
        },
        "20043": {
            "year_quarter": 20043,
            "year": 2004,
            "quarter": 3,
            "eps": null,
            "eps_growth_year": null,
            "eps_4q": null,
            "eps_4q_growth_year": null,
            "roe": null,
            "roe_4q": 0,
            "gross_profit": null,
            "gross_margin": null,
            "gross_margin_4q_avg": 0,
            "net_income": null,
            "revenue": null,
            "common_shares": null,
            "book_valuer_per_share": null,
            "book_valuer_per_share_4q_avg": 2.45,
            "equity": null,
            "current_ratio": null,
            "debt_ratio": null,
            "inventory_turnover_ratio": null,
            "account_receivable_turnover_ratio": null,
            "reinvestment_rate": null,
            "research_to_sale_ratio": null,
            "price_fair": 0,
            "eps_avg_yearly": 0,
            "eps_latest_yearly": 0,
            "eps_growth_yearly": 0
        },
        "20044": {
            "year_quarter": 20044,
            "year": 2004,
            "quarter": 4,
            "eps": null,
            "eps_growth_year": null,
            "eps_4q": null,
            "eps_4q_growth_year": null,
            "roe": null,
            "roe_4q": 0,
            "gross_profit": null,
            "gross_margin": null,
            "gross_margin_4q_avg": 0,
            "net_income": null,
            "revenue": null,
            "common_shares": 1150000,
            "book_valuer_per_share": 9.95,
            "book_valuer_per_share_4q_avg": 2.49,
            "equity": 1143967,
            "current_ratio": 227.84,
            "debt_ratio": 42.43,
            "inventory_turnover_ratio": null,
            "account_receivable_turnover_ratio": null,
            "reinvestment_rate": null,
            "research_to_sale_ratio": null,
            "price_fair": 0,
            "eps_avg_yearly": 0,
            "eps_latest_yearly": 0,
            "eps_growth_yearly": 0
        },
        "20051": {
            "year_quarter": 20051,
            "year": 2005,
            "quarter": 1,
            "eps": null,
            "eps_growth_year": null,
            "eps_4q": null,
            "eps_4q_growth_year": null,
            "roe": null,
            "roe_4q": 0,
            "gross_profit": null,
            "gross_margin": null,
            "gross_margin_4q_avg": 0,
            "net_income": null,
            "revenue": null,
            "common_shares": null,
            "book_valuer_per_share": null,
            "book_valuer_per_share_4q_avg": 2.49,
            "equity": null,
            "current_ratio": null,
            "debt_ratio": null,
            "inventory_turnover_ratio": null,
            "account_receivable_turnover_ratio": null,
            "reinvestment_rate": null,
            "research_to_sale_ratio": null,
            "price_fair": 0,
            "eps_avg_yearly": 0,
            "eps_latest_yearly": 0,
            "eps_growth_yearly": 0
        },
        "20052": {
            "year_quarter": 20052,
            "year": 2005,
            "quarter": 2,
            "eps": null,
            "eps_growth_year": null,
            "eps_4q": null,
            "eps_4q_growth_year": null,
            "roe": null,
            "roe_4q": 0,
            "gross_profit": null,
            "gross_margin": null,
            "gross_margin_4q_avg": 0,
            "net_income": null,
            "revenue": null,
            "common_shares": null,
            "book_valuer_per_share": null,
            "book_valuer_per_share_4q_avg": 2.49,
            "equity": null,
            "current_ratio": null,
            "debt_ratio": null,
            "inventory_turnover_ratio": null,
            "account_receivable_turnover_ratio": null,
            "reinvestment_rate": null,
            "research_to_sale_ratio": null,
            "price_fair": 0,
            "eps_avg_yearly": 0,
            "eps_latest_yearly": 0,
            "eps_growth_yearly": 0
        },
        "20053": {
            "year_quarter": 20053,
            "year": 2005,
            "quarter": 3,
            "eps": null,
            "eps_growth_year": null,
            "eps_4q": null,
            "eps_4q_growth_year": null,
            "roe": null,
            "roe_4q": 0,
            "gross_profit": null,
            "gross_margin": null,
            "gross_margin_4q_avg": 0,
            "net_income": null,
            "revenue": null,
            "common_shares": null,
            "book_valuer_per_share": null,
            "book_valuer_per_share_4q_avg": 2.49,
            "equity": null,
            "current_ratio": null,
            "debt_ratio": null,
            "inventory_turnover_ratio": null,
            "account_receivable_turnover_ratio": null,
            "reinvestment_rate": null,
            "research_to_sale_ratio": null,
            "price_fair": 0,
            "eps_avg_yearly": 0,
            "eps_latest_yearly": 0,
            "eps_growth_yearly": 0
        },
        "20054": {
            "year_quarter": 20054,
            "year": 2005,
            "quarter": 4,
            "eps": null,
            "eps_growth_year": null,
            "eps_4q": null,
            "eps_4q_growth_year": null,
            "roe": null,
            "roe_4q": 0,
            "gross_profit": null,
            "gross_margin": null,
            "gross_margin_4q_avg": 0,
            "net_income": null,
            "revenue": null,
            "common_shares": 1150000,
            "book_valuer_per_share": 10.2,
            "book_valuer_per_share_4q_avg": 2.55,
            "equity": 1172655,
            "current_ratio": 158.02,
            "debt_ratio": 41.61,
            "inventory_turnover_ratio": null,
            "account_receivable_turnover_ratio": null,
            "reinvestment_rate": null,
            "research_to_sale_ratio": null,
            "price_fair": 0,
            "eps_avg_yearly": 0,
            "eps_latest_yearly": 0,
            "eps_growth_yearly": 0
        },
        "20061": {
            "year_quarter": 20061,
            "year": 2006,
            "quarter": 1,
            "eps": null,
            "eps_growth_year": null,
            "eps_4q": null,
            "eps_4q_growth_year": null,
            "roe": null,
            "roe_4q": 0,
            "gross_profit": null,
            "gross_margin": null,
            "gross_margin_4q_avg": 0,
            "net_income": null,
            "revenue": null,
            "common_shares": null,
            "book_valuer_per_share": null,
            "book_valuer_per_share_4q_avg": 2.55,
            "equity": null,
            "current_ratio": null,
            "debt_ratio": null,
            "inventory_turnover_ratio": null,
            "account_receivable_turnover_ratio": null,
            "reinvestment_rate": null,
            "research_to_sale_ratio": null,
            "price_fair": 0,
            "eps_avg_yearly": 0,
            "eps_latest_yearly": 0,
            "eps_growth_yearly": 0
        },
        "20062": {
            "year_quarter": 20062,
            "year": 2006,
            "quarter": 2,
            "eps": null,
            "eps_growth_year": null,
            "eps_4q": null,
            "eps_4q_growth_year": null,
            "roe": null,
            "roe_4q": 0,
            "gross_profit": null,
            "gross_margin": null,
            "gross_margin_4q_avg": 0,
            "net_income": null,
            "revenue": null,
            "common_shares": null,
            "book_valuer_per_share": null,
            "book_valuer_per_share_4q_avg": 2.55,
            "equity": null,
            "current_ratio": null,
            "debt_ratio": null,
            "inventory_turnover_ratio": null,
            "account_receivable_turnover_ratio": null,
            "reinvestment_rate": null,
            "research_to_sale_ratio": null,
            "price_fair": 0,
            "eps_avg_yearly": 0,
            "eps_latest_yearly": 0,
            "eps_growth_yearly": 0
        },
        "20063": {
            "year_quarter": 20063,
            "year": 2006,
            "quarter": 3,
            "eps": null,
            "eps_growth_year": null,
            "eps_4q": null,
            "eps_4q_growth_year": null,
            "roe": null,
            "roe_4q": 0,
            "gross_profit": null,
            "gross_margin": null,
            "gross_margin_4q_avg": 0,
            "net_income": null,
            "revenue": null,
            "common_shares": null,
            "book_valuer_per_share": null,
            "book_valuer_per_share_4q_avg": 2.55,
            "equity": null,
            "current_ratio": null,
            "debt_ratio": null,
            "inventory_turnover_ratio": null,
            "account_receivable_turnover_ratio": null,
            "reinvestment_rate": null,
            "research_to_sale_ratio": null,
            "price_fair": 0,
            "eps_avg_yearly": 0,
            "eps_latest_yearly": 0,
            "eps_growth_yearly": 0
        },
        "20064": {
            "year_quarter": 20064,
            "year": 2006,
            "quarter": 4,
            "eps": null,
            "eps_growth_year": null,
            "eps_4q": null,
            "eps_4q_growth_year": null,
            "roe": null,
            "roe_4q": 0,
            "gross_profit": null,
            "gross_margin": null,
            "gross_margin_4q_avg": 0,
            "net_income": null,
            "revenue": null,
            "common_shares": 1200000,
            "book_valuer_per_share": 12.82,
            "book_valuer_per_share_4q_avg": 3.21,
            "equity": 1538369,
            "current_ratio": 88.47,
            "debt_ratio": 64.04,
            "inventory_turnover_ratio": null,
            "account_receivable_turnover_ratio": null,
            "reinvestment_rate": null,
            "research_to_sale_ratio": null,
            "price_fair": 0,
            "eps_avg_yearly": 0,
            "eps_latest_yearly": 0,
            "eps_growth_yearly": 0
        },
        "20071": {
            "year_quarter": 20071,
            "year": 2007,
            "quarter": 1,
            "eps": null,
            "eps_growth_year": null,
            "eps_4q": null,
            "eps_4q_growth_year": null,
            "roe": null,
            "roe_4q": 0,
            "gross_profit": null,
            "gross_margin": null,
            "gross_margin_4q_avg": 0,
            "net_income": null,
            "revenue": null,
            "common_shares": null,
            "book_valuer_per_share": null,
            "book_valuer_per_share_4q_avg": 3.21,
            "equity": null,
            "current_ratio": null,
            "debt_ratio": null,
            "inventory_turnover_ratio": null,
            "account_receivable_turnover_ratio": null,
            "reinvestment_rate": null,
            "research_to_sale_ratio": null,
            "price_fair": 0,
            "eps_avg_yearly": 0,
            "eps_latest_yearly": 0,
            "eps_growth_yearly": 0
        },
        "20072": {
            "year_quarter": 20072,
            "year": 2007,
            "quarter": 2,
            "eps": null,
            "eps_growth_year": null,
            "eps_4q": null,
            "eps_4q_growth_year": null,
            "roe": null,
            "roe_4q": 0,
            "gross_profit": null,
            "gross_margin": null,
            "gross_margin_4q_avg": 0,
            "net_income": null,
            "revenue": null,
            "common_shares": null,
            "book_valuer_per_share": null,
            "book_valuer_per_share_4q_avg": 3.21,
            "equity": null,
            "current_ratio": null,
            "debt_ratio": null,
            "inventory_turnover_ratio": null,
            "account_receivable_turnover_ratio": null,
            "reinvestment_rate": null,
            "research_to_sale_ratio": null,
            "price_fair": 0,
            "eps_avg_yearly": 0,
            "eps_latest_yearly": 0,
            "eps_growth_yearly": 0
        },
        "20073": {
            "year_quarter": 20073,
            "year": 2007,
            "quarter": 3,
            "eps": null,
            "eps_growth_year": null,
            "eps_4q": null,
            "eps_4q_growth_year": null,
            "roe": null,
            "roe_4q": 0,
            "gross_profit": null,
            "gross_margin": null,
            "gross_margin_4q_avg": 0,
            "net_income": null,
            "revenue": null,
            "common_shares": null,
            "book_valuer_per_share": null,
            "book_valuer_per_share_4q_avg": 3.21,
            "equity": null,
            "current_ratio": null,
            "debt_ratio": null,
            "inventory_turnover_ratio": null,
            "account_receivable_turnover_ratio": null,
            "reinvestment_rate": null,
            "research_to_sale_ratio": null,
            "price_fair": 0,
            "eps_avg_yearly": 0,
            "eps_latest_yearly": 0,
            "eps_growth_yearly": 0
        },
        "20074": {
            "year_quarter": 20074,
            "year": 2007,
            "quarter": 4,
            "eps": null,
            "eps_growth_year": null,
            "eps_4q": null,
            "eps_4q_growth_year": null,
            "roe": null,
            "roe_4q": 0,
            "gross_profit": null,
            "gross_margin": null,
            "gross_margin_4q_avg": 0,
            "net_income": null,
            "revenue": null,
            "common_shares": 2157391,
            "book_valuer_per_share": 15.48,
            "book_valuer_per_share_4q_avg": 3.87,
            "equity": 3339799,
            "current_ratio": 111.05,
            "debt_ratio": 42.56,
            "inventory_turnover_ratio": null,
            "account_receivable_turnover_ratio": null,
            "reinvestment_rate": null,
            "research_to_sale_ratio": null,
            "price_fair": 0,
            "eps_avg_yearly": 0,
            "eps_latest_yearly": 0,
            "eps_growth_yearly": 0
        },
        "20081": {
            "year_quarter": 20081,
            "year": 2008,
            "quarter": 1,
            "eps": null,
            "eps_growth_year": null,
            "eps_4q": null,
            "eps_4q_growth_year": null,
            "roe": null,
            "roe_4q": 0,
            "gross_profit": null,
            "gross_margin": null,
            "gross_margin_4q_avg": 0,
            "net_income": null,
            "revenue": null,
            "common_shares": null,
            "book_valuer_per_share": null,
            "book_valuer_per_share_4q_avg": 3.87,
            "equity": null,
            "current_ratio": null,
            "debt_ratio": null,
            "inventory_turnover_ratio": null,
            "account_receivable_turnover_ratio": null,
            "reinvestment_rate": null,
            "research_to_sale_ratio": null,
            "price_fair": 0,
            "eps_avg_yearly": 0,
            "eps_latest_yearly": 0,
            "eps_growth_yearly": 0
        },
        "20082": {
            "year_quarter": 20082,
            "year": 2008,
            "quarter": 2,
            "eps": null,
            "eps_growth_year": null,
            "eps_4q": null,
            "eps_4q_growth_year": null,
            "roe": null,
            "roe_4q": 0,
            "gross_profit": null,
            "gross_margin": null,
            "gross_margin_4q_avg": 0,
            "net_income": null,
            "revenue": null,
            "common_shares": null,
            "book_valuer_per_share": null,
            "book_valuer_per_share_4q_avg": 3.87,
            "equity": null,
            "current_ratio": null,
            "debt_ratio": null,
            "inventory_turnover_ratio": null,
            "account_receivable_turnover_ratio": null,
            "reinvestment_rate": null,
            "research_to_sale_ratio": null,
            "price_fair": 0,
            "eps_avg_yearly": 0,
            "eps_latest_yearly": 0,
            "eps_growth_yearly": 0
        },
        "20083": {
            "year_quarter": 20083,
            "year": 2008,
            "quarter": 3,
            "eps": null,
            "eps_growth_year": null,
            "eps_4q": null,
            "eps_4q_growth_year": null,
            "roe": null,
            "roe_4q": 0,
            "gross_profit": null,
            "gross_margin": null,
            "gross_margin_4q_avg": 0,
            "net_income": null,
            "revenue": null,
            "common_shares": null,
            "book_valuer_per_share": null,
            "book_valuer_per_share_4q_avg": 3.87,
            "equity": null,
            "current_ratio": null,
            "debt_ratio": null,
            "inventory_turnover_ratio": null,
            "account_receivable_turnover_ratio": null,
            "reinvestment_rate": null,
            "research_to_sale_ratio": null,
            "price_fair": 0,
            "eps_avg_yearly": 0,
            "eps_latest_yearly": 0,
            "eps_growth_yearly": 0
        },
        "20084": {
            "year_quarter": 20084,
            "year": 2008,
            "quarter": 4,
            "eps": null,
            "eps_growth_year": null,
            "eps_4q": null,
            "eps_4q_growth_year": null,
            "roe": null,
            "roe_4q": 0,
            "gross_profit": null,
            "gross_margin": null,
            "gross_margin_4q_avg": 0,
            "net_income": null,
            "revenue": null,
            "common_shares": 2220076,
            "book_valuer_per_share": 15.59,
            "book_valuer_per_share_4q_avg": 3.9,
            "equity": 3461008,
            "current_ratio": 134.27,
            "debt_ratio": 32,
            "inventory_turnover_ratio": null,
            "account_receivable_turnover_ratio": null,
            "reinvestment_rate": null,
            "research_to_sale_ratio": null,
            "price_fair": 0,
            "eps_avg_yearly": 0,
            "eps_latest_yearly": 0,
            "eps_growth_yearly": 0
        },
        "20091": {
            "year_quarter": 20091,
            "year": 2009,
            "quarter": 1,
            "eps": null,
            "eps_growth_year": null,
            "eps_4q": null,
            "eps_4q_growth_year": null,
            "roe": null,
            "roe_4q": 0,
            "gross_profit": null,
            "gross_margin": null,
            "gross_margin_4q_avg": 0,
            "net_income": null,
            "revenue": null,
            "common_shares": null,
            "book_valuer_per_share": null,
            "book_valuer_per_share_4q_avg": 3.9,
            "equity": null,
            "current_ratio": null,
            "debt_ratio": null,
            "inventory_turnover_ratio": null,
            "account_receivable_turnover_ratio": null,
            "reinvestment_rate": null,
            "research_to_sale_ratio": null,
            "price_fair": 0,
            "eps_avg_yearly": 0,
            "eps_latest_yearly": 0,
            "eps_growth_yearly": 0
        },
        "20092": {
            "year_quarter": 20092,
            "year": 2009,
            "quarter": 2,
            "eps": null,
            "eps_growth_year": null,
            "eps_4q": null,
            "eps_4q_growth_year": null,
            "roe": null,
            "roe_4q": 0,
            "gross_profit": null,
            "gross_margin": null,
            "gross_margin_4q_avg": 0,
            "net_income": null,
            "revenue": null,
            "common_shares": 2230629,
            "book_valuer_per_share": null,
            "book_valuer_per_share_4q_avg": 3.9,
            "equity": 3130046,
            "current_ratio": null,
            "debt_ratio": null,
            "inventory_turnover_ratio": null,
            "account_receivable_turnover_ratio": null,
            "reinvestment_rate": null,
            "research_to_sale_ratio": null,
            "price_fair": 0,
            "eps_avg_yearly": 0,
            "eps_latest_yearly": 0,
            "eps_growth_yearly": 0
        },
        "20093": {
            "year_quarter": 20093,
            "year": 2009,
            "quarter": 3,
            "eps": null,
            "eps_growth_year": null,
            "eps_4q": null,
            "eps_4q_growth_year": null,
            "roe": null,
            "roe_4q": 0,
            "gross_profit": null,
            "gross_margin": null,
            "gross_margin_4q_avg": 0,
            "net_income": null,
            "revenue": null,
            "common_shares": null,
            "book_valuer_per_share": null,
            "book_valuer_per_share_4q_avg": 3.9,
            "equity": null,
            "current_ratio": null,
            "debt_ratio": null,
            "inventory_turnover_ratio": null,
            "account_receivable_turnover_ratio": null,
            "reinvestment_rate": null,
            "research_to_sale_ratio": null,
            "price_fair": 0,
            "eps_avg_yearly": 0,
            "eps_latest_yearly": 0,
            "eps_growth_yearly": 0
        },
        "20094": {
            "year_quarter": 20094,
            "year": 2009,
            "quarter": 4,
            "eps": null,
            "eps_growth_year": null,
            "eps_4q": null,
            "eps_4q_growth_year": null,
            "roe": null,
            "roe_4q": 0,
            "gross_profit": null,
            "gross_margin": null,
            "gross_margin_4q_avg": 0,
            "net_income": null,
            "revenue": null,
            "common_shares": 2265287,
            "book_valuer_per_share": 15.44,
            "book_valuer_per_share_4q_avg": 3.86,
            "equity": 3498140,
            "current_ratio": 151.99,
            "debt_ratio": 29.45,
            "inventory_turnover_ratio": null,
            "account_receivable_turnover_ratio": null,
            "reinvestment_rate": null,
            "research_to_sale_ratio": null,
            "price_fair": 0,
            "eps_avg_yearly": 0,
            "eps_latest_yearly": 0,
            "eps_growth_yearly": 0
        },
        "20101": {
            "year_quarter": 20101,
            "year": 2010,
            "quarter": 1,
            "eps": null,
            "eps_growth_year": null,
            "eps_4q": null,
            "eps_4q_growth_year": null,
            "roe": null,
            "roe_4q": 0,
            "gross_profit": null,
            "gross_margin": null,
            "gross_margin_4q_avg": 0,
            "net_income": null,
            "revenue": null,
            "common_shares": null,
            "book_valuer_per_share": null,
            "book_valuer_per_share_4q_avg": 3.86,
            "equity": null,
            "current_ratio": null,
            "debt_ratio": null,
            "inventory_turnover_ratio": null,
            "account_receivable_turnover_ratio": null,
            "reinvestment_rate": null,
            "research_to_sale_ratio": null,
            "price_fair": 0,
            "eps_avg_yearly": 0,
            "eps_latest_yearly": 0,
            "eps_growth_yearly": 0
        },
        "20102": {
            "year_quarter": 20102,
            "year": 2010,
            "quarter": 2,
            "eps": null,
            "eps_growth_year": null,
            "eps_4q": null,
            "eps_4q_growth_year": null,
            "roe": null,
            "roe_4q": 0,
            "gross_profit": null,
            "gross_margin": null,
            "gross_margin_4q_avg": 0,
            "net_income": null,
            "revenue": null,
            "common_shares": 2273666,
            "book_valuer_per_share": 16.67,
            "book_valuer_per_share_4q_avg": 8.03,
            "equity": 3790346,
            "current_ratio": 162.8,
            "debt_ratio": 28.83,
            "inventory_turnover_ratio": null,
            "account_receivable_turnover_ratio": null,
            "reinvestment_rate": null,
            "research_to_sale_ratio": null,
            "price_fair": 0,
            "eps_avg_yearly": 0,
            "eps_latest_yearly": 0,
            "eps_growth_yearly": 0
        },
        "20103": {
            "year_quarter": 20103,
            "year": 2010,
            "quarter": 3,
            "eps": null,
            "eps_growth_year": null,
            "eps_4q": null,
            "eps_4q_growth_year": null,
            "roe": null,
            "roe_4q": 0,
            "gross_profit": null,
            "gross_margin": null,
            "gross_margin_4q_avg": 0,
            "net_income": null,
            "revenue": null,
            "common_shares": null,
            "book_valuer_per_share": null,
            "book_valuer_per_share_4q_avg": 8.03,
            "equity": null,
            "current_ratio": null,
            "debt_ratio": null,
            "inventory_turnover_ratio": null,
            "account_receivable_turnover_ratio": null,
            "reinvestment_rate": null,
            "research_to_sale_ratio": null,
            "price_fair": 0,
            "eps_avg_yearly": 0,
            "eps_latest_yearly": 0,
            "eps_growth_yearly": 0
        },
        "20104": {
            "year_quarter": 20104,
            "year": 2010,
            "quarter": 4,
            "eps": null,
            "eps_growth_year": null,
            "eps_4q": null,
            "eps_4q_growth_year": null,
            "roe": null,
            "roe_4q": 0,
            "gross_profit": null,
            "gross_margin": null,
            "gross_margin_4q_avg": 0,
            "net_income": null,
            "revenue": null,
            "common_shares": 2283849,
            "book_valuer_per_share": 17.54,
            "book_valuer_per_share_4q_avg": 8.55,
            "equity": 4005751,
            "current_ratio": 137.72,
            "debt_ratio": 26.49,
            "inventory_turnover_ratio": null,
            "account_receivable_turnover_ratio": null,
            "reinvestment_rate": null,
            "research_to_sale_ratio": null,
            "price_fair": 0,
            "eps_avg_yearly": 0,
            "eps_latest_yearly": 0,
            "eps_growth_yearly": 0
        },
        "20111": {
            "year_quarter": 20111,
            "year": 2011,
            "quarter": 1,
            "eps": null,
            "eps_growth_year": null,
            "eps_4q": null,
            "eps_4q_growth_year": null,
            "roe": null,
            "roe_4q": 0,
            "gross_profit": null,
            "gross_margin": null,
            "gross_margin_4q_avg": 0,
            "net_income": null,
            "revenue": null,
            "common_shares": null,
            "book_valuer_per_share": null,
            "book_valuer_per_share_4q_avg": 8.55,
            "equity": null,
            "current_ratio": null,
            "debt_ratio": null,
            "inventory_turnover_ratio": null,
            "account_receivable_turnover_ratio": null,
            "reinvestment_rate": null,
            "research_to_sale_ratio": null,
            "price_fair": 0,
            "eps_avg_yearly": 0,
            "eps_latest_yearly": 0,
            "eps_growth_yearly": 0
        },
        "20112": {
            "year_quarter": 20112,
            "year": 2011,
            "quarter": 2,
            "eps": null,
            "eps_growth_year": null,
            "eps_4q": null,
            "eps_4q_growth_year": null,
            "roe": null,
            "roe_4q": 0,
            "gross_profit": null,
            "gross_margin": null,
            "gross_margin_4q_avg": 0,
            "net_income": null,
            "revenue": null,
            "common_shares": 2291669,
            "book_valuer_per_share": 17.16,
            "book_valuer_per_share_4q_avg": 8.68,
            "equity": 3931361,
            "current_ratio": 130.03,
            "debt_ratio": 40.01,
            "inventory_turnover_ratio": null,
            "account_receivable_turnover_ratio": null,
            "reinvestment_rate": null,
            "research_to_sale_ratio": null,
            "price_fair": 0,
            "eps_avg_yearly": 0,
            "eps_latest_yearly": 0,
            "eps_growth_yearly": 0
        },
        "20113": {
            "year_quarter": 20113,
            "year": 2011,
            "quarter": 3,
            "eps": null,
            "eps_growth_year": null,
            "eps_4q": null,
            "eps_4q_growth_year": null,
            "roe": null,
            "roe_4q": 0,
            "gross_profit": null,
            "gross_margin": null,
            "gross_margin_4q_avg": 0,
            "net_income": null,
            "revenue": null,
            "common_shares": null,
            "book_valuer_per_share": null,
            "book_valuer_per_share_4q_avg": 8.68,
            "equity": null,
            "current_ratio": null,
            "debt_ratio": null,
            "inventory_turnover_ratio": null,
            "account_receivable_turnover_ratio": null,
            "reinvestment_rate": null,
            "research_to_sale_ratio": null,
            "price_fair": 0,
            "eps_avg_yearly": 0,
            "eps_latest_yearly": 0,
            "eps_growth_yearly": 0
        },
        "20114": {
            "year_quarter": 20114,
            "year": 2011,
            "quarter": 4,
            "eps": null,
            "eps_growth_year": null,
            "eps_4q": null,
            "eps_4q_growth_year": null,
            "roe": null,
            "roe_4q": 0,
            "gross_profit": null,
            "gross_margin": null,
            "gross_margin_4q_avg": 0,
            "net_income": null,
            "revenue": null,
            "common_shares": 2335811,
            "book_valuer_per_share": 16.95,
            "book_valuer_per_share_4q_avg": 8.53,
            "equity": 3959849,
            "current_ratio": 148.02,
            "debt_ratio": 39.01,
            "inventory_turnover_ratio": null,
            "account_receivable_turnover_ratio": null,
            "reinvestment_rate": null,
            "research_to_sale_ratio": null,
            "price_fair": 0,
            "eps_avg_yearly": 0,
            "eps_latest_yearly": 0,
            "eps_growth_yearly": 0
        },
        "20121": {
            "year_quarter": 20121,
            "year": 2012,
            "quarter": 1,
            "eps": null,
            "eps_growth_year": null,
            "eps_4q": null,
            "eps_4q_growth_year": null,
            "roe": null,
            "roe_4q": 0,
            "gross_profit": null,
            "gross_margin": null,
            "gross_margin_4q_avg": 0,
            "net_income": null,
            "revenue": null,
            "common_shares": null,
            "book_valuer_per_share": null,
            "book_valuer_per_share_4q_avg": 8.53,
            "equity": null,
            "current_ratio": null,
            "debt_ratio": null,
            "inventory_turnover_ratio": null,
            "account_receivable_turnover_ratio": null,
            "reinvestment_rate": null,
            "research_to_sale_ratio": null,
            "price_fair": 0,
            "eps_avg_yearly": 0,
            "eps_latest_yearly": 0,
            "eps_growth_yearly": 0
        },
        "20122": {
            "year_quarter": 20122,
            "year": 2012,
            "quarter": 2,
            "eps": null,
            "eps_growth_year": null,
            "eps_4q": null,
            "eps_4q_growth_year": null,
            "roe": null,
            "roe_4q": 0,
            "gross_profit": null,
            "gross_margin": null,
            "gross_margin_4q_avg": 0,
            "net_income": null,
            "revenue": null,
            "common_shares": 2338163,
            "book_valuer_per_share": 16.06,
            "book_valuer_per_share_4q_avg": 8.25,
            "equity": 3792398,
            "current_ratio": 157.51,
            "debt_ratio": 38.51,
            "inventory_turnover_ratio": null,
            "account_receivable_turnover_ratio": null,
            "reinvestment_rate": null,
            "research_to_sale_ratio": null,
            "price_fair": 0,
            "eps_avg_yearly": 0,
            "eps_latest_yearly": 0,
            "eps_growth_yearly": 0
        },
        "20123": {
            "year_quarter": 20123,
            "year": 2012,
            "quarter": 3,
            "eps": null,
            "eps_growth_year": null,
            "eps_4q": null,
            "eps_4q_growth_year": null,
            "roe": null,
            "roe_4q": 0,
            "gross_profit": null,
            "gross_margin": null,
            "gross_margin_4q_avg": 0,
            "net_income": null,
            "revenue": null,
            "common_shares": null,
            "book_valuer_per_share": null,
            "book_valuer_per_share_4q_avg": 8.25,
            "equity": null,
            "current_ratio": null,
            "debt_ratio": null,
            "inventory_turnover_ratio": null,
            "account_receivable_turnover_ratio": null,
            "reinvestment_rate": null,
            "research_to_sale_ratio": null,
            "price_fair": 0,
            "eps_avg_yearly": 0,
            "eps_latest_yearly": 0,
            "eps_growth_yearly": 0
        },
        "20124": {
            "year_quarter": 20124,
            "year": 2012,
            "quarter": 4,
            "eps": null,
            "eps_growth_year": null,
            "eps_4q": null,
            "eps_4q_growth_year": null,
            "roe": null,
            "roe_4q": 0,
            "gross_profit": null,
            "gross_margin": null,
            "gross_margin_4q_avg": 0,
            "net_income": null,
            "revenue": null,
            "common_shares": 2362079,
            "book_valuer_per_share": 16.33,
            "book_valuer_per_share_4q_avg": 8.1,
            "equity": 3856727,
            "current_ratio": 179.96,
            "debt_ratio": 35.9,
            "inventory_turnover_ratio": null,
            "account_receivable_turnover_ratio": null,
            "reinvestment_rate": null,
            "research_to_sale_ratio": null,
            "price_fair": 0,
            "eps_avg_yearly": 0,
            "eps_latest_yearly": 0,
            "eps_growth_yearly": 0
        },
        "20131": {
            "year_quarter": 20131,
            "year": 2013,
            "quarter": 1,
            "eps": null,
            "eps_growth_year": null,
            "eps_4q": null,
            "eps_4q_growth_year": null,
            "roe": null,
            "roe_4q": 0,
            "gross_profit": null,
            "gross_margin": null,
            "gross_margin_4q_avg": 0,
            "net_income": null,
            "revenue": null,
            "common_shares": null,
            "book_valuer_per_share": null,
            "book_valuer_per_share_4q_avg": 8.1,
            "equity": null,
            "current_ratio": null,
            "debt_ratio": null,
            "inventory_turnover_ratio": null,
            "account_receivable_turnover_ratio": null,
            "reinvestment_rate": null,
            "research_to_sale_ratio": null,
            "price_fair": 0,
            "eps_avg_yearly": 0,
            "eps_latest_yearly": 0,
            "eps_growth_yearly": 0
        },
        "20132": {
            "year_quarter": 20132,
            "year": 2013,
            "quarter": 2,
            "eps": null,
            "eps_growth_year": null,
            "eps_4q": null,
            "eps_4q_growth_year": null,
            "roe": null,
            "roe_4q": 0,
            "gross_profit": null,
            "gross_margin": null,
            "gross_margin_4q_avg": 0,
            "net_income": null,
            "revenue": null,
            "common_shares": 2362896,
            "book_valuer_per_share": 16.07,
            "book_valuer_per_share_4q_avg": 8.1,
            "equity": 3796423,
            "current_ratio": 100.28,
            "debt_ratio": 50.23,
            "inventory_turnover_ratio": null,
            "account_receivable_turnover_ratio": null,
            "reinvestment_rate": null,
            "research_to_sale_ratio": null,
            "price_fair": 0,
            "eps_avg_yearly": 0,
            "eps_latest_yearly": 0,
            "eps_growth_yearly": 0
        },
        "20133": {
            "year_quarter": 20133,
            "year": 2013,
            "quarter": 3,
            "eps": null,
            "eps_growth_year": null,
            "eps_4q": null,
            "eps_4q_growth_year": null,
            "roe": null,
            "roe_4q": 0,
            "gross_profit": 239870,
            "gross_margin": null,
            "gross_margin_4q_avg": 0,
            "net_income": 152990,
            "revenue": 1191973,
            "common_shares": 2363714,
            "book_valuer_per_share": 16.72,
            "book_valuer_per_share_4q_avg": 12.28,
            "equity": 3953034,
            "current_ratio": 112.48,
            "debt_ratio": 53.67,
            "inventory_turnover_ratio": null,
            "account_receivable_turnover_ratio": null,
            "reinvestment_rate": null,
            "research_to_sale_ratio": null,
            "price_fair": 0,
            "eps_avg_yearly": 0,
            "eps_latest_yearly": 0,
            "eps_growth_yearly": 0
        },
        "20134": {
            "year_quarter": 20134,
            "year": 2013,
            "quarter": 4,
            "eps": null,
            "eps_growth_year": null,
            "eps_4q": null,
            "eps_4q_growth_year": null,
            "roe": null,
            "roe_4q": 0,
            "gross_profit": 311652,
            "gross_margin": null,
            "gross_margin_4q_avg": 0,
            "net_income": 158018,
            "revenue": 1342143,
            "common_shares": 2364018,
            "book_valuer_per_share": 17.41,
            "book_valuer_per_share_4q_avg": 12.55,
            "equity": 4115416,
            "current_ratio": 95.78,
            "debt_ratio": 50.79,
            "inventory_turnover_ratio": null,
            "account_receivable_turnover_ratio": null,
            "reinvestment_rate": null,
            "research_to_sale_ratio": null,
            "price_fair": 0,
            "eps_avg_yearly": 0,
            "eps_latest_yearly": 0,
            "eps_growth_yearly": 0
        },
        "20141": {
            "year_quarter": 20141,
            "year": 2014,
            "quarter": 1,
            "eps": null,
            "eps_growth_year": null,
            "eps_4q": null,
            "eps_4q_growth_year": null,
            "roe": null,
            "roe_4q": 0,
            "gross_profit": 112207,
            "gross_margin": null,
            "gross_margin_4q_avg": 0,
            "net_income": 33187,
            "revenue": 923407,
            "common_shares": 2364739,
            "book_valuer_per_share": 17.56,
            "book_valuer_per_share_4q_avg": 16.94,
            "equity": 4151526,
            "current_ratio": 95.21,
            "debt_ratio": 46.68,
            "inventory_turnover_ratio": null,
            "account_receivable_turnover_ratio": null,
            "reinvestment_rate": null,
            "research_to_sale_ratio": null,
            "price_fair": 0,
            "eps_avg_yearly": 0,
            "eps_latest_yearly": 0,
            "eps_growth_yearly": 0
        },
        "20142": {
            "year_quarter": 20142,
            "year": 2014,
            "quarter": 2,
            "eps": 0.72,
            "eps_growth_year": null,
            "eps_4q": 0.72,
            "eps_4q_growth_year": null,
            "roe": 4.07,
            "roe_4q": 4.07,
            "gross_profit": 310027,
            "gross_margin": 23.39,
            "gross_margin_4q_avg": 5.85,
            "net_income": 169604,
            "revenue": 1325725,
            "common_shares": 2364813,
            "book_valuer_per_share": 17.73,
            "book_valuer_per_share_4q_avg": 17.36,
            "equity": 4192300,
            "current_ratio": 157.16,
            "debt_ratio": 47.3,
            "inventory_turnover_ratio": 4.17,
            "account_receivable_turnover_ratio": 3.17,
            "reinvestment_rate": null,
            "research_to_sale_ratio": null,
            "price_fair": 0,
            "eps_avg_yearly": 0,
            "eps_latest_yearly": 0,
            "eps_growth_yearly": 0
        },
        "20143": {
            "year_quarter": 20143,
            "year": 2014,
            "quarter": 3,
            "eps": 0.57,
            "eps_growth_year": null,
            "eps_4q": 1.29,
            "eps_4q_growth_year": null,
            "roe": 3.19,
            "roe_4q": 7.26,
            "gross_profit": 178204,
            "gross_margin": 14.29,
            "gross_margin_4q_avg": 9.42,
            "net_income": 136622,
            "revenue": 1247324,
            "common_shares": 2380508,
            "book_valuer_per_share": 18.33,
            "book_valuer_per_share_4q_avg": 17.76,
            "equity": 4362641,
            "current_ratio": 108.26,
            "debt_ratio": 50.78,
            "inventory_turnover_ratio": 4.72,
            "account_receivable_turnover_ratio": 1.62,
            "reinvestment_rate": null,
            "research_to_sale_ratio": 5.69,
            "price_fair": 6.84,
            "eps_avg_yearly": 2.28,
            "eps_latest_yearly": 2.28,
            "eps_growth_yearly": -83.33
        },
        "20144": {
            "year_quarter": 20144,
            "year": 2014,
            "quarter": 4,
            "eps": 1.21,
            "eps_growth_year": null,
            "eps_4q": 2.5,
            "eps_4q_growth_year": null,
            "roe": 6.42,
            "roe_4q": 13.68,
            "gross_profit": 347766,
            "gross_margin": 24.19,
            "gross_margin_4q_avg": 15.47,
            "net_income": 289240,
            "revenue": 1437622,
            "common_shares": 2381207,
            "book_valuer_per_share": 19.55,
            "book_valuer_per_share_4q_avg": 18.29,
            "equity": 4654243,
            "current_ratio": 115.61,
            "debt_ratio": 47.27,
            "inventory_turnover_ratio": 5.08,
            "account_receivable_turnover_ratio": 1.75,
            "reinvestment_rate": null,
            "research_to_sale_ratio": 5.68,
            "price_fair": 124.6,
            "eps_avg_yearly": 3.56,
            "eps_latest_yearly": 4.84,
            "eps_growth_yearly": 182.89
        },
        "20151": {
            "year_quarter": 20151,
            "year": 2015,
            "quarter": 1,
            "eps": 0.54,
            "eps_growth_year": null,
            "eps_4q": 2.7,
            "eps_4q_growth_year": null,
            "roe": 2.41,
            "roe_4q": 16.09,
            "gross_profit": 312927,
            "gross_margin": 22.63,
            "gross_margin_4q_avg": 21.13,
            "net_income": 129736,
            "revenue": 1383032,
            "common_shares": 2683065,
            "book_valuer_per_share": 22.77,
            "book_valuer_per_share_4q_avg": 19.6,
            "equity": 6108788,
            "current_ratio": 140.13,
            "debt_ratio": 30.11,
            "inventory_turnover_ratio": 4.93,
            "account_receivable_turnover_ratio": 1.53,
            "reinvestment_rate": null,
            "research_to_sale_ratio": 7.06,
            "price_fair": 108.27,
            "eps_avg_yearly": 3.09,
            "eps_latest_yearly": 2.16,
            "eps_growth_yearly": 48.1
        },
        "20152": {
            "year_quarter": 20152,
            "year": 2015,
            "quarter": 2,
            "eps": 0.42,
            "eps_growth_year": -41.44,
            "eps_4q": 2.49,
            "eps_4q_growth_year": 246.71,
            "roe": 1.86,
            "roe_4q": 13.88,
            "gross_profit": 269154,
            "gross_margin": 20.07,
            "gross_margin_4q_avg": 20.3,
            "net_income": 111878,
            "revenue": 1341283,
            "common_shares": 2684265,
            "book_valuer_per_share": 22.12,
            "book_valuer_per_share_4q_avg": 20.69,
            "equity": 5938875,
            "current_ratio": 115.55,
            "debt_ratio": 33.23,
            "inventory_turnover_ratio": 4.52,
            "account_receivable_turnover_ratio": 1.63,
            "reinvestment_rate": null,
            "research_to_sale_ratio": 7.09,
            "price_fair": 65.36,
            "eps_avg_yearly": 2.74,
            "eps_latest_yearly": 1.68,
            "eps_growth_yearly": 13.85
        },
        "20153": {
            "year_quarter": 20153,
            "year": 2015,
            "quarter": 3,
            "eps": -0.07,
            "eps_growth_year": -112.28,
            "eps_4q": 1.91,
            "eps_4q_growth_year": 48.21,
            "roe": -0.31,
            "roe_4q": 10.379999999999999,
            "gross_profit": 61568,
            "gross_margin": 5.46,
            "gross_margin_4q_avg": 18.09,
            "net_income": -18423,
            "revenue": 1127739,
            "common_shares": 2687680,
            "book_valuer_per_share": 22.06,
            "book_valuer_per_share_4q_avg": 21.63,
            "equity": 5928230,
            "current_ratio": 110.55,
            "debt_ratio": 31.85,
            "inventory_turnover_ratio": 4.57,
            "account_receivable_turnover_ratio": 1.53,
            "reinvestment_rate": null,
            "research_to_sale_ratio": 7.19,
            "price_fair": 65.36,
            "eps_avg_yearly": 2.74,
            "eps_latest_yearly": 1.68,
            "eps_growth_yearly": 13.85
        },
        "20154": {
            "year_quarter": 20154,
            "year": 2015,
            "quarter": 4,
            "eps": -0.28,
            "eps_growth_year": -123.39,
            "eps_4q": 0.55,
            "eps_4q_growth_year": -78.17,
            "roe": -1.3,
            "roe_4q": 2.66,
            "gross_profit": 47722,
            "gross_margin": 4.65,
            "gross_margin_4q_avg": 13.2,
            "net_income": -76392,
            "revenue": 1026034,
            "common_shares": 2688761,
            "book_valuer_per_share": 21.76,
            "book_valuer_per_share_4q_avg": 22.18,
            "equity": 5851881,
            "current_ratio": 111.21,
            "debt_ratio": 31.31,
            "inventory_turnover_ratio": 4.32,
            "account_receivable_turnover_ratio": 1.61,
            "reinvestment_rate": null,
            "research_to_sale_ratio": 8.39,
            "price_fair": 65.36,
            "eps_avg_yearly": 2.74,
            "eps_latest_yearly": 1.68,
            "eps_growth_yearly": 13.85
        },
        "20161": {
            "year_quarter": 20161,
            "year": 2016,
            "quarter": 1,
            "eps": -0.23,
            "eps_growth_year": -142.59,
            "eps_4q": -0.17,
            "eps_4q_growth_year": -106.18,
            "roe": -1.06,
            "roe_4q": -0.8100000000000003,
            "gross_profit": -75,
            "gross_margin": -0.01,
            "gross_margin_4q_avg": 7.54,
            "net_income": -61998,
            "revenue": 1054161,
            "common_shares": 2689614,
            "book_valuer_per_share": 21.54,
            "book_valuer_per_share_4q_avg": 21.87,
            "equity": 5792478,
            "current_ratio": 133.38,
            "debt_ratio": 29.97,
            "inventory_turnover_ratio": 4.78,
            "account_receivable_turnover_ratio": 1.61,
            "reinvestment_rate": null,
            "research_to_sale_ratio": 7.76,
            "price_fair": 65.36,
            "eps_avg_yearly": 2.74,
            "eps_latest_yearly": 1.68,
            "eps_growth_yearly": 13.85
        },
        "20162": {
            "year_quarter": 20162,
            "year": 2016,
            "quarter": 2,
            "eps": -0.58,
            "eps_growth_year": -238.1,
            "eps_4q": -1.16,
            "eps_4q_growth_year": -146.6,
            "roe": -2.75,
            "roe_4q": -5.42,
            "gross_profit": -60140,
            "gross_margin": -5.92,
            "gross_margin_4q_avg": 1.05,
            "net_income": -155148,
            "revenue": 1015353,
            "common_shares": 2691948,
            "book_valuer_per_share": 20.46,
            "book_valuer_per_share_4q_avg": 21.46,
            "equity": 5508948,
            "current_ratio": 147.85,
            "debt_ratio": 32.41,
            "inventory_turnover_ratio": 5.12,
            "account_receivable_turnover_ratio": 1.44,
            "reinvestment_rate": null,
            "research_to_sale_ratio": 7.78,
            "price_fair": 65.36,
            "eps_avg_yearly": 2.74,
            "eps_latest_yearly": 1.68,
            "eps_growth_yearly": 13.85
        },
        "20163": {
            "year_quarter": 20163,
            "year": 2016,
            "quarter": 3,
            "eps": -0.54,
            "eps_growth_year": null,
            "eps_4q": -1.63,
            "eps_4q_growth_year": -185.56,
            "roe": -2.69,
            "roe_4q": -7.8,
            "gross_profit": -46384,
            "gross_margin": -4.44,
            "gross_margin_4q_avg": -1.43,
            "net_income": -146262,
            "revenue": 1044426,
            "common_shares": 2695901,
            "book_valuer_per_share": 19.92,
            "book_valuer_per_share_4q_avg": 20.92,
            "equity": 5371234,
            "current_ratio": 153.72,
            "debt_ratio": 32.86,
            "inventory_turnover_ratio": 5.21,
            "account_receivable_turnover_ratio": 1.6,
            "reinvestment_rate": null,
            "research_to_sale_ratio": 7.49,
            "price_fair": 65.36,
            "eps_avg_yearly": 2.74,
            "eps_latest_yearly": 1.68,
            "eps_growth_yearly": 13.85
        },
        "20164": {
            "year_quarter": 20164,
            "year": 2016,
            "quarter": 4,
            "eps": -1.01,
            "eps_growth_year": null,
            "eps_4q": -2.36,
            "eps_4q_growth_year": -532.23,
            "roe": -5.22,
            "roe_4q": -11.72,
            "gross_profit": -192234,
            "gross_margin": -23.83,
            "gross_margin_4q_avg": -8.55,
            "net_income": -273411,
            "revenue": 806758,
            "common_shares": 2698534,
            "book_valuer_per_share": 18.92,
            "book_valuer_per_share_4q_avg": 20.21,
            "equity": 5104952,
            "current_ratio": 166.65,
            "debt_ratio": 39.47,
            "inventory_turnover_ratio": 5.38,
            "account_receivable_turnover_ratio": 1.37,
            "reinvestment_rate": null,
            "research_to_sale_ratio": 9.57,
            "price_fair": 65.36,
            "eps_avg_yearly": 2.74,
            "eps_latest_yearly": 1.68,
            "eps_growth_yearly": 13.85
        },
        "20171": {
            "year_quarter": 20171,
            "year": 2017,
            "quarter": 1,
            "eps": -0.92,
            "eps_growth_year": null,
            "eps_4q": -3.02,
            "eps_4q_growth_year": null,
            "roe": -4.97,
            "roe_4q": -15.629999999999999,
            "gross_profit": -167556,
            "gross_margin": -22.33,
            "gross_margin_4q_avg": -14.13,
            "net_income": -248164,
            "revenue": 750426,
            "common_shares": 2721493,
            "book_valuer_per_share": 17.92,
            "book_valuer_per_share_4q_avg": 19.31,
            "equity": 4877191,
            "current_ratio": 266.2,
            "debt_ratio": 43.76,
            "inventory_turnover_ratio": 5.41,
            "account_receivable_turnover_ratio": 1.46,
            "reinvestment_rate": null,
            "research_to_sale_ratio": 9.62,
            "price_fair": 65.36,
            "eps_avg_yearly": 2.74,
            "eps_latest_yearly": 1.68,
            "eps_growth_yearly": 13.85
        },
        "20172": {
            "year_quarter": 20172,
            "year": 2017,
            "quarter": 2,
            "eps": -1.33,
            "eps_growth_year": null,
            "eps_4q": -3.78,
            "eps_4q_growth_year": null,
            "roe": -7.68,
            "roe_4q": -20.56,
            "gross_profit": -248753,
            "gross_margin": -34.75,
            "gross_margin_4q_avg": -21.34,
            "net_income": -361086,
            "revenue": 715838,
            "common_shares": 2721093,
            "book_valuer_per_share": 16.62,
            "book_valuer_per_share_4q_avg": 18.35,
            "equity": 4523274,
            "current_ratio": 209.07,
            "debt_ratio": 45.72,
            "inventory_turnover_ratio": 5.16,
            "account_receivable_turnover_ratio": 1.48,
            "reinvestment_rate": null,
            "research_to_sale_ratio": 11.95,
            "price_fair": 65.36,
            "eps_avg_yearly": 2.74,
            "eps_latest_yearly": 1.68,
            "eps_growth_yearly": 13.85
        },
        "20173": {
            "year_quarter": 20173,
            "year": 2017,
            "quarter": 3,
            "eps": -0.74,
            "eps_growth_year": null,
            "eps_4q": -3.98,
            "eps_4q_growth_year": null,
            "roe": -4.53,
            "roe_4q": -22.4,
            "gross_profit": -121071,
            "gross_margin": -12.19,
            "gross_margin_4q_avg": -23.28,
            "net_income": -200407,
            "revenue": 993114,
            "common_shares": 2719193,
            "book_valuer_per_share": 15.9,
            "book_valuer_per_share_4q_avg": 17.34,
            "equity": 4324461,
            "current_ratio": 188.22,
            "debt_ratio": 48.67,
            "inventory_turnover_ratio": 3.28,
            "account_receivable_turnover_ratio": 1.67,
            "reinvestment_rate": null,
            "research_to_sale_ratio": 6.69,
            "price_fair": 65.36,
            "eps_avg_yearly": 2.74,
            "eps_latest_yearly": 1.68,
            "eps_growth_yearly": 13.85
        },
        "20174": {
            "year_quarter": 20174,
            "year": 2017,
            "quarter": 4,
            "eps": 0.28,
            "eps_growth_year": null,
            "eps_4q": -2.7,
            "eps_4q_growth_year": null,
            "roe": 1.75,
            "roe_4q": -15.43,
            "gross_profit": 187772,
            "gross_margin": 11.6,
            "gross_margin_4q_avg": -14.42,
            "net_income": 76377,
            "revenue": 1619106,
            "common_shares": 2719193,
            "book_valuer_per_share": 16.2,
            "book_valuer_per_share_4q_avg": 16.66,
            "equity": 4404117,
            "current_ratio": 181.17,
            "debt_ratio": 46.31,
            "inventory_turnover_ratio": 3.1,
            "account_receivable_turnover_ratio": 1.75,
            "reinvestment_rate": null,
            "research_to_sale_ratio": 3.77,
            "price_fair": 65.36,
            "eps_avg_yearly": 2.74,
            "eps_latest_yearly": 1.68,
            "eps_growth_yearly": 13.85
        },
        "20181": {
            "year_quarter": 20181,
            "year": 2018,
            "quarter": 1,
            "eps": -0.63,
            "eps_growth_year": null,
            "eps_4q": -2.42,
            "eps_4q_growth_year": null,
            "roe": -3.95,
            "roe_4q": -14.41,
            "gross_profit": -73840,
            "gross_margin": -7.05,
            "gross_margin_4q_avg": -10.6,
            "net_income": -171371,
            "revenue": 1047077,
            "common_shares": 2716949,
            "book_valuer_per_share": 15.75,
            "book_valuer_per_share_4q_avg": 16.12,
            "equity": 4278603,
            "current_ratio": 232.67,
            "debt_ratio": 43.49,
            "inventory_turnover_ratio": 3.45,
            "account_receivable_turnover_ratio": 1.12,
            "reinvestment_rate": null,
            "research_to_sale_ratio": 6.39,
            "price_fair": 65.36,
            "eps_avg_yearly": 2.74,
            "eps_latest_yearly": 1.68,
            "eps_growth_yearly": 13.85
        },
        "20182": {
            "year_quarter": 20182,
            "year": 2018,
            "quarter": 2,
            "eps": -5.18,
            "eps_growth_year": null,
            "eps_4q": -6.25,
            "eps_4q_growth_year": null,
            "roe": -39.17,
            "roe_4q": -45.900000000000006,
            "gross_profit": -335710,
            "gross_margin": -49.43,
            "gross_margin_4q_avg": -14.27,
            "net_income": -1401730,
            "revenue": 679208,
            "common_shares": 2716949,
            "book_valuer_per_share": 10.6,
            "book_valuer_per_share_4q_avg": 14.61,
            "equity": 2879212,
            "current_ratio": 206.57,
            "debt_ratio": 53.67,
            "inventory_turnover_ratio": 5.09,
            "account_receivable_turnover_ratio": 1.15,
            "reinvestment_rate": null,
            "research_to_sale_ratio": 9.02,
            "price_fair": 65.36,
            "eps_avg_yearly": 2.74,
            "eps_latest_yearly": 1.68,
            "eps_growth_yearly": 13.85
        },
        "20183": {
            "year_quarter": 20183,
            "year": 2018,
            "quarter": 3,
            "eps": 0.35,
            "eps_growth_year": null,
            "eps_4q": -5.16,
            "eps_4q_growth_year": null,
            "roe": 3.21,
            "roe_4q": -38.160000000000004,
            "gross_profit": 203740,
            "gross_margin": 13.06,
            "gross_margin_4q_avg": -7.96,
            "net_income": 94030,
            "revenue": 1559799,
            "common_shares": 2717949,
            "book_valuer_per_share": 10.97,
            "book_valuer_per_share_4q_avg": 13.38,
            "equity": 2980255,
            "current_ratio": 188.9,
            "debt_ratio": 54.98,
            "inventory_turnover_ratio": 6.65,
            "account_receivable_turnover_ratio": 2.06,
            "reinvestment_rate": null,
            "research_to_sale_ratio": 4.03,
            "price_fair": 101.27,
            "eps_avg_yearly": 2.89,
            "eps_latest_yearly": 1.68,
            "eps_growth_yearly": 46.25
        },
        "20184": {
            "year_quarter": 20184,
            "year": 2018,
            "quarter": 4,
            "eps": 0.47,
            "eps_growth_year": 66.54,
            "eps_4q": -4.97,
            "eps_4q_growth_year": null,
            "roe": 4.18,
            "roe_4q": -35.730000000000004,
            "gross_profit": 215322,
            "gross_margin": 15.07,
            "gross_margin_4q_avg": -7.09,
            "net_income": 127120,
            "revenue": 1428362,
            "common_shares": 2717597,
            "book_valuer_per_share": 11.4,
            "book_valuer_per_share_4q_avg": 12.18,
            "equity": 3098034,
            "current_ratio": 183.54,
            "debt_ratio": 52.3,
            "inventory_turnover_ratio": 5.81,
            "account_receivable_turnover_ratio": 1.45,
            "reinvestment_rate": null,
            "research_to_sale_ratio": 3.87,
            "price_fair": 5.72,
            "eps_avg_yearly": 1.91,
            "eps_latest_yearly": 1.88,
            "eps_growth_yearly": -57.74
        },
        "20191": {
            "year_quarter": 20191,
            "year": 2019,
            "quarter": 1,
            "eps": -1.2,
            "eps_growth_year": null,
            "eps_4q": -5.56,
            "eps_4q_growth_year": null,
            "roe": -11.11,
            "roe_4q": -42.89,
            "gross_profit": -244658,
            "gross_margin": -43.53,
            "gross_margin_4q_avg": -16.21,
            "net_income": -326144,
            "revenue": 562082,
            "common_shares": 2710973,
            "book_valuer_per_share": 10.22,
            "book_valuer_per_share_4q_avg": 10.8,
            "equity": 2770614,
            "current_ratio": 203.79,
            "debt_ratio": 52.6,
            "inventory_turnover_ratio": 3.97,
            "account_receivable_turnover_ratio": 0.9,
            "reinvestment_rate": null,
            "research_to_sale_ratio": 9.12,
            "price_fair": 60.75,
            "eps_avg_yearly": 1.78,
            "eps_latest_yearly": 1.88,
            "eps_growth_yearly": 24.13
        },
        "20192": {
            "year_quarter": 20192,
            "year": 2019,
            "quarter": 2,
            "eps": -0.14,
            "eps_growth_year": null,
            "eps_4q": -0.53,
            "eps_4q_growth_year": null,
            "roe": -1.42,
            "roe_4q": -5.14,
            "gross_profit": 48698,
            "gross_margin": 4.75,
            "gross_margin_4q_avg": -2.66,
            "net_income": -39111,
            "revenue": 1024551,
            "common_shares": 2710973,
            "book_valuer_per_share": 10.08,
            "book_valuer_per_share_4q_avg": 10.67,
            "equity": 2733678,
            "current_ratio": 174.44,
            "debt_ratio": 54.32,
            "inventory_turnover_ratio": 5.01,
            "account_receivable_turnover_ratio": 2.03,
            "reinvestment_rate": null,
            "research_to_sale_ratio": 5.26,
            "price_fair": 65.8,
            "eps_avg_yearly": 1.88,
            "eps_latest_yearly": 1.88,
            "eps_growth_yearly": 137.14
        },
        "20193": {
            "year_quarter": 20193,
            "year": 2019,
            "quarter": 3,
            "eps": 1.29,
            "eps_growth_year": 268.57,
            "eps_4q": 0.42,
            "eps_4q_growth_year": null,
            "roe": 12.07,
            "roe_4q": 3.7200000000000006,
            "gross_profit": 443814,
            "gross_margin": 26.57,
            "gross_margin_4q_avg": 0.72,
            "net_income": 351013,
            "revenue": 1670306,
            "common_shares": 2710973,
            "book_valuer_per_share": 11.38,
            "book_valuer_per_share_4q_avg": 10.77,
            "equity": 3084691,
            "current_ratio": 171.02,
            "debt_ratio": 54.15,
            "inventory_turnover_ratio": 6.47,
            "account_receivable_turnover_ratio": 1.8,
            "reinvestment_rate": null,
            "research_to_sale_ratio": 3.26,
            "price_fair": 65.8,
            "eps_avg_yearly": 1.88,
            "eps_latest_yearly": 1.88,
            "eps_growth_yearly": 137.14
        },
        "20194": {
            "year_quarter": 20194,
            "year": 2019,
            "quarter": 4,
            "eps": 0.72,
            "eps_growth_year": 54.58,
            "eps_4q": 0.67,
            "eps_4q_growth_year": null,
            "roe": 6.16,
            "roe_4q": 5.700000000000003,
            "gross_profit": 299774,
            "gross_margin": 21.47,
            "gross_margin_4q_avg": 2.32,
            "net_income": 196220,
            "revenue": 1396241,
            "common_shares": 2713643,
            "book_valuer_per_share": 12.13,
            "book_valuer_per_share_4q_avg": 10.95,
            "equity": 3290809,
            "current_ratio": 171.53,
            "debt_ratio": 46.65,
            "inventory_turnover_ratio": 6.09,
            "account_receivable_turnover_ratio": 1.32,
            "reinvestment_rate": null,
            "research_to_sale_ratio": 4.24,
            "price_fair": 7.14,
            "eps_avg_yearly": 2.38,
            "eps_latest_yearly": 2.88,
            "eps_growth_yearly": -19.8
        },
        "20201": {
            "year_quarter": 20201,
            "year": 2020,
            "quarter": 1,
            "eps": 0.59,
            "eps_growth_year": null,
            "eps_4q": 2.46,
            "eps_4q_growth_year": null,
            "roe": 4.75,
            "roe_4q": 21.560000000000002,
            "gross_profit": 256259,
            "gross_margin": 17.94,
            "gross_margin_4q_avg": 17.68,
            "net_income": 160264,
            "revenue": 1428096,
            "common_shares": 2713643,
            "book_valuer_per_share": 12.72,
            "book_valuer_per_share_4q_avg": 11.58,
            "equity": 3451537,
            "current_ratio": 172.87,
            "debt_ratio": 45.39,
            "inventory_turnover_ratio": 6.31,
            "account_receivable_turnover_ratio": 1.43,
            "reinvestment_rate": null,
            "research_to_sale_ratio": 3.95,
            "price_fair": 7.12,
            "eps_avg_yearly": 2.37,
            "eps_latest_yearly": 2.36,
            "eps_growth_yearly": -37.27
        },
        "20202": {
            "year_quarter": 20202,
            "year": 2020,
            "quarter": 2,
            "eps": 0.51,
            "eps_growth_year": null,
            "eps_4q": 3.12,
            "eps_4q_growth_year": null,
            "roe": 3.92,
            "roe_4q": 26.9,
            "gross_profit": 223590,
            "gross_margin": 16.98,
            "gross_margin_4q_avg": 20.74,
            "net_income": 137842,
            "revenue": 1316743,
            "common_shares": 2713643,
            "book_valuer_per_share": 13.23,
            "book_valuer_per_share_4q_avg": 12.37,
            "equity": 3589379,
            "current_ratio": 141.25,
            "debt_ratio": 45.44,
            "inventory_turnover_ratio": 5.14,
            "account_receivable_turnover_ratio": 1.43,
            "reinvestment_rate": null,
            "research_to_sale_ratio": 4.13,
            "price_fair": 6.87,
            "eps_avg_yearly": 2.29,
            "eps_latest_yearly": 2.04,
            "eps_growth_yearly": -41.52
        },
        "20203": {
            "year_quarter": 20203,
            "year": 2020,
            "quarter": 3,
            "eps": 2.2,
            "eps_growth_year": 70.54,
            "eps_4q": 4.03,
            "eps_4q_growth_year": 867.07,
            "roe": 15.39,
            "roe_4q": 30.220000000000002,
            "gross_profit": 779275,
            "gross_margin": 36.54,
            "gross_margin_4q_avg": 23.23,
            "net_income": 598354,
            "revenue": 2132760,
            "common_shares": 2713643,
            "book_valuer_per_share": 15.43,
            "book_valuer_per_share_4q_avg": 13.38,
            "equity": 4187733,
            "current_ratio": 136.5,
            "debt_ratio": 44.03,
            "inventory_turnover_ratio": 6.27,
            "account_receivable_turnover_ratio": 1.86,
            "reinvestment_rate": null,
            "research_to_sale_ratio": 3.29,
            "price_fair": 125.72,
            "eps_avg_yearly": 3.59,
            "eps_latest_yearly": 8.8,
            "eps_growth_yearly": 231.89
        },
        "20204": {
            "year_quarter": 20204,
            "year": 2020,
            "quarter": 4,
            "eps": 3.06,
            "eps_growth_year": 323.5,
            "eps_4q": 6.37,
            "eps_4q_growth_year": 849.26,
            "roe": 18.06,
            "roe_4q": 42.120000000000005,
            "gross_profit": 955868,
            "gross_margin": 39.83,
            "gross_margin_4q_avg": 27.82,
            "net_income": 830985,
            "revenue": 2399990,
            "common_shares": 2713643,
            "book_valuer_per_share": 18.48,
            "book_valuer_per_share_4q_avg": 14.97,
            "equity": 5015456,
            "current_ratio": 158.63,
            "debt_ratio": 35.33,
            "inventory_turnover_ratio": 6.9,
            "account_receivable_turnover_ratio": 1.55,
            "reinvestment_rate": null,
            "research_to_sale_ratio": 3.04,
            "price_fair": 176.17,
            "eps_avg_yearly": 5.03,
            "eps_latest_yearly": 12.24,
            "eps_growth_yearly": 219.3
        },
        "20211": {
            "year_quarter": 20211,
            "year": 2021,
            "quarter": 1,
            "eps": 2.17,
            "eps_growth_year": 267.8,
            "eps_4q": 7.95,
            "eps_4q_growth_year": 222.69,
            "roe": 11.1,
            "roe_4q": 48.47,
            "gross_profit": 804523,
            "gross_margin": 38.1,
            "gross_margin_4q_avg": 32.86,
            "net_income": 589636,
            "revenue": 2111719,
            "common_shares": 2713643,
            "book_valuer_per_share": 20.66,
            "book_valuer_per_share_4q_avg": 16.95,
            "equity": 5605092,
            "current_ratio": 206.97,
            "debt_ratio": 27.52,
            "inventory_turnover_ratio": 5.63,
            "account_receivable_turnover_ratio": 1.42,
            "reinvestment_rate": -290.95,
            "research_to_sale_ratio": 3.55,
            "price_fair": 194.4,
            "eps_avg_yearly": 5.55,
            "eps_latest_yearly": 8.68,
            "eps_growth_yearly": 171.35
        },
        "20212": {
            "year_quarter": 20212,
            "year": 2021,
            "quarter": 2,
            "eps": 0.92,
            "eps_growth_year": 80.39,
            "eps_4q": 8.36,
            "eps_4q_growth_year": 168.38,
            "roe": 4.36,
            "roe_4q": 48.91,
            "gross_profit": 355093,
            "gross_margin": 23.37,
            "gross_margin_4q_avg": 34.46,
            "net_income": 249709,
            "revenue": 1519255,
            "common_shares": 2713643,
            "book_valuer_per_share": 21.58,
            "book_valuer_per_share_4q_avg": 19.04,
            "equity": 5854801,
            "current_ratio": 206.47,
            "debt_ratio": 27.8,
            "inventory_turnover_ratio": 4.16,
            "account_receivable_turnover_ratio": 1.3,
            "reinvestment_rate": -126.78,
            "research_to_sale_ratio": 4.21,
            "price_fair": 186.2,
            "eps_avg_yearly": 5.32,
            "eps_latest_yearly": 3.68,
            "eps_growth_yearly": 121.13
        },
        "20213": {
            "year_quarter": 20213,
            "year": 2021,
            "quarter": 3,
            "eps": 2.16,
            "eps_growth_year": -1.82,
            "eps_4q": 8.31,
            "eps_4q_growth_year": 106.42,
            "roe": 10.07,
            "roe_4q": 43.59,
            "gross_profit": 774909,
            "gross_margin": 35.32,
            "gross_margin_4q_avg": 34.16,
            "net_income": 585150,
            "revenue": 2194085,
            "common_shares": 2713643,
            "book_valuer_per_share": 21.23,
            "book_valuer_per_share_4q_avg": 20.49,
            "equity": 5761540,
            "current_ratio": 227.75,
            "debt_ratio": 25.79,
            "inventory_turnover_ratio": 4.79,
            "account_receivable_turnover_ratio": 1.68,
            "reinvestment_rate": -77.83,
            "research_to_sale_ratio": 3.37,
            "price_fair": 199.11,
            "eps_avg_yearly": 5.69,
            "eps_latest_yearly": 8.64,
            "eps_growth_yearly": 167.57
        },
        "20214": {
            "year_quarter": 20214,
            "year": 2021,
            "quarter": 4,
            "eps": 1.67,
            "eps_growth_year": -45.54,
            "eps_4q": 6.92,
            "eps_4q_growth_year": 8.66,
            "roe": 7.56,
            "roe_4q": 33.089999999999996,
            "gross_profit": 652690,
            "gross_margin": 35.43,
            "gross_margin_4q_avg": 33.06,
            "net_income": 452587,
            "revenue": 1842284,
            "common_shares": 2713643,
            "book_valuer_per_share": 22.91,
            "book_valuer_per_share_4q_avg": 21.6,
            "equity": 6216178,
            "current_ratio": 277.17,
            "debt_ratio": 23.94,
            "inventory_turnover_ratio": 4.25,
            "account_receivable_turnover_ratio": 1.36,
            "reinvestment_rate": -64.3,
            "research_to_sale_ratio": 3.84,
            "price_fair": 202.58,
            "eps_avg_yearly": 5.79,
            "eps_latest_yearly": 6.68,
            "eps_growth_yearly": 141.74
        },
        "20221": {
            "year_quarter": 20221,
            "year": 2022,
            "quarter": 1,
            "eps": 1.31,
            "eps_growth_year": -39.63,
            "eps_4q": 6.06,
            "eps_4q_growth_year": -23.8,
            "roe": 5.57,
            "roe_4q": 27.56,
            "gross_profit": 526714,
            "gross_margin": 31.52,
            "gross_margin_4q_avg": 31.41,
            "net_income": 356038,
            "revenue": 1671261,
            "common_shares": 2713643,
            "book_valuer_per_share": 24.22,
            "book_valuer_per_share_4q_avg": 22.49,
            "equity": 6572216,
            "current_ratio": 320.42,
            "debt_ratio": 22.25,
            "inventory_turnover_ratio": 4.22,
            "account_receivable_turnover_ratio": 1.52,
            "reinvestment_rate": -47.85,
            "research_to_sale_ratio": 3.91,
            "price_fair": 200.84,
            "eps_avg_yearly": 5.74,
            "eps_latest_yearly": 5.24,
            "eps_growth_yearly": 121.02
        },
        "20222": {
            "year_quarter": 20222,
            "year": 2022,
            "quarter": 2,
            "eps": 2.1,
            "eps_growth_year": 128.26,
            "eps_4q": 7.24,
            "eps_4q_growth_year": -13.43,
            "roe": 8.84,
            "roe_4q": 32.04,
            "gross_profit": 821304,
            "gross_margin": 38.45,
            "gross_margin_4q_avg": 35.18,
            "net_income": 570228,
            "revenue": 2136254,
            "common_shares": 2713643,
            "book_valuer_per_share": 23.32,
            "book_valuer_per_share_4q_avg": 22.92,
            "equity": 6328351,
            "current_ratio": 216.33,
            "debt_ratio": 32.02,
            "inventory_turnover_ratio": 4.7,
            "account_receivable_turnover_ratio": 1.64,
            "reinvestment_rate": -7.88,
            "research_to_sale_ratio": 3.87,
            "price_fair": 208.6,
            "eps_avg_yearly": 5.96,
            "eps_latest_yearly": 8.4,
            "eps_growth_yearly": 131.04
        },
        "20223": {
            "year_quarter": 20223,
            "year": 2022,
            "quarter": 3,
            "eps": 2.22,
            "eps_growth_year": 2.78,
            "eps_4q": 7.31,
            "eps_4q_growth_year": -12.11,
            "roe": 9.1,
            "roe_4q": 31.069999999999997,
            "gross_profit": 824153,
            "gross_margin": 38.79,
            "gross_margin_4q_avg": 36.05,
            "net_income": 603595,
            "revenue": 2124910,
            "common_shares": 2713643,
            "book_valuer_per_share": 25.54,
            "book_valuer_per_share_4q_avg": 24,
            "equity": 6931946,
            "current_ratio": 346.95,
            "debt_ratio": 22.33,
            "inventory_turnover_ratio": 4.52,
            "account_receivable_turnover_ratio": 1.48,
            "reinvestment_rate": -8.05,
            "research_to_sale_ratio": 4.17,
            "price_fair": 216.46,
            "eps_avg_yearly": 6.18,
            "eps_latest_yearly": 8.88,
            "eps_growth_yearly": 122.71
        },
        "20224": {
            "year_quarter": 20224,
            "year": 2022,
            "quarter": 4,
            "eps": 1.67,
            "eps_growth_year": 0.28,
            "eps_4q": 7.31,
            "eps_4q_growth_year": 5.68,
            "roe": 6.34,
            "roe_4q": 29.85,
            "gross_profit": 694929,
            "gross_margin": 38.62,
            "gross_margin_4q_avg": 36.85,
            "net_income": 453875,
            "revenue": 1799372,
            "common_shares": 2713643,
            "book_valuer_per_share": 27.23,
            "book_valuer_per_share_4q_avg": 25.08,
            "equity": 7390177,
            "current_ratio": 345.27,
            "debt_ratio": 21.98,
            "inventory_turnover_ratio": 3.96,
            "account_receivable_turnover_ratio": 1.32,
            "reinvestment_rate": -1.51,
            "research_to_sale_ratio": 4.71,
            "price_fair": 229.38,
            "eps_avg_yearly": 6.55,
            "eps_latest_yearly": 6.68,
            "eps_growth_yearly": 104.54
        },
        "20231": {
            "year_quarter": 20231,
            "year": 2023,
            "quarter": 1,
            "eps": 0.84,
            "eps_growth_year": -35.88,
            "eps_4q": 6.84,
            "eps_4q_growth_year": 12.91,
            "roe": 3.04,
            "roe_4q": 27.319999999999997,
            "gross_profit": 379504,
            "gross_margin": 28.86,
            "gross_margin_4q_avg": 36.18,
            "net_income": 227911,
            "revenue": 1314856,
            "common_shares": 2713643,
            "book_valuer_per_share": 28.07,
            "book_valuer_per_share_4q_avg": 26.04,
            "equity": 7618088,
            "current_ratio": 360.23,
            "debt_ratio": 21.31,
            "inventory_turnover_ratio": 3.6,
            "account_receivable_turnover_ratio": 1.21,
            "reinvestment_rate": 1.63,
            "research_to_sale_ratio": 6.25,
            "price_fair": 221.4,
            "eps_avg_yearly": 6.33,
            "eps_latest_yearly": 3.36,
            "eps_growth_yearly": 82.87
        }
    },
    "months": {
        "2004-09": {
            "month": "2004-09",
            "price": "9.78",
            "revenue": 70957
        },
        "2004-10": {
            "month": "2004-10",
            "price": "10.61",
            "revenue": 56762
        },
        "2004-11": {
            "month": "2004-11",
            "price": "9.72",
            "revenue": 59056
        },
        "2005-01": {
            "month": "2005-01",
            "price": "9.80",
            "revenue": 93631
        },
        "2005-02": {
            "month": "2005-02",
            "price": "9.83",
            "revenue": 77980
        },
        "2005-03": {
            "month": "2005-03",
            "price": "9.77",
            "revenue": 86717
        },
        "2005-04": {
            "month": "2005-04",
            "price": "8.75",
            "revenue": 53938
        },
        "2005-05": {
            "month": "2005-05",
            "price": "7.94",
            "revenue": 41526
        },
        "2005-06": {
            "month": "2005-06",
            "price": "8.61",
            "revenue": 24757
        },
        "2005-07": {
            "month": "2005-07",
            "price": "9.52",
            "revenue": 36963
        },
        "2005-08": {
            "month": "2005-08",
            "price": "10.86",
            "revenue": 95456
        },
        "2005-09": {
            "month": "2005-09",
            "price": "11.40",
            "revenue": 96060
        },
        "2005-10": {
            "month": "2005-10",
            "price": "12.37",
            "revenue": 110460
        },
        "2005-11": {
            "month": "2005-11",
            "price": "13.72",
            "revenue": 125272
        },
        "2005-12": {
            "month": "2005-12",
            "price": "19.36",
            "revenue": 135527
        },
        "2006-01": {
            "month": "2006-01",
            "price": "22.11",
            "revenue": 137536
        },
        "2006-02": {
            "month": "2006-02",
            "price": "20.59",
            "revenue": 122177
        },
        "2006-03": {
            "month": "2006-03",
            "price": "26.83",
            "revenue": 142189
        },
        "2006-04": {
            "month": "2006-04",
            "price": "34.70",
            "revenue": 122906
        },
        "2006-05": {
            "month": "2006-05",
            "price": "37.73",
            "revenue": 183645
        },
        "2006-06": {
            "month": "2006-06",
            "price": "34.71",
            "revenue": 189126
        },
        "2006-07": {
            "month": "2006-07",
            "price": "36.91",
            "revenue": 190362
        },
        "2006-08": {
            "month": "2006-08",
            "price": "38.04",
            "revenue": 192560
        },
        "2006-09": {
            "month": "2006-09",
            "price": "43.15",
            "revenue": 179068
        },
        "2006-10": {
            "month": "2006-10",
            "price": "39.25",
            "revenue": 227192
        },
        "2006-11": {
            "month": "2006-11",
            "price": "38.48",
            "revenue": 218598
        },
        "2006-12": {
            "month": "2006-12",
            "price": "41.21",
            "revenue": 231703
        },
        "2007-01": {
            "month": "2007-01",
            "price": "55.70",
            "revenue": 248916
        },
        "2007-02": {
            "month": "2007-02",
            "price": "61.19",
            "revenue": 174915
        },
        "2007-03": {
            "month": "2007-03",
            "price": "65.99",
            "revenue": 223133
        },
        "2007-04": {
            "month": "2007-04",
            "price": "60.89",
            "revenue": 202544
        },
        "2007-05": {
            "month": "2007-05",
            "price": "58.27",
            "revenue": 247569
        },
        "2007-06": {
            "month": "2007-06",
            "price": "78.24",
            "revenue": 254696
        },
        "2007-07": {
            "month": "2007-07",
            "price": "120.30",
            "revenue": 303199
        },
        "2007-08": {
            "month": "2007-08",
            "price": "125.96",
            "revenue": 340613
        },
        "2007-09": {
            "month": "2007-09",
            "price": "93.95",
            "revenue": 350996
        },
        "2007-10": {
            "month": "2007-10",
            "price": "93.05",
            "revenue": 326997
        },
        "2007-11": {
            "month": "2007-11",
            "price": "75.90",
            "revenue": 359534
        },
        "2007-12": {
            "month": "2007-12",
            "price": "64.00",
            "revenue": 354018
        },
        "2008-01": {
            "month": "2008-01",
            "price": "52.53",
            "revenue": 268517
        },
        "2008-02": {
            "month": "2008-02",
            "price": "45.76",
            "revenue": 253599
        },
        "2008-03": {
            "month": "2008-03",
            "price": "44.11",
            "revenue": 149038
        },
        "2008-04": {
            "month": "2008-04",
            "price": "50.66",
            "revenue": 195330
        },
        "2008-05": {
            "month": "2008-05",
            "price": "60.46",
            "revenue": 196863
        },
        "2008-06": {
            "month": "2008-06",
            "price": "50.55",
            "revenue": 228759
        },
        "2008-07": {
            "month": "2008-07",
            "price": "46.98",
            "revenue": 252676
        },
        "2008-08": {
            "month": "2008-08",
            "price": "45.61",
            "revenue": 264944
        },
        "2008-09": {
            "month": "2008-09",
            "price": "32.53",
            "revenue": 306612
        },
        "2008-10": {
            "month": "2008-10",
            "price": "25.45",
            "revenue": 365399
        },
        "2008-11": {
            "month": "2008-11",
            "price": "19.28",
            "revenue": 330478
        },
        "2008-12": {
            "month": "2008-12",
            "price": "17.19",
            "revenue": 300276
        },
        "2009-01": {
            "month": "2009-01",
            "price": "19.13",
            "revenue": 78636
        },
        "2009-02": {
            "month": "2009-02",
            "price": "28.08",
            "revenue": 95577
        },
        "2009-03": {
            "month": "2009-03",
            "price": "31.58",
            "revenue": 61219
        },
        "2009-04": {
            "month": "2009-04",
            "price": "39.38",
            "revenue": 60619
        },
        "2009-05": {
            "month": "2009-05",
            "price": "52.20",
            "revenue": 99912
        },
        "2009-06": {
            "month": "2009-06",
            "price": "45.75",
            "revenue": 199809
        },
        "2009-07": {
            "month": "2009-07",
            "price": "46.40",
            "revenue": 221529
        },
        "2009-08": {
            "month": "2009-08",
            "price": "47.22",
            "revenue": 245708
        },
        "2009-09": {
            "month": "2009-09",
            "price": "44.38",
            "revenue": 249838
        },
        "2009-10": {
            "month": "2009-10",
            "price": "47.37",
            "revenue": 287265
        },
        "2009-11": {
            "month": "2009-11",
            "price": "45.36",
            "revenue": 348416
        },
        "2009-12": {
            "month": "2009-12",
            "price": "49.00",
            "revenue": 406008
        },
        "2010-01": {
            "month": "2010-01",
            "price": "62.23",
            "revenue": 285130
        },
        "2010-02": {
            "month": "2010-02",
            "price": "59.54",
            "revenue": 305453
        },
        "2010-03": {
            "month": "2010-03",
            "price": "61.95",
            "revenue": 377970
        },
        "2010-04": {
            "month": "2010-04",
            "price": "66.88",
            "revenue": 388897
        },
        "2010-05": {
            "month": "2010-05",
            "price": "69.63",
            "revenue": 331390
        },
        "2010-06": {
            "month": "2010-06",
            "price": "69.22",
            "revenue": 335497
        },
        "2010-07": {
            "month": "2010-07",
            "price": "69.70",
            "revenue": 326572
        },
        "2010-08": {
            "month": "2010-08",
            "price": "61.66",
            "revenue": 342607
        },
        "2010-09": {
            "month": "2010-09",
            "price": "55.15",
            "revenue": 347255
        },
        "2010-10": {
            "month": "2010-10",
            "price": "52.96",
            "revenue": 302439
        },
        "2010-11": {
            "month": "2010-11",
            "price": "50.41",
            "revenue": 315507
        },
        "2010-12": {
            "month": "2010-12",
            "price": "46.17",
            "revenue": 303536
        },
        "2011-01": {
            "month": "2011-01",
            "price": "46.41",
            "revenue": 314210
        },
        "2011-02": {
            "month": "2011-02",
            "price": "50.54",
            "revenue": 308643
        },
        "2011-03": {
            "month": "2011-03",
            "price": "52.49",
            "revenue": 357637
        },
        "2011-04": {
            "month": "2011-04",
            "price": "48.34",
            "revenue": 340825
        },
        "2011-05": {
            "month": "2011-05",
            "price": "42.78",
            "revenue": 339218
        },
        "2011-06": {
            "month": "2011-06",
            "price": "40.19",
            "revenue": 312835
        },
        "2011-07": {
            "month": "2011-07",
            "price": "36.05",
            "revenue": 328148
        },
        "2011-08": {
            "month": "2011-08",
            "price": "28.16",
            "revenue": 381731
        },
        "2011-09": {
            "month": "2011-09",
            "price": "27.29",
            "revenue": 344153
        },
        "2011-10": {
            "month": "2011-10",
            "price": "24.12",
            "revenue": 227332
        },
        "2011-11": {
            "month": "2011-11",
            "price": "20.66",
            "revenue": 318008
        },
        "2011-12": {
            "month": "2011-12",
            "price": "19.10",
            "revenue": 293846
        },
        "2012-01": {
            "month": "2012-01",
            "price": "18.88",
            "revenue": 198087
        },
        "2012-02": {
            "month": "2012-02",
            "price": "24.50",
            "revenue": 161712
        },
        "2012-03": {
            "month": "2012-03",
            "price": "27.56",
            "revenue": 213675
        },
        "2012-04": {
            "month": "2012-04",
            "price": "24.28",
            "revenue": 219930
        },
        "2012-05": {
            "month": "2012-05",
            "price": "22.88",
            "revenue": 224131
        },
        "2012-06": {
            "month": "2012-06",
            "price": "19.75",
            "revenue": 308055
        },
        "2012-07": {
            "month": "2012-07",
            "price": "20.17",
            "revenue": 354714
        },
        "2012-08": {
            "month": "2012-08",
            "price": "21.23",
            "revenue": 345942
        },
        "2012-09": {
            "month": "2012-09",
            "price": "22.40",
            "revenue": 322623
        },
        "2012-10": {
            "month": "2012-10",
            "price": "20.10",
            "revenue": 279537
        },
        "2012-11": {
            "month": "2012-11",
            "price": "19.27",
            "revenue": 241528
        },
        "2012-12": {
            "month": "2012-12",
            "price": "18.92",
            "revenue": 269451
        },
        "2013-01": {
            "month": "2013-01",
            "price": "18.77",
            "revenue": 277142
        },
        "2013-02": {
            "month": "2013-02",
            "price": "20.53",
            "revenue": 214707
        },
        "2013-03": {
            "month": "2013-03",
            "price": "23.06",
            "revenue": 304195
        },
        "2013-04": {
            "month": "2013-04",
            "price": "32.44",
            "revenue": 313486
        },
        "2013-05": {
            "month": "2013-05",
            "price": "34.80",
            "revenue": 317056
        },
        "2013-06": {
            "month": "2013-06",
            "price": "32.61",
            "revenue": 296059
        },
        "2013-07": {
            "month": "2013-07",
            "price": "32.37",
            "revenue": 343188
        },
        "2013-08": {
            "month": "2013-08",
            "price": "34.91",
            "revenue": 388778
        },
        "2013-09": {
            "month": "2013-09",
            "price": "35.44",
            "revenue": 460007
        },
        "2013-10": {
            "month": "2013-10",
            "price": "33.95",
            "revenue": 475812
        },
        "2013-11": {
            "month": "2013-11",
            "price": "31.02",
            "revenue": 464261
        },
        "2013-12": {
            "month": "2013-12",
            "price": "32.82",
            "revenue": 402069
        },
        "2014-01": {
            "month": "2014-01",
            "price": "31.25",
            "revenue": 293286
        },
        "2014-02": {
            "month": "2014-02",
            "price": "38.71",
            "revenue": 298988
        },
        "2014-03": {
            "month": "2014-03",
            "price": "44.66",
            "revenue": 331133
        },
        "2014-04": {
            "month": "2014-04",
            "price": "46.73",
            "revenue": 416570
        },
        "2014-05": {
            "month": "2014-05",
            "price": "52.34",
            "revenue": 437618
        },
        "2014-06": {
            "month": "2014-06",
            "price": "67.11",
            "revenue": 471537
        },
        "2014-07": {
            "month": "2014-07",
            "price": "69.62",
            "revenue": 460511
        },
        "2014-08": {
            "month": "2014-08",
            "price": "60.59",
            "revenue": 386359
        },
        "2014-09": {
            "month": "2014-09",
            "price": "57.43",
            "revenue": 400454
        },
        "2014-10": {
            "month": "2014-10",
            "price": "51.66",
            "revenue": 435661
        },
        "2014-11": {
            "month": "2014-11",
            "price": "46.71",
            "revenue": 434219
        },
        "2014-12": {
            "month": "2014-12",
            "price": "43.80",
            "revenue": 567742
        },
        "2015-01": {
            "month": "2015-01",
            "price": "47.69",
            "revenue": 466177
        },
        "2015-02": {
            "month": "2015-02",
            "price": "49.73",
            "revenue": 478319
        },
        "2015-03": {
            "month": "2015-03",
            "price": "56.60",
            "revenue": 438536
        },
        "2015-04": {
            "month": "2015-04",
            "price": "61.58",
            "revenue": 474528
        },
        "2015-05": {
            "month": "2015-05",
            "price": "56.63",
            "revenue": 410217
        },
        "2015-06": {
            "month": "2015-06",
            "price": "47.38",
            "revenue": 456538
        },
        "2015-07": {
            "month": "2015-07",
            "price": "38.95",
            "revenue": 370133
        },
        "2015-08": {
            "month": "2015-08",
            "price": "32.22",
            "revenue": 370388
        },
        "2015-09": {
            "month": "2015-09",
            "price": "34.42",
            "revenue": 387218
        },
        "2015-10": {
            "month": "2015-10",
            "price": "39.78",
            "revenue": 358576
        },
        "2015-11": {
            "month": "2015-11",
            "price": "39.37",
            "revenue": 355209
        },
        "2015-12": {
            "month": "2015-12",
            "price": "34.46",
            "revenue": 312249
        },
        "2016-01": {
            "month": "2016-01",
            "price": "28.04",
            "revenue": 273488
        },
        "2016-02": {
            "month": "2016-02",
            "price": "30.03",
            "revenue": 355818
        },
        "2016-03": {
            "month": "2016-03",
            "price": "30.65",
            "revenue": 424855
        },
        "2016-04": {
            "month": "2016-04",
            "price": "27.60",
            "revenue": 301276
        },
        "2016-05": {
            "month": "2016-05",
            "price": "22.64",
            "revenue": 334113
        },
        "2016-06": {
            "month": "2016-06",
            "price": "21.80",
            "revenue": 379964
        },
        "2016-07": {
            "month": "2016-07",
            "price": "22.50",
            "revenue": 384604
        },
        "2016-08": {
            "month": "2016-08",
            "price": "25.21",
            "revenue": 381294
        },
        "2016-09": {
            "month": "2016-09",
            "price": "29.56",
            "revenue": 278531
        },
        "2016-10": {
            "month": "2016-10",
            "price": "33.25",
            "revenue": 295003
        },
        "2016-11": {
            "month": "2016-11",
            "price": "29.25",
            "revenue": 247654
        },
        "2016-12": {
            "month": "2016-12",
            "price": "30.91",
            "revenue": 264101
        },
        "2017-01": {
            "month": "2017-01",
            "price": "35.67",
            "revenue": 218896
        },
        "2017-02": {
            "month": "2017-02",
            "price": "42.43",
            "revenue": 253043
        },
        "2017-03": {
            "month": "2017-03",
            "price": "52.80",
            "revenue": 278487
        },
        "2017-04": {
            "month": "2017-04",
            "price": "44.20",
            "revenue": 206992
        },
        "2017-05": {
            "month": "2017-05",
            "price": "45.54",
            "revenue": 246177
        },
        "2017-06": {
            "month": "2017-06",
            "price": "50.75",
            "revenue": 262669
        },
        "2017-07": {
            "month": "2017-07",
            "price": "51.78",
            "revenue": 290051
        },
        "2017-08": {
            "month": "2017-08",
            "price": "57.21",
            "revenue": 294547
        },
        "2017-09": {
            "month": "2017-09",
            "price": "55.46",
            "revenue": 408516
        },
        "2017-10": {
            "month": "2017-10",
            "price": "57.21",
            "revenue": 502300
        },
        "2017-11": {
            "month": "2017-11",
            "price": "78.56",
            "revenue": 543398
        },
        "2017-12": {
            "month": "2017-12",
            "price": "86.54",
            "revenue": 573408
        },
        "2018-01": {
            "month": "2018-01",
            "price": "77.43",
            "revenue": 473687
        },
        "2018-02": {
            "month": "2018-02",
            "price": "62.94",
            "revenue": 279862
        },
        "2018-03": {
            "month": "2018-03",
            "price": "64.83",
            "revenue": 293528
        },
        "2018-04": {
            "month": "2018-04",
            "price": "60.62",
            "revenue": 213935
        },
        "2018-05": {
            "month": "2018-05",
            "price": "66.95",
            "revenue": 224716
        },
        "2018-06": {
            "month": "2018-06",
            "price": "66.96",
            "revenue": 240557
        },
        "2018-07": {
            "month": "2018-07",
            "price": "59.61",
            "revenue": 414819
        },
        "2018-08": {
            "month": "2018-08",
            "price": "53.72",
            "revenue": 564717
        },
        "2018-09": {
            "month": "2018-09",
            "price": "46.72",
            "revenue": 580263
        },
        "2018-10": {
            "month": "2018-10",
            "price": "36.34",
            "revenue": 614736
        },
        "2018-11": {
            "month": "2018-11",
            "price": "35.14",
            "revenue": 475711
        },
        "2018-12": {
            "month": "2018-12",
            "price": "36.03",
            "revenue": 337915
        },
        "2019-01": {
            "month": "2019-01",
            "price": "34.39",
            "revenue": 218260
        },
        "2019-02": {
            "month": "2019-02",
            "price": "40.96",
            "revenue": 140592
        },
        "2019-03": {
            "month": "2019-03",
            "price": "39.44",
            "revenue": 203230
        },
        "2019-04": {
            "month": "2019-04",
            "price": "41.81",
            "revenue": 256347
        },
        "2019-05": {
            "month": "2019-05",
            "price": "34.87",
            "revenue": 350125
        },
        "2019-06": {
            "month": "2019-06",
            "price": "33.56",
            "revenue": 418079
        },
        "2019-07": {
            "month": "2019-07",
            "price": "44.17",
            "revenue": 530257
        },
        "2019-08": {
            "month": "2019-08",
            "price": "47.10",
            "revenue": 600303
        },
        "2019-09": {
            "month": "2019-09",
            "price": "48.96",
            "revenue": 539746
        },
        "2019-10": {
            "month": "2019-10",
            "price": "52.11",
            "revenue": 518865
        },
        "2019-11": {
            "month": "2019-11",
            "price": "65.87",
            "revenue": 481342
        },
        "2019-12": {
            "month": "2019-12",
            "price": "76.13",
            "revenue": 396034
        },
        "2020-01": {
            "month": "2020-01",
            "price": "81.74",
            "revenue": 473081
        },
        "2020-02": {
            "month": "2020-02",
            "price": "87.59",
            "revenue": 489029
        },
        "2020-03": {
            "month": "2020-03",
            "price": "67.91",
            "revenue": 465986
        },
        "2020-04": {
            "month": "2020-04",
            "price": "75.27",
            "revenue": 477056
        },
        "2020-05": {
            "month": "2020-05",
            "price": "83.28",
            "revenue": 416043
        },
        "2020-06": {
            "month": "2020-06",
            "price": "88.91",
            "revenue": 423644
        },
        "2020-07": {
            "month": "2020-07",
            "price": "126.48",
            "revenue": 611391
        },
        "2020-08": {
            "month": "2020-08",
            "price": "121.19",
            "revenue": 740985
        },
        "2020-09": {
            "month": "2020-09",
            "price": "123.36",
            "revenue": 780384
        },
        "2020-10": {
            "month": "2020-10",
            "price": "120.42",
            "revenue": 796645
        },
        "2020-11": {
            "month": "2020-11",
            "price": "167.40",
            "revenue": 768859
        },
        "2020-12": {
            "month": "2020-12",
            "price": "178.78",
            "revenue": 834486
        },
        "2021-01": {
            "month": "2021-01",
            "price": "197.88",
            "revenue": 830469
        },
        "2021-02": {
            "month": "2021-02",
            "price": "179.88",
            "revenue": 654623
        },
        "2021-03": {
            "month": "2021-03",
            "price": "171.86",
            "revenue": 626627
        },
        "2021-04": {
            "month": "2021-04",
            "price": "164.84",
            "revenue": 444890
        },
        "2021-05": {
            "month": "2021-05",
            "price": "139.05",
            "revenue": 478636
        },
        "2021-06": {
            "month": "2021-06",
            "price": "165.71",
            "revenue": 595729
        },
        "2021-07": {
            "month": "2021-07",
            "price": "173.64",
            "revenue": 694274
        },
        "2021-08": {
            "month": "2021-08",
            "price": "150.32",
            "revenue": 733468
        },
        "2021-09": {
            "month": "2021-09",
            "price": "137.82",
            "revenue": 766343
        },
        "2021-10": {
            "month": "2021-10",
            "price": "128.78",
            "revenue": 646178
        },
        "2021-11": {
            "month": "2021-11",
            "price": "140.00",
            "revenue": 599758
        },
        "2021-12": {
            "month": "2021-12",
            "price": "139.98",
            "revenue": 596348
        },
        "2022-01": {
            "month": "2022-01",
            "price": "136.17",
            "revenue": 508022
        },
        "2022-02": {
            "month": "2022-02",
            "price": "126.17",
            "revenue": 498275
        },
        "2022-03": {
            "month": "2022-03",
            "price": "120.87",
            "revenue": 664964
        },
        "2022-04": {
            "month": "2022-04",
            "price": "128.53",
            "revenue": 686634
        },
        "2022-05": {
            "month": "2022-05",
            "price": "138.81",
            "revenue": 715312
        },
        "2022-06": {
            "month": "2022-06",
            "price": "136.45",
            "revenue": 734308
        },
        "2022-07": {
            "month": "2022-07",
            "price": "120.17",
            "revenue": 727229
        },
        "2022-08": {
            "month": "2022-08",
            "price": "126.46",
            "revenue": 715502
        },
        "2022-09": {
            "month": "2022-09",
            "price": "116.98",
            "revenue": 682179
        },
        "2022-10": {
            "month": "2022-10",
            "price": "91.12",
            "revenue": 652405
        },
        "2022-11": {
            "month": "2022-11",
            "price": "100.85",
            "revenue": 653552
        },
        "2022-12": {
            "month": "2022-12",
            "price": "102.46",
            "revenue": 493415
        },
        "2023-01": {
            "month": "2023-01",
            "price": "102.35",
            "revenue": 448785
        },
        "2023-02": {
            "month": "2023-02",
            "price": "105.89",
            "revenue": 411910
        },
        "2023-03": {
            "month": "2023-03",
            "price": "107.63",
            "revenue": 454161
        },
        "2023-04": {
            "month": "2023-04",
            "price": "104.66",
            "revenue": 409811
        },
        "2023-05": {
            "month": "2023-05",
            "price": "100.41",
            "revenue": 442163
        }
    }
}
