{
    "summary": {
        "stock_name": "新日興",
        "stock_id": "3376",
        "category": "電子零組件",
        "main_business": "NB、液晶顯示幕、手機、3C電子等樞紐之研發、製造及銷售<br>精密金屬沖壓件<br>精密彈簧製品",
        "website_url": "https://www.szs-group.com/",
        "ceo": "阮朝宗",
        "pe_ratio": 47,
        "report_year_from": 2003,
        "report_year_to": 2023,
        "age": 21,
        "eps_negative_percentage": 0,
        "eps_growth_avg": {
            "last_all": 1.88,
            "last_2y": -17.21,
            "last_4y": -3.72,
            "last_8y": 2.28,
            "last_12y": 6.23,
            "last_16y": 1.01,
            "last_20y": null,
            "at_2006_last_3y": null,
            "at_2007_last_3y": null,
            "at_2008_last_3y": null,
            "at_2009_last_3y": 2,
            "at_2010_last_3y": -15.95,
            "at_2011_last_3y": -28.31,
            "at_2012_last_3y": 0.41,
            "at_2013_last_3y": -5.53,
            "at_2014_last_3y": 15.11,
            "at_2015_last_3y": 38.51,
            "at_2016_last_3y": 5.5,
            "at_2017_last_3y": 0.96,
            "at_2018_last_3y": 9.78,
            "at_2019_last_3y": 1.48,
            "at_2020_last_3y": 15.65,
            "at_2021_last_3y": 15.82,
            "at_2022_last_3y": 10.78,
            "at_2023_last_3y": -6.75,
            "at_2024_last_3y": -6.75,
            "at_2006_last_all": null,
            "at_2007_last_all": 7.04,
            "at_2008_last_all": -0.27,
            "at_2009_last_all": 2,
            "at_2010_last_all": -9.44,
            "at_2011_last_all": -16.53,
            "at_2012_last_all": 0.12,
            "at_2013_last_all": -1.77,
            "at_2014_last_all": 1.47,
            "at_2015_last_all": 5.49,
            "at_2016_last_all": 2.07,
            "at_2017_last_all": -0.86,
            "at_2018_last_all": 4.03,
            "at_2019_last_all": 4.34,
            "at_2020_last_all": 5.69,
            "at_2021_last_all": 3.31,
            "at_2022_last_all": 5.62,
            "at_2023_last_all": 1.88,
            "at_2024_last_all": 1.88
        },
        "latest_eps": 4.18,
        "latest_price": 198,
        "latest_roe": 5.02,
        "latest_gross_margin": 19.01,
        "latest_equity": 15443470,
        "latest_revenue": 2851665,
        "latest_gross_profit": 542085,
        "latest_net_income": 300483,
        "latest_debt_ratio": 28.88,
        "latest_current_ratio": 222.73,
        "latest_account_receivable_turnover_ratio": 0.77,
        "latest_inventory_turnover_ratio": 1.52,
        "latest_reinvestment_rate": -8.15,
        "latest_research_to_sale_ratio": 3.33
    },
    "eps_dividends": {
        "2001": {
            "cash": 0,
            "stock": 0,
            "eps": 0
        },
        "2002": {
            "cash": 0,
            "stock": 0,
            "eps": 0
        },
        "2003": {
            "cash": 0,
            "stock": 0,
            "eps": 0
        },
        "2004": {
            "cash": 0,
            "stock": 2,
            "eps": 0
        },
        "2005": {
            "cash": 0.5,
            "stock": 1.5,
            "eps": 10.11
        },
        "2006": {
            "cash": 1.5,
            "stock": 3,
            "eps": 11.79
        },
        "2007": {
            "cash": 2.5,
            "stock": 2.5,
            "eps": 11.49
        },
        "2008": {
            "cash": 4.47,
            "stock": 0.99,
            "eps": 9.78
        },
        "2009": {
            "cash": 3.77,
            "stock": 0.94,
            "eps": 10.64
        },
        "2010": {
            "cash": 5.5,
            "stock": 0.5,
            "eps": 4.77
        },
        "2011": {
            "cash": 4.5,
            "stock": 0,
            "eps": 2.29
        },
        "2012": {
            "cash": 0,
            "stock": 0,
            "eps": 5.88
        },
        "2013": {
            "cash": 4.5,
            "stock": 0,
            "eps": 5
        },
        "2014": {
            "cash": 3,
            "stock": 0,
            "eps": 6.37
        },
        "2015": {
            "cash": 4,
            "stock": 0,
            "eps": 9.02
        },
        "2016": {
            "cash": 4,
            "stock": 0,
            "eps": 6.13
        },
        "2017": {
            "cash": 3,
            "stock": 0,
            "eps": 4.1
        },
        "2018": {
            "cash": 2.5,
            "stock": 0,
            "eps": 6.67
        },
        "2019": {
            "cash": 4,
            "stock": 0,
            "eps": 7.23
        },
        "2020": {
            "cash": 4,
            "stock": 0,
            "eps": 9.01
        },
        "2021": {
            "cash": 7,
            "stock": 0,
            "eps": 6.09
        },
        "2022": {
            "cash": 5,
            "stock": 0,
            "eps": 8.68
        },
        "2023": {
            "cash": 6,
            "stock": 0,
            "eps": 3.32
        }
    },
    "dividends": {
        "2004-03-30": {
            "cash": 0,
            "stock": 2
        },
        "2005-02-04": {
            "cash": 0.5,
            "stock": 1.5
        },
        "2006-02-27": {
            "cash": 1.5,
            "stock": 3
        },
        "2007-02-27": {
            "cash": 2.5,
            "stock": 2.5
        },
        "2008-03-24": {
            "cash": 4.47,
            "stock": 0.99
        },
        "2009-03-23": {
            "cash": 3.77,
            "stock": 0.94
        },
        "2010-06-17": {
            "cash": 5.5,
            "stock": 0.5
        },
        "2011-01-01": {
            "cash": 1.5,
            "stock": 0
        },
        "2011-06-15": {
            "cash": 3,
            "stock": 0
        },
        "2013-03-25": {
            "cash": 4.5,
            "stock": 0
        },
        "2014-08-26": {
            "cash": 3,
            "stock": 0
        },
        "2015-08-28": {
            "cash": 4,
            "stock": 0
        },
        "2016-08-29": {
            "cash": 4,
            "stock": 0
        },
        "2017-09-12": {
            "cash": 3,
            "stock": 0
        },
        "2018-09-12": {
            "cash": 2.5,
            "stock": 0
        },
        "2019-09-12": {
            "cash": 4,
            "stock": 0
        },
        "2020-08-12": {
            "cash": 4,
            "stock": 0
        },
        "2021-08-13": {
            "cash": 7,
            "stock": 0
        },
        "2022-08-15": {
            "cash": 5,
            "stock": 0
        },
        "2023-08-31": {
            "cash": 6,
            "stock": 0
        }
    },
    "prices": {
        "200101": "無",
        "200102": "無",
        "200103": "無",
        "200104": "無",
        "200105": "無",
        "200106": "無",
        "200107": "無",
        "200108": "無",
        "200109": "無",
        "200110": "無",
        "200111": "無",
        "200112": "無",
        "200201": "無",
        "200202": "無",
        "200203": "無",
        "200204": "無",
        "200205": "無",
        "200206": "無",
        "200207": "無",
        "200208": "無",
        "200209": "無",
        "200210": "無",
        "200211": "無",
        "200212": "無",
        "200301": "無",
        "200302": "無",
        "200303": "無",
        "200304": "無",
        "200305": "無",
        "200306": "無",
        "200307": "無",
        "200308": "無",
        "200309": "無",
        "200310": "無",
        "200311": "無",
        "200312": "無",
        "200401": "無",
        "200402": "無",
        "200403": "無",
        "200404": "無",
        "200405": "無",
        "200406": "無",
        "200407": "無",
        "200408": "36.65",
        "200409": "36.79",
        "200410": "35.90",
        "200411": "35.05",
        "200412": "34.38",
        "200501": "36.08",
        "200502": "37.71",
        "200503": "42.48",
        "200504": "42.60",
        "200505": "40.51",
        "200506": "51.00",
        "200507": "71.11",
        "200508": "100.69",
        "200509": "107.06",
        "200510": "117.17",
        "200511": "116.28",
        "200512": "156.50",
        "200601": "165.08",
        "200602": "208.88",
        "200603": "236.98",
        "200604": "226.87",
        "200605": "201.48",
        "200606": "166.82",
        "200607": "153.33",
        "200608": "157.96",
        "200609": "186.60",
        "200610": "202.40",
        "200611": "216.27",
        "200612": "221.24",
        "200701": "215.43",
        "200702": "197.75",
        "200703": "203.61",
        "200704": "214.75",
        "200705": "218.27",
        "200706": "227.68",
        "200707": "247.70",
        "200708": "218.63",
        "200709": "231.56",
        "200710": "231.43",
        "200711": "214.66",
        "200712": "199.00",
        "200801": "159.16",
        "200802": "147.00",
        "200803": "147.17",
        "200804": "166.88",
        "200805": "188.17",
        "200806": "175.64",
        "200807": "149.45",
        "200808": "152.17",
        "200809": "138.76",
        "200810": "117.93",
        "200811": "90.63",
        "200812": "80.93",
        "200901": "81.96",
        "200902": "77.45",
        "200903": "102.43",
        "200904": "124.39",
        "200905": "156.31",
        "200906": "152.61",
        "200907": "182.54",
        "200908": "177.88",
        "200909": "181.36",
        "200910": "162.02",
        "200911": "152.69",
        "200912": "151.09",
        "201001": "149.92",
        "201002": "120.29",
        "201003": "129.67",
        "201004": "130.57",
        "201005": "112.19",
        "201006": "103.20",
        "201007": "103.08",
        "201008": "93.04",
        "201009": "81.50",
        "201010": "81.61",
        "201011": "70.90",
        "201012": "79.35",
        "201101": "78.50",
        "201102": "74.17",
        "201103": "73.45",
        "201104": "72.33",
        "201105": "62.51",
        "201106": "59.80",
        "201107": "71.48",
        "201108": "64.84",
        "201109": "54.59",
        "201110": "60.78",
        "201111": "54.90",
        "201112": "56.10",
        "201201": "59.07",
        "201202": "74.50",
        "201203": "82.87",
        "201204": "75.94",
        "201205": "80.25",
        "201206": "82.40",
        "201207": "84.92",
        "201208": "104.14",
        "201209": "109.02",
        "201210": "102.31",
        "201211": "95.91",
        "201212": "92.68",
        "201301": "89.11",
        "201302": "92.69",
        "201303": "91.39",
        "201304": "78.86",
        "201305": "77.92",
        "201306": "75.94",
        "201307": "71.06",
        "201308": "61.25",
        "201309": "65.40",
        "201310": "63.02",
        "201311": "62.88",
        "201312": "68.90",
        "201401": "76.57",
        "201402": "76.66",
        "201403": "73.62",
        "201404": "75.19",
        "201405": "80.54",
        "201406": "89.56",
        "201407": "82.69",
        "201408": "78.68",
        "201409": "78.15",
        "201410": "69.14",
        "201411": "66.67",
        "201412": "71.08",
        "201501": "70.36",
        "201502": "73.58",
        "201503": "81.74",
        "201504": "82.59",
        "201505": "95.15",
        "201506": "99.30",
        "201507": "87.89",
        "201508": "78.35",
        "201509": "89.88",
        "201510": "98.10",
        "201511": "109.14",
        "201512": "120.43",
        "201601": "118.29",
        "201602": "109.62",
        "201603": "110.02",
        "201604": "103.35",
        "201605": "99.52",
        "201606": "109.17",
        "201607": "107.02",
        "201608": "111.02",
        "201609": "104.50",
        "201610": "105.58",
        "201611": "87.09",
        "201612": "84.17",
        "201701": "84.36",
        "201702": "88.28",
        "201703": "88.19",
        "201704": "83.85",
        "201705": "86.51",
        "201706": "98.97",
        "201707": "95.80",
        "201708": "87.17",
        "201709": "83.70",
        "201710": "84.23",
        "201711": "81.51",
        "201712": "74.38",
        "201801": "80.68",
        "201802": "85.80",
        "201803": "88.23",
        "201804": "82.96",
        "201805": "82.39",
        "201806": "87.92",
        "201807": "91.90",
        "201808": "90.01",
        "201809": "85.73",
        "201810": "81.54",
        "201811": "79.85",
        "201812": "85.33",
        "201901": "86.50",
        "201902": "101.40",
        "201903": "107.55",
        "201904": "114.80",
        "201905": "114.00",
        "201906": "111.84",
        "201907": "119.39",
        "201908": "120.24",
        "201909": "123.53",
        "201910": "120.60",
        "201911": "125.10",
        "201912": "124.45",
        "202001": "139.87",
        "202002": "147.45",
        "202003": "118.21",
        "202004": "126.75",
        "202005": "130.62",
        "202006": "144.22",
        "202007": "158.41",
        "202008": "150.81",
        "202009": "141.07",
        "202010": "143.95",
        "202011": "146.24",
        "202012": "139.04",
        "202101": "129.92",
        "202102": "127.04",
        "202103": "129.02",
        "202104": "124.18",
        "202105": "107.76",
        "202106": "112.55",
        "202107": "120.98",
        "202108": "104.21",
        "202109": "103.82",
        "202110": "100.32",
        "202111": "98.08",
        "202112": "93.75",
        "202201": "95.23",
        "202202": "94.27",
        "202203": "84.74",
        "202204": "82.78",
        "202205": "84.24",
        "202206": "85.69",
        "202207": "78.09",
        "202208": "84.74",
        "202209": "90.68",
        "202210": "81.44",
        "202211": "81.93",
        "202212": "82.57",
        "202301": "82.19",
        "202302": "86.96",
        "202303": "87.02",
        "202304": "88.22",
        "202305": "90.47",
        "202306": "91.52",
        "202307": "89.00",
        "202308": "81.96",
        "202309": "82.80",
        "202310": "87.63",
        "202311": "115.22",
        "202312": "122.45"
    },
    "quarters": {
        "20011": {
            "year_quarter": 20011,
            "year": 2001,
            "quarter": 1,
            "eps": null,
            "eps_growth_year": null,
            "eps_4q": null,
            "eps_4q_growth_year": null,
            "roe": null,
            "roe_4q": 0,
            "gross_profit": null,
            "gross_margin": null,
            "gross_margin_4q_avg": 0,
            "net_income": null,
            "net_income_4q": null,
            "revenue": null,
            "revenue_4q": null,
            "common_shares": null,
            "book_valuer_per_share": null,
            "book_valuer_per_share_4q_avg": 0,
            "equity": null,
            "current_ratio": null,
            "debt_ratio": null,
            "inventory_turnover_ratio": null,
            "account_receivable_turnover_ratio": null,
            "reinvestment_rate": null,
            "research_to_sale_ratio": null,
            "price_fair": 0,
            "eps_avg_yearly": 0,
            "eps_latest_yearly": 0,
            "eps_growth_yearly": 0
        },
        "20012": {
            "year_quarter": 20012,
            "year": 2001,
            "quarter": 2,
            "eps": null,
            "eps_growth_year": null,
            "eps_4q": null,
            "eps_4q_growth_year": null,
            "roe": null,
            "roe_4q": 0,
            "gross_profit": null,
            "gross_margin": null,
            "gross_margin_4q_avg": 0,
            "net_income": null,
            "net_income_4q": null,
            "revenue": null,
            "revenue_4q": null,
            "common_shares": null,
            "book_valuer_per_share": null,
            "book_valuer_per_share_4q_avg": 0,
            "equity": null,
            "current_ratio": null,
            "debt_ratio": null,
            "inventory_turnover_ratio": null,
            "account_receivable_turnover_ratio": null,
            "reinvestment_rate": null,
            "research_to_sale_ratio": null,
            "price_fair": 0,
            "eps_avg_yearly": 0,
            "eps_latest_yearly": 0,
            "eps_growth_yearly": 0
        },
        "20013": {
            "year_quarter": 20013,
            "year": 2001,
            "quarter": 3,
            "eps": null,
            "eps_growth_year": null,
            "eps_4q": null,
            "eps_4q_growth_year": null,
            "roe": null,
            "roe_4q": 0,
            "gross_profit": null,
            "gross_margin": null,
            "gross_margin_4q_avg": 0,
            "net_income": null,
            "net_income_4q": null,
            "revenue": null,
            "revenue_4q": null,
            "common_shares": null,
            "book_valuer_per_share": null,
            "book_valuer_per_share_4q_avg": 0,
            "equity": null,
            "current_ratio": null,
            "debt_ratio": null,
            "inventory_turnover_ratio": null,
            "account_receivable_turnover_ratio": null,
            "reinvestment_rate": null,
            "research_to_sale_ratio": null,
            "price_fair": 0,
            "eps_avg_yearly": 0,
            "eps_latest_yearly": 0,
            "eps_growth_yearly": 0
        },
        "20014": {
            "year_quarter": 20014,
            "year": 2001,
            "quarter": 4,
            "eps": null,
            "eps_growth_year": null,
            "eps_4q": null,
            "eps_4q_growth_year": null,
            "roe": null,
            "roe_4q": 0,
            "gross_profit": null,
            "gross_margin": null,
            "gross_margin_4q_avg": 0,
            "net_income": null,
            "net_income_4q": null,
            "revenue": null,
            "revenue_4q": null,
            "common_shares": 250560,
            "book_valuer_per_share": 15.43,
            "book_valuer_per_share_4q_avg": 3.86,
            "equity": 386545,
            "current_ratio": 191.93,
            "debt_ratio": 35.87,
            "inventory_turnover_ratio": null,
            "account_receivable_turnover_ratio": null,
            "reinvestment_rate": null,
            "research_to_sale_ratio": null,
            "price_fair": 0,
            "eps_avg_yearly": 0,
            "eps_latest_yearly": 0,
            "eps_growth_yearly": 0
        },
        "20021": {
            "year_quarter": 20021,
            "year": 2002,
            "quarter": 1,
            "eps": null,
            "eps_growth_year": null,
            "eps_4q": null,
            "eps_4q_growth_year": null,
            "roe": null,
            "roe_4q": 0,
            "gross_profit": null,
            "gross_margin": null,
            "gross_margin_4q_avg": 0,
            "net_income": null,
            "net_income_4q": null,
            "revenue": null,
            "revenue_4q": null,
            "common_shares": null,
            "book_valuer_per_share": null,
            "book_valuer_per_share_4q_avg": 3.86,
            "equity": null,
            "current_ratio": null,
            "debt_ratio": null,
            "inventory_turnover_ratio": null,
            "account_receivable_turnover_ratio": null,
            "reinvestment_rate": null,
            "research_to_sale_ratio": null,
            "price_fair": 0,
            "eps_avg_yearly": 0,
            "eps_latest_yearly": 0,
            "eps_growth_yearly": 0
        },
        "20022": {
            "year_quarter": 20022,
            "year": 2002,
            "quarter": 2,
            "eps": null,
            "eps_growth_year": null,
            "eps_4q": null,
            "eps_4q_growth_year": null,
            "roe": null,
            "roe_4q": 0,
            "gross_profit": null,
            "gross_margin": null,
            "gross_margin_4q_avg": 0,
            "net_income": null,
            "net_income_4q": null,
            "revenue": null,
            "revenue_4q": null,
            "common_shares": null,
            "book_valuer_per_share": null,
            "book_valuer_per_share_4q_avg": 3.86,
            "equity": null,
            "current_ratio": null,
            "debt_ratio": null,
            "inventory_turnover_ratio": null,
            "account_receivable_turnover_ratio": null,
            "reinvestment_rate": null,
            "research_to_sale_ratio": null,
            "price_fair": 0,
            "eps_avg_yearly": 0,
            "eps_latest_yearly": 0,
            "eps_growth_yearly": 0
        },
        "20023": {
            "year_quarter": 20023,
            "year": 2002,
            "quarter": 3,
            "eps": null,
            "eps_growth_year": null,
            "eps_4q": null,
            "eps_4q_growth_year": null,
            "roe": null,
            "roe_4q": 0,
            "gross_profit": null,
            "gross_margin": null,
            "gross_margin_4q_avg": 0,
            "net_income": null,
            "net_income_4q": null,
            "revenue": null,
            "revenue_4q": null,
            "common_shares": null,
            "book_valuer_per_share": null,
            "book_valuer_per_share_4q_avg": 3.86,
            "equity": null,
            "current_ratio": null,
            "debt_ratio": null,
            "inventory_turnover_ratio": null,
            "account_receivable_turnover_ratio": null,
            "reinvestment_rate": null,
            "research_to_sale_ratio": null,
            "price_fair": 0,
            "eps_avg_yearly": 0,
            "eps_latest_yearly": 0,
            "eps_growth_yearly": 0
        },
        "20024": {
            "year_quarter": 20024,
            "year": 2002,
            "quarter": 4,
            "eps": null,
            "eps_growth_year": null,
            "eps_4q": null,
            "eps_4q_growth_year": null,
            "roe": null,
            "roe_4q": 0,
            "gross_profit": null,
            "gross_margin": null,
            "gross_margin_4q_avg": 0,
            "net_income": null,
            "net_income_4q": null,
            "revenue": null,
            "revenue_4q": null,
            "common_shares": 275616,
            "book_valuer_per_share": 16.28,
            "book_valuer_per_share_4q_avg": 4.07,
            "equity": 448696,
            "current_ratio": 220.68,
            "debt_ratio": 34.66,
            "inventory_turnover_ratio": null,
            "account_receivable_turnover_ratio": null,
            "reinvestment_rate": null,
            "research_to_sale_ratio": null,
            "price_fair": 0,
            "eps_avg_yearly": 0,
            "eps_latest_yearly": 0,
            "eps_growth_yearly": 0
        },
        "20031": {
            "year_quarter": 20031,
            "year": 2003,
            "quarter": 1,
            "eps": null,
            "eps_growth_year": null,
            "eps_4q": null,
            "eps_4q_growth_year": null,
            "roe": null,
            "roe_4q": 0,
            "gross_profit": null,
            "gross_margin": null,
            "gross_margin_4q_avg": 0,
            "net_income": null,
            "net_income_4q": null,
            "revenue": null,
            "revenue_4q": null,
            "common_shares": null,
            "book_valuer_per_share": null,
            "book_valuer_per_share_4q_avg": 4.07,
            "equity": null,
            "current_ratio": null,
            "debt_ratio": null,
            "inventory_turnover_ratio": null,
            "account_receivable_turnover_ratio": null,
            "reinvestment_rate": null,
            "research_to_sale_ratio": null,
            "price_fair": 0,
            "eps_avg_yearly": 0,
            "eps_latest_yearly": 0,
            "eps_growth_yearly": 0
        },
        "20032": {
            "year_quarter": 20032,
            "year": 2003,
            "quarter": 2,
            "eps": null,
            "eps_growth_year": null,
            "eps_4q": null,
            "eps_4q_growth_year": null,
            "roe": null,
            "roe_4q": 0,
            "gross_profit": null,
            "gross_margin": null,
            "gross_margin_4q_avg": 0,
            "net_income": null,
            "net_income_4q": null,
            "revenue": null,
            "revenue_4q": null,
            "common_shares": null,
            "book_valuer_per_share": null,
            "book_valuer_per_share_4q_avg": 4.07,
            "equity": null,
            "current_ratio": null,
            "debt_ratio": null,
            "inventory_turnover_ratio": null,
            "account_receivable_turnover_ratio": null,
            "reinvestment_rate": null,
            "research_to_sale_ratio": null,
            "price_fair": 0,
            "eps_avg_yearly": 0,
            "eps_latest_yearly": 0,
            "eps_growth_yearly": 0
        },
        "20033": {
            "year_quarter": 20033,
            "year": 2003,
            "quarter": 3,
            "eps": null,
            "eps_growth_year": null,
            "eps_4q": null,
            "eps_4q_growth_year": null,
            "roe": null,
            "roe_4q": 0,
            "gross_profit": null,
            "gross_margin": null,
            "gross_margin_4q_avg": 0,
            "net_income": null,
            "net_income_4q": null,
            "revenue": null,
            "revenue_4q": null,
            "common_shares": null,
            "book_valuer_per_share": null,
            "book_valuer_per_share_4q_avg": 4.07,
            "equity": null,
            "current_ratio": null,
            "debt_ratio": null,
            "inventory_turnover_ratio": null,
            "account_receivable_turnover_ratio": null,
            "reinvestment_rate": null,
            "research_to_sale_ratio": null,
            "price_fair": 0,
            "eps_avg_yearly": 0,
            "eps_latest_yearly": 0,
            "eps_growth_yearly": 0
        },
        "20034": {
            "year_quarter": 20034,
            "year": 2003,
            "quarter": 4,
            "eps": null,
            "eps_growth_year": null,
            "eps_4q": null,
            "eps_4q_growth_year": null,
            "roe": null,
            "roe_4q": 0,
            "gross_profit": null,
            "gross_margin": null,
            "gross_margin_4q_avg": 0,
            "net_income": null,
            "net_income_4q": null,
            "revenue": null,
            "revenue_4q": null,
            "common_shares": 344520,
            "book_valuer_per_share": 16.7,
            "book_valuer_per_share_4q_avg": 4.18,
            "equity": 575420,
            "current_ratio": 193.83,
            "debt_ratio": 41.5,
            "inventory_turnover_ratio": null,
            "account_receivable_turnover_ratio": null,
            "reinvestment_rate": null,
            "research_to_sale_ratio": null,
            "price_fair": 0,
            "eps_avg_yearly": 0,
            "eps_latest_yearly": 0,
            "eps_growth_yearly": 0
        },
        "20041": {
            "year_quarter": 20041,
            "year": 2004,
            "quarter": 1,
            "eps": null,
            "eps_growth_year": null,
            "eps_4q": null,
            "eps_4q_growth_year": null,
            "roe": null,
            "roe_4q": 0,
            "gross_profit": null,
            "gross_margin": null,
            "gross_margin_4q_avg": 0,
            "net_income": null,
            "net_income_4q": null,
            "revenue": null,
            "revenue_4q": null,
            "common_shares": null,
            "book_valuer_per_share": null,
            "book_valuer_per_share_4q_avg": 4.18,
            "equity": null,
            "current_ratio": null,
            "debt_ratio": null,
            "inventory_turnover_ratio": null,
            "account_receivable_turnover_ratio": null,
            "reinvestment_rate": null,
            "research_to_sale_ratio": null,
            "price_fair": 0,
            "eps_avg_yearly": 0,
            "eps_latest_yearly": 0,
            "eps_growth_yearly": 0
        },
        "20042": {
            "year_quarter": 20042,
            "year": 2004,
            "quarter": 2,
            "eps": null,
            "eps_growth_year": null,
            "eps_4q": null,
            "eps_4q_growth_year": null,
            "roe": null,
            "roe_4q": 0,
            "gross_profit": null,
            "gross_margin": null,
            "gross_margin_4q_avg": 0,
            "net_income": null,
            "net_income_4q": null,
            "revenue": null,
            "revenue_4q": null,
            "common_shares": null,
            "book_valuer_per_share": null,
            "book_valuer_per_share_4q_avg": 4.18,
            "equity": null,
            "current_ratio": null,
            "debt_ratio": null,
            "inventory_turnover_ratio": null,
            "account_receivable_turnover_ratio": null,
            "reinvestment_rate": null,
            "research_to_sale_ratio": null,
            "price_fair": 0,
            "eps_avg_yearly": 0,
            "eps_latest_yearly": 0,
            "eps_growth_yearly": 0
        },
        "20043": {
            "year_quarter": 20043,
            "year": 2004,
            "quarter": 3,
            "eps": null,
            "eps_growth_year": null,
            "eps_4q": null,
            "eps_4q_growth_year": null,
            "roe": null,
            "roe_4q": 0,
            "gross_profit": null,
            "gross_margin": null,
            "gross_margin_4q_avg": 0,
            "net_income": null,
            "net_income_4q": null,
            "revenue": null,
            "revenue_4q": null,
            "common_shares": null,
            "book_valuer_per_share": null,
            "book_valuer_per_share_4q_avg": 4.18,
            "equity": null,
            "current_ratio": null,
            "debt_ratio": null,
            "inventory_turnover_ratio": null,
            "account_receivable_turnover_ratio": null,
            "reinvestment_rate": null,
            "research_to_sale_ratio": null,
            "price_fair": 0,
            "eps_avg_yearly": 0,
            "eps_latest_yearly": 0,
            "eps_growth_yearly": 0
        },
        "20044": {
            "year_quarter": 20044,
            "year": 2004,
            "quarter": 4,
            "eps": null,
            "eps_growth_year": null,
            "eps_4q": null,
            "eps_4q_growth_year": null,
            "roe": null,
            "roe_4q": 0,
            "gross_profit": null,
            "gross_margin": null,
            "gross_margin_4q_avg": 0,
            "net_income": null,
            "net_income_4q": null,
            "revenue": null,
            "revenue_4q": null,
            "common_shares": 495760,
            "book_valuer_per_share": 18.83,
            "book_valuer_per_share_4q_avg": 4.71,
            "equity": 933736,
            "current_ratio": 193.12,
            "debt_ratio": 42.93,
            "inventory_turnover_ratio": null,
            "account_receivable_turnover_ratio": null,
            "reinvestment_rate": null,
            "research_to_sale_ratio": null,
            "price_fair": 0,
            "eps_avg_yearly": 0,
            "eps_latest_yearly": 0,
            "eps_growth_yearly": 0
        },
        "20051": {
            "year_quarter": 20051,
            "year": 2005,
            "quarter": 1,
            "eps": 1.47,
            "eps_growth_year": null,
            "eps_4q": null,
            "eps_4q_growth_year": null,
            "roe": 7.61,
            "roe_4q": 7.61,
            "gross_profit": 145071,
            "gross_margin": 33,
            "gross_margin_4q_avg": 8.25,
            "net_income": 72709,
            "net_income_4q": null,
            "revenue": 439569,
            "revenue_4q": null,
            "common_shares": 495760,
            "book_valuer_per_share": 19.73,
            "book_valuer_per_share_4q_avg": 9.64,
            "equity": 978240,
            "current_ratio": 201.1,
            "debt_ratio": 37.66,
            "inventory_turnover_ratio": 2.66,
            "account_receivable_turnover_ratio": null,
            "reinvestment_rate": null,
            "research_to_sale_ratio": null,
            "price_fair": 0,
            "eps_avg_yearly": 0,
            "eps_latest_yearly": 0,
            "eps_growth_yearly": 0
        },
        "20052": {
            "year_quarter": 20052,
            "year": 2005,
            "quarter": 2,
            "eps": 2.48,
            "eps_growth_year": null,
            "eps_4q": null,
            "eps_4q_growth_year": null,
            "roe": 13.53,
            "roe_4q": 21.14,
            "gross_profit": 212352,
            "gross_margin": 36.5,
            "gross_margin_4q_avg": 17.38,
            "net_income": 142043,
            "net_income_4q": null,
            "revenue": 581775,
            "revenue_4q": null,
            "common_shares": 573130,
            "book_valuer_per_share": 19.56,
            "book_valuer_per_share_4q_avg": 14.53,
            "equity": 1121168,
            "current_ratio": 218.53,
            "debt_ratio": 37.11,
            "inventory_turnover_ratio": 4.13,
            "account_receivable_turnover_ratio": null,
            "reinvestment_rate": null,
            "research_to_sale_ratio": null,
            "price_fair": 347.2,
            "eps_avg_yearly": 9.92,
            "eps_latest_yearly": 9.92,
            "eps_growth_yearly": 274.83
        },
        "20053": {
            "year_quarter": 20053,
            "year": 2005,
            "quarter": 3,
            "eps": 3.04,
            "eps_growth_year": null,
            "eps_4q": null,
            "eps_4q_growth_year": null,
            "roe": 14.29,
            "roe_4q": 35.43,
            "gross_profit": 246482,
            "gross_margin": 41.16,
            "gross_margin_4q_avg": 27.67,
            "net_income": 174416,
            "net_income_4q": null,
            "revenue": 598767,
            "revenue_4q": null,
            "common_shares": 573130,
            "book_valuer_per_share": 23.03,
            "book_valuer_per_share_4q_avg": 20.29,
            "equity": 1319901,
            "current_ratio": 239.72,
            "debt_ratio": 36.28,
            "inventory_turnover_ratio": 4.29,
            "account_receivable_turnover_ratio": null,
            "reinvestment_rate": null,
            "research_to_sale_ratio": null,
            "price_fair": 386.4,
            "eps_avg_yearly": 11.04,
            "eps_latest_yearly": 12.16,
            "eps_growth_yearly": 182.58
        },
        "20054": {
            "year_quarter": 20054,
            "year": 2005,
            "quarter": 4,
            "eps": 3.12,
            "eps_growth_year": null,
            "eps_4q": 9.89,
            "eps_4q_growth_year": null,
            "roe": 10.67,
            "roe_4q": 46.1,
            "gross_profit": 220997,
            "gross_margin": 39.66,
            "gross_margin_4q_avg": 37.58,
            "net_income": 179240,
            "net_income_4q": null,
            "revenue": 557271,
            "revenue_4q": null,
            "common_shares": 638530,
            "book_valuer_per_share": 31.92,
            "book_valuer_per_share_4q_avg": 23.56,
            "equity": 2038466,
            "current_ratio": 224.51,
            "debt_ratio": 37.58,
            "inventory_turnover_ratio": 2.79,
            "account_receivable_turnover_ratio": null,
            "reinvestment_rate": null,
            "research_to_sale_ratio": null,
            "price_fair": 403.2,
            "eps_avg_yearly": 11.52,
            "eps_latest_yearly": 12.48,
            "eps_growth_yearly": 125.23
        },
        "20061": {
            "year_quarter": 20061,
            "year": 2006,
            "quarter": 1,
            "eps": 2.48,
            "eps_growth_year": 68.71,
            "eps_4q": 10.24,
            "eps_4q_growth_year": null,
            "roe": 7.49,
            "roe_4q": 45.980000000000004,
            "gross_profit": 248265,
            "gross_margin": 43.78,
            "gross_margin_4q_avg": 40.28,
            "net_income": 158448,
            "net_income_4q": null,
            "revenue": 567020,
            "revenue_4q": null,
            "common_shares": 638530,
            "book_valuer_per_share": 34.37,
            "book_valuer_per_share_4q_avg": 27.22,
            "equity": 2194448,
            "current_ratio": 323.97,
            "debt_ratio": 27.1,
            "inventory_turnover_ratio": 2.7,
            "account_receivable_turnover_ratio": null,
            "reinvestment_rate": null,
            "research_to_sale_ratio": null,
            "price_fair": 389.2,
            "eps_avg_yearly": 11.12,
            "eps_latest_yearly": 9.92,
            "eps_growth_yearly": 73.41
        },
        "20062": {
            "year_quarter": 20062,
            "year": 2006,
            "quarter": 2,
            "eps": 2.61,
            "eps_growth_year": 5.24,
            "eps_4q": 8.73,
            "eps_4q_growth_year": null,
            "roe": 9.69,
            "roe_4q": 42.14,
            "gross_profit": 225577,
            "gross_margin": 35.71,
            "gross_margin_4q_avg": 40.08,
            "net_income": 218327,
            "net_income_4q": null,
            "revenue": 631682,
            "revenue_4q": null,
            "common_shares": 638530,
            "book_valuer_per_share": 36.19,
            "book_valuer_per_share_4q_avg": 31.38,
            "equity": 2310816,
            "current_ratio": 285.79,
            "debt_ratio": 28.73,
            "inventory_turnover_ratio": 5.39,
            "account_receivable_turnover_ratio": null,
            "reinvestment_rate": null,
            "research_to_sale_ratio": null,
            "price_fair": 384.44,
            "eps_avg_yearly": 10.98,
            "eps_latest_yearly": 10.44,
            "eps_growth_yearly": 62.92
        },
        "20063": {
            "year_quarter": 20063,
            "year": 2006,
            "quarter": 3,
            "eps": 3.5,
            "eps_growth_year": 15.13,
            "eps_4q": 10.08,
            "eps_4q_growth_year": null,
            "roe": 10.68,
            "roe_4q": 38.53,
            "gross_profit": 337571,
            "gross_margin": 41.72,
            "gross_margin_4q_avg": 40.22,
            "net_income": 295960,
            "net_income_4q": null,
            "revenue": 809204,
            "revenue_4q": null,
            "common_shares": 886100,
            "book_valuer_per_share": 36.46,
            "book_valuer_per_share_4q_avg": 34.74,
            "equity": 3230460,
            "current_ratio": 380.66,
            "debt_ratio": 22.48,
            "inventory_turnover_ratio": 5.69,
            "account_receivable_turnover_ratio": null,
            "reinvestment_rate": null,
            "research_to_sale_ratio": null,
            "price_fair": 402.03,
            "eps_avg_yearly": 11.49,
            "eps_latest_yearly": 14,
            "eps_growth_yearly": 75.17
        },
        "20064": {
            "year_quarter": 20064,
            "year": 2006,
            "quarter": 4,
            "eps": 3.2,
            "eps_growth_year": 2.56,
            "eps_4q": 11.06,
            "eps_4q_growth_year": 11.82,
            "roe": 8.14,
            "roe_4q": 36,
            "gross_profit": 416587,
            "gross_margin": 46.04,
            "gross_margin_4q_avg": 41.81,
            "net_income": 273770,
            "net_income_4q": null,
            "revenue": 904795,
            "revenue_4q": null,
            "common_shares": 886100,
            "book_valuer_per_share": 39.46,
            "book_valuer_per_share_4q_avg": 36.62,
            "equity": 3496178,
            "current_ratio": 252.69,
            "debt_ratio": 32.91,
            "inventory_turnover_ratio": 3.95,
            "account_receivable_turnover_ratio": null,
            "reinvestment_rate": null,
            "research_to_sale_ratio": null,
            "price_fair": 408.6,
            "eps_avg_yearly": 11.67,
            "eps_latest_yearly": 12.8,
            "eps_growth_yearly": 59.53
        },
        "20071": {
            "year_quarter": 20071,
            "year": 2007,
            "quarter": 1,
            "eps": 2.89,
            "eps_growth_year": 16.53,
            "eps_4q": 11.77,
            "eps_4q_growth_year": 14.96,
            "roe": 7.05,
            "roe_4q": 35.56,
            "gross_profit": 334950,
            "gross_margin": 45.58,
            "gross_margin_4q_avg": 42.26,
            "net_income": 256456,
            "net_income_4q": null,
            "revenue": 734806,
            "revenue_4q": null,
            "common_shares": 886100,
            "book_valuer_per_share": 42.63,
            "book_valuer_per_share_4q_avg": 38.69,
            "equity": 3777050,
            "current_ratio": 339.22,
            "debt_ratio": 22.75,
            "inventory_turnover_ratio": 3.44,
            "account_receivable_turnover_ratio": null,
            "reinvestment_rate": null,
            "research_to_sale_ratio": null,
            "price_fair": 408.1,
            "eps_avg_yearly": 11.66,
            "eps_latest_yearly": 11.56,
            "eps_growth_yearly": 47.24
        },
        "20072": {
            "year_quarter": 20072,
            "year": 2007,
            "quarter": 2,
            "eps": 1.95,
            "eps_growth_year": -25.29,
            "eps_4q": 9.37,
            "eps_4q_growth_year": 7.33,
            "roe": 5.76,
            "roe_4q": 31.63,
            "gross_profit": 403394,
            "gross_margin": 47.85,
            "gross_margin_4q_avg": 45.3,
            "net_income": 217060,
            "net_income_4q": null,
            "revenue": 843105,
            "revenue_4q": null,
            "common_shares": 886100,
            "book_valuer_per_share": 42.47,
            "book_valuer_per_share_4q_avg": 40.26,
            "equity": 3763439,
            "current_ratio": 285.22,
            "debt_ratio": 26.42,
            "inventory_turnover_ratio": 5.45,
            "account_receivable_turnover_ratio": null,
            "reinvestment_rate": null,
            "research_to_sale_ratio": null,
            "price_fair": 393.09,
            "eps_avg_yearly": 11.23,
            "eps_latest_yearly": 7.8,
            "eps_growth_yearly": 27.54
        },
        "20073": {
            "year_quarter": 20073,
            "year": 2007,
            "quarter": 3,
            "eps": 3.68,
            "eps_growth_year": 5.14,
            "eps_4q": 10.38,
            "eps_4q_growth_year": 3.02,
            "roe": 10.34,
            "roe_4q": 31.290000000000003,
            "gross_profit": 539726,
            "gross_margin": 48.55,
            "gross_margin_4q_avg": 47.01,
            "net_income": 410465,
            "net_income_4q": null,
            "revenue": 1111737,
            "revenue_4q": null,
            "common_shares": 1115600,
            "book_valuer_per_share": 37.44,
            "book_valuer_per_share_4q_avg": 40.5,
            "equity": 4176561,
            "current_ratio": 283.62,
            "debt_ratio": 26.92,
            "inventory_turnover_ratio": 5.54,
            "account_receivable_turnover_ratio": null,
            "reinvestment_rate": null,
            "research_to_sale_ratio": null,
            "price_fair": 405.3,
            "eps_avg_yearly": 11.58,
            "eps_latest_yearly": 14.72,
            "eps_growth_yearly": 60.27
        },
        "20074": {
            "year_quarter": 20074,
            "year": 2007,
            "quarter": 4,
            "eps": 2.97,
            "eps_growth_year": -7.19,
            "eps_4q": 10.89,
            "eps_4q_growth_year": -1.53,
            "roe": 7.61,
            "roe_4q": 30.76,
            "gross_profit": 297980,
            "gross_margin": 41.14,
            "gross_margin_4q_avg": 45.78,
            "net_income": 331319,
            "net_income_4q": null,
            "revenue": 724365,
            "revenue_4q": null,
            "common_shares": 1115600,
            "book_valuer_per_share": 40.59,
            "book_valuer_per_share_4q_avg": 40.78,
            "equity": 4528392,
            "current_ratio": 220.77,
            "debt_ratio": 36.49,
            "inventory_turnover_ratio": 1.55,
            "account_receivable_turnover_ratio": null,
            "reinvestment_rate": null,
            "research_to_sale_ratio": null,
            "price_fair": 406.25,
            "eps_avg_yearly": 11.61,
            "eps_latest_yearly": 11.88,
            "eps_growth_yearly": 47.78
        },
        "20081": {
            "year_quarter": 20081,
            "year": 2008,
            "quarter": 1,
            "eps": 2.01,
            "eps_growth_year": -30.45,
            "eps_4q": 10.62,
            "eps_4q_growth_year": -9.78,
            "roe": 4.86,
            "roe_4q": 28.57,
            "gross_profit": 484990,
            "gross_margin": 36.09,
            "gross_margin_4q_avg": 43.41,
            "net_income": 223868,
            "net_income_4q": null,
            "revenue": 1343770,
            "revenue_4q": null,
            "common_shares": 1115600,
            "book_valuer_per_share": 42.03,
            "book_valuer_per_share_4q_avg": 40.63,
            "equity": 4688485,
            "current_ratio": 228.2,
            "debt_ratio": 35.65,
            "inventory_turnover_ratio": 1.9,
            "account_receivable_turnover_ratio": null,
            "reinvestment_rate": null,
            "research_to_sale_ratio": null,
            "price_fair": 395.85,
            "eps_avg_yearly": 11.31,
            "eps_latest_yearly": 8.04,
            "eps_growth_yearly": 33.02
        },
        "20082": {
            "year_quarter": 20082,
            "year": 2008,
            "quarter": 2,
            "eps": 1.7,
            "eps_growth_year": -12.82,
            "eps_4q": 9.52,
            "eps_4q_growth_year": 1.55,
            "roe": 4.45,
            "roe_4q": 27.26,
            "gross_profit": 439602,
            "gross_margin": 31.23,
            "gross_margin_4q_avg": 39.25,
            "net_income": 209987,
            "net_income_4q": null,
            "revenue": 1407620,
            "revenue_4q": null,
            "common_shares": 1115600,
            "book_valuer_per_share": 42.54,
            "book_valuer_per_share_4q_avg": 40.65,
            "equity": 4746267,
            "current_ratio": 243.65,
            "debt_ratio": 47.42,
            "inventory_turnover_ratio": 1.89,
            "account_receivable_turnover_ratio": null,
            "reinvestment_rate": null,
            "research_to_sale_ratio": null,
            "price_fair": 383.71,
            "eps_avg_yearly": 10.96,
            "eps_latest_yearly": 6.8,
            "eps_growth_yearly": 25.74
        },
        "20083": {
            "year_quarter": 20083,
            "year": 2008,
            "quarter": 3,
            "eps": 3.72,
            "eps_growth_year": 1.09,
            "eps_4q": 9.89,
            "eps_4q_growth_year": -4.68,
            "roe": 9.14,
            "roe_4q": 26.06,
            "gross_profit": 667401,
            "gross_margin": 34.96,
            "gross_margin_4q_avg": 35.86,
            "net_income": 461027,
            "net_income_4q": null,
            "revenue": 1908857,
            "revenue_4q": null,
            "common_shares": 1235300,
            "book_valuer_per_share": 43.25,
            "book_valuer_per_share_4q_avg": 42.1,
            "equity": 5342388,
            "current_ratio": 254.23,
            "debt_ratio": 45.28,
            "inventory_turnover_ratio": 1.9,
            "account_receivable_turnover_ratio": null,
            "reinvestment_rate": null,
            "research_to_sale_ratio": null,
            "price_fair": 393.5,
            "eps_avg_yearly": 11.24,
            "eps_latest_yearly": 14.88,
            "eps_growth_yearly": 57.85
        },
        "20084": {
            "year_quarter": 20084,
            "year": 2008,
            "quarter": 4,
            "eps": 2.35,
            "eps_growth_year": -20.88,
            "eps_4q": 9.58,
            "eps_4q_growth_year": -12.03,
            "roe": 5.27,
            "roe_4q": 23.72,
            "gross_profit": 525099,
            "gross_margin": 30.08,
            "gross_margin_4q_avg": 33.09,
            "net_income": 290731,
            "net_income_4q": null,
            "revenue": 1745494,
            "revenue_4q": null,
            "common_shares": 1241799,
            "book_valuer_per_share": 45.75,
            "book_valuer_per_share_4q_avg": 43.39,
            "equity": 5681246,
            "current_ratio": 248.34,
            "debt_ratio": 45.57,
            "inventory_turnover_ratio": 1.71,
            "account_receivable_turnover_ratio": 1.27,
            "reinvestment_rate": 53.47,
            "research_to_sale_ratio": null,
            "price_fair": 389.2,
            "eps_avg_yearly": 11.12,
            "eps_latest_yearly": 9.4,
            "eps_growth_yearly": 44.17
        },
        "20091": {
            "year_quarter": 20091,
            "year": 2009,
            "quarter": 1,
            "eps": 2.79,
            "eps_growth_year": 38.81,
            "eps_4q": 10.54,
            "eps_4q_growth_year": -0.76,
            "roe": 5.87,
            "roe_4q": 24.73,
            "gross_profit": 496687,
            "gross_margin": 33.75,
            "gross_margin_4q_avg": 32.51,
            "net_income": 346315,
            "net_income_4q": null,
            "revenue": 1471878,
            "revenue_4q": null,
            "common_shares": 1241799,
            "book_valuer_per_share": 49.25,
            "book_valuer_per_share_4q_avg": 45.2,
            "equity": 6115665,
            "current_ratio": 276,
            "debt_ratio": 42.63,
            "inventory_turnover_ratio": 1.48,
            "account_receivable_turnover_ratio": 0.6,
            "reinvestment_rate": 51.86,
            "research_to_sale_ratio": null,
            "price_fair": 389.29,
            "eps_avg_yearly": 11.12,
            "eps_latest_yearly": 11.16,
            "eps_growth_yearly": 46.09
        },
        "20092": {
            "year_quarter": 20092,
            "year": 2009,
            "quarter": 2,
            "eps": 2.87,
            "eps_growth_year": 68.82,
            "eps_4q": 10.87,
            "eps_4q_growth_year": 14.22,
            "roe": 6.29,
            "roe_4q": 26.57,
            "gross_profit": 675989,
            "gross_margin": 35.31,
            "gross_margin_4q_avg": 33.53,
            "net_income": 393877,
            "net_income_4q": null,
            "revenue": 1914520,
            "revenue_4q": null,
            "common_shares": 1241799,
            "book_valuer_per_share": 51.67,
            "book_valuer_per_share_4q_avg": 47.48,
            "equity": 6415964,
            "current_ratio": 195.49,
            "debt_ratio": 43.22,
            "inventory_turnover_ratio": 1.95,
            "account_receivable_turnover_ratio": 0.79,
            "reinvestment_rate": 47.88,
            "research_to_sale_ratio": null,
            "price_fair": 392.7,
            "eps_avg_yearly": 11.22,
            "eps_latest_yearly": 11.48,
            "eps_growth_yearly": 29.63
        },
        "20093": {
            "year_quarter": 20093,
            "year": 2009,
            "quarter": 3,
            "eps": 3.15,
            "eps_growth_year": -15.32,
            "eps_4q": 10.5,
            "eps_4q_growth_year": 6.13,
            "roe": 6.38,
            "roe_4q": 23.81,
            "gross_profit": 646208,
            "gross_margin": 33.27,
            "gross_margin_4q_avg": 33.1,
            "net_income": 441783,
            "net_income_4q": null,
            "revenue": 1942177,
            "revenue_4q": null,
            "common_shares": 1449531,
            "book_valuer_per_share": 51.25,
            "book_valuer_per_share_4q_avg": 49.48,
            "equity": 7428780,
            "current_ratio": 265.84,
            "debt_ratio": 32.01,
            "inventory_turnover_ratio": 1.95,
            "account_receivable_turnover_ratio": 0.75,
            "reinvestment_rate": 45.02,
            "research_to_sale_ratio": null,
            "price_fair": 393.66,
            "eps_avg_yearly": 11.25,
            "eps_latest_yearly": 12.6,
            "eps_growth_yearly": 26.42
        },
        "20094": {
            "year_quarter": 20094,
            "year": 2009,
            "quarter": 4,
            "eps": 1.83,
            "eps_growth_year": -22.13,
            "eps_4q": 9.63,
            "eps_4q_growth_year": 0.54,
            "roe": 3.44,
            "roe_4q": 21.98,
            "gross_profit": 464881,
            "gross_margin": 27.34,
            "gross_margin_4q_avg": 32.42,
            "net_income": 260526,
            "net_income_4q": null,
            "revenue": 1700542,
            "revenue_4q": null,
            "common_shares": 1493388,
            "book_valuer_per_share": 51.57,
            "book_valuer_per_share_4q_avg": 50.94,
            "equity": 7701860,
            "current_ratio": 255.41,
            "debt_ratio": 33.43,
            "inventory_turnover_ratio": 1.85,
            "account_receivable_turnover_ratio": 0.94,
            "reinvestment_rate": 112.98,
            "research_to_sale_ratio": null,
            "price_fair": 276.29,
            "eps_avg_yearly": 10.93,
            "eps_latest_yearly": 7.32,
            "eps_growth_yearly": 15.29
        },
        "20101": {
            "year_quarter": 20101,
            "year": 2010,
            "quarter": 1,
            "eps": 1.5,
            "eps_growth_year": -46.24,
            "eps_4q": 8.81,
            "eps_4q_growth_year": -16.36,
            "roe": 2.87,
            "roe_4q": 18.98,
            "gross_profit": 425300,
            "gross_margin": 27.72,
            "gross_margin_4q_avg": 30.91,
            "net_income": 224167,
            "net_income_4q": null,
            "revenue": 1534367,
            "revenue_4q": null,
            "common_shares": 1497411,
            "book_valuer_per_share": 52.84,
            "book_valuer_per_share_4q_avg": 51.83,
            "equity": 7912160,
            "current_ratio": 260.28,
            "debt_ratio": 33.33,
            "inventory_turnover_ratio": 1.66,
            "account_receivable_turnover_ratio": 0.44,
            "reinvestment_rate": 117.54,
            "research_to_sale_ratio": 2.37,
            "price_fair": 276.72,
            "eps_avg_yearly": 10.68,
            "eps_latest_yearly": 6,
            "eps_growth_yearly": 15.91
        },
        "20102": {
            "year_quarter": 20102,
            "year": 2010,
            "quarter": 2,
            "eps": 1.55,
            "eps_growth_year": -45.95,
            "eps_4q": 7.4,
            "eps_4q_growth_year": -31.94,
            "roe": 3.19,
            "roe_4q": 15.879999999999999,
            "gross_profit": 393033,
            "gross_margin": 25.29,
            "gross_margin_4q_avg": 28.41,
            "net_income": 245748,
            "net_income_4q": null,
            "revenue": 1554341,
            "revenue_4q": null,
            "common_shares": 1498635,
            "book_valuer_per_share": 50.01,
            "book_valuer_per_share_4q_avg": 51.42,
            "equity": 7494432,
            "current_ratio": 227.69,
            "debt_ratio": 36.97,
            "inventory_turnover_ratio": 1.62,
            "account_receivable_turnover_ratio": 0.48,
            "reinvestment_rate": 118.17,
            "research_to_sale_ratio": 2.3,
            "price_fair": 264.88,
            "eps_avg_yearly": 10.42,
            "eps_latest_yearly": 6.2,
            "eps_growth_yearly": 15.43
        },
        "20103": {
            "year_quarter": 20103,
            "year": 2010,
            "quarter": 3,
            "eps": 0.74,
            "eps_growth_year": -76.49,
            "eps_4q": 5.35,
            "eps_4q_growth_year": -49.04,
            "roe": 1.56,
            "roe_4q": 11.06,
            "gross_profit": 293977,
            "gross_margin": 19.1,
            "gross_margin_4q_avg": 24.86,
            "net_income": 117333,
            "net_income_4q": null,
            "revenue": 1539352,
            "revenue_4q": null,
            "common_shares": 1584285,
            "book_valuer_per_share": 47.82,
            "book_valuer_per_share_4q_avg": 50.56,
            "equity": 7576735,
            "current_ratio": 238.89,
            "debt_ratio": 34.42,
            "inventory_turnover_ratio": 1.61,
            "account_receivable_turnover_ratio": 0.48,
            "reinvestment_rate": 135.98,
            "research_to_sale_ratio": 2.2,
            "price_fair": 29.18,
            "eps_avg_yearly": 9.73,
            "eps_latest_yearly": 2.96,
            "eps_growth_yearly": -6.16
        },
        "20104": {
            "year_quarter": 20104,
            "year": 2010,
            "quarter": 4,
            "eps": 0.98,
            "eps_growth_year": -46.29,
            "eps_4q": 4.69,
            "eps_4q_growth_year": -51.33,
            "roe": 2.07,
            "roe_4q": 9.690000000000001,
            "gross_profit": 468162,
            "gross_margin": 22.9,
            "gross_margin_4q_avg": 23.75,
            "net_income": 155733,
            "net_income_4q": null,
            "revenue": 2044622,
            "revenue_4q": null,
            "common_shares": 1584307,
            "book_valuer_per_share": 47.1,
            "book_valuer_per_share_4q_avg": 49.44,
            "equity": 7461988,
            "current_ratio": 242.72,
            "debt_ratio": 34.21,
            "inventory_turnover_ratio": 1.96,
            "account_receivable_turnover_ratio": 0.63,
            "reinvestment_rate": 116.39,
            "research_to_sale_ratio": 2.15,
            "price_fair": 129.25,
            "eps_avg_yearly": 9.17,
            "eps_latest_yearly": 3.92,
            "eps_growth_yearly": 4.09
        },
        "20111": {
            "year_quarter": 20111,
            "year": 2011,
            "quarter": 1,
            "eps": 0.66,
            "eps_growth_year": -56,
            "eps_4q": 3.93,
            "eps_4q_growth_year": -55.41,
            "roe": 1.37,
            "roe_4q": 8.19,
            "gross_profit": 334731,
            "gross_margin": 18,
            "gross_margin_4q_avg": 21.32,
            "net_income": 103844,
            "net_income_4q": null,
            "revenue": 1859563,
            "revenue_4q": null,
            "common_shares": 1584307,
            "book_valuer_per_share": 48.52,
            "book_valuer_per_share_4q_avg": 48.36,
            "equity": 7687703,
            "current_ratio": 280.16,
            "debt_ratio": 41.4,
            "inventory_turnover_ratio": 1.89,
            "account_receivable_turnover_ratio": 0.55,
            "reinvestment_rate": 38.73,
            "research_to_sale_ratio": 1.75,
            "price_fair": 25.84,
            "eps_avg_yearly": 8.61,
            "eps_latest_yearly": 2.64,
            "eps_growth_yearly": -1.65
        },
        "20112": {
            "year_quarter": 20112,
            "year": 2011,
            "quarter": 2,
            "eps": 0.48,
            "eps_growth_year": -69.28,
            "eps_4q": 2.86,
            "eps_4q_growth_year": -61.41,
            "roe": 1.01,
            "roe_4q": 6.01,
            "gross_profit": 368774,
            "gross_margin": 18.26,
            "gross_margin_4q_avg": 19.57,
            "net_income": 75491,
            "net_income_4q": null,
            "revenue": 2019339,
            "revenue_4q": null,
            "common_shares": 1584307,
            "book_valuer_per_share": 45.66,
            "book_valuer_per_share_4q_avg": 47.28,
            "equity": 7234099,
            "current_ratio": 250.17,
            "debt_ratio": 44.85,
            "inventory_turnover_ratio": 2.05,
            "account_receivable_turnover_ratio": 0.6,
            "reinvestment_rate": 36.93,
            "research_to_sale_ratio": 2.26,
            "price_fair": 24.74,
            "eps_avg_yearly": 8.25,
            "eps_latest_yearly": 1.92,
            "eps_growth_yearly": -0.33
        },
        "20113": {
            "year_quarter": 20113,
            "year": 2011,
            "quarter": 3,
            "eps": 1.04,
            "eps_growth_year": 39.95,
            "eps_4q": 3.15,
            "eps_4q_growth_year": -41.11,
            "roe": 2.2,
            "roe_4q": 6.65,
            "gross_profit": 342853,
            "gross_margin": 17.11,
            "gross_margin_4q_avg": 19.07,
            "net_income": 164204,
            "net_income_4q": null,
            "revenue": 2003759,
            "revenue_4q": null,
            "common_shares": 1584307,
            "book_valuer_per_share": 48.53,
            "book_valuer_per_share_4q_avg": 47.45,
            "equity": 7688990,
            "current_ratio": 282.77,
            "debt_ratio": 41.14,
            "inventory_turnover_ratio": 2.19,
            "account_receivable_turnover_ratio": 0.59,
            "reinvestment_rate": 36.18,
            "research_to_sale_ratio": 1.14,
            "price_fair": 126.32,
            "eps_avg_yearly": 7.59,
            "eps_latest_yearly": 4.16,
            "eps_growth_yearly": 6.65
        },
        "20114": {
            "year_quarter": 20114,
            "year": 2011,
            "quarter": 4,
            "eps": 0.11,
            "eps_growth_year": -88.93,
            "eps_4q": 2.28,
            "eps_4q_growth_year": -51.44,
            "roe": 0.22,
            "roe_4q": 4.800000000000001,
            "gross_profit": 255530,
            "gross_margin": 13.31,
            "gross_margin_4q_avg": 16.67,
            "net_income": 17242,
            "net_income_4q": null,
            "revenue": 1919818,
            "revenue_4q": null,
            "common_shares": 1584307,
            "book_valuer_per_share": 48.61,
            "book_valuer_per_share_4q_avg": 47.83,
            "equity": 7702010,
            "current_ratio": 302.64,
            "debt_ratio": 39.29,
            "inventory_turnover_ratio": 2.57,
            "account_receivable_turnover_ratio": 0.57,
            "reinvestment_rate": 17.96,
            "research_to_sale_ratio": 2.69,
            "price_fair": 20.61,
            "eps_avg_yearly": 6.87,
            "eps_latest_yearly": 0.44,
            "eps_growth_yearly": -10.88
        },
        "20121": {
            "year_quarter": 20121,
            "year": 2012,
            "quarter": 1,
            "eps": 0.39,
            "eps_growth_year": -40.91,
            "eps_4q": 2.01,
            "eps_4q_growth_year": -48.89,
            "roe": 0.8,
            "roe_4q": 4.23,
            "gross_profit": 344869,
            "gross_margin": 19.94,
            "gross_margin_4q_avg": 17.16,
            "net_income": 61318,
            "net_income_4q": null,
            "revenue": 1729609,
            "revenue_4q": null,
            "common_shares": 1584307,
            "book_valuer_per_share": 48.31,
            "book_valuer_per_share_4q_avg": 47.78,
            "equity": 7653336,
            "current_ratio": 211.28,
            "debt_ratio": 39.25,
            "inventory_turnover_ratio": 2.44,
            "account_receivable_turnover_ratio": 0.57,
            "reinvestment_rate": 14.1,
            "research_to_sale_ratio": 1.9,
            "price_fair": 226.28,
            "eps_avg_yearly": 6.47,
            "eps_latest_yearly": 1.56,
            "eps_growth_yearly": 60.84
        },
        "20122": {
            "year_quarter": 20122,
            "year": 2012,
            "quarter": 2,
            "eps": 2.12,
            "eps_growth_year": 344.16,
            "eps_4q": 3.65,
            "eps_4q_growth_year": 27.78,
            "roe": 4.35,
            "roe_4q": 7.569999999999999,
            "gross_profit": 616058,
            "gross_margin": 29.31,
            "gross_margin_4q_avg": 19.92,
            "net_income": 335304,
            "net_income_4q": null,
            "revenue": 2101632,
            "revenue_4q": null,
            "common_shares": 1584320,
            "book_valuer_per_share": 49.07,
            "book_valuer_per_share_4q_avg": 48.63,
            "equity": 7773662,
            "current_ratio": 188.44,
            "debt_ratio": 43.18,
            "inventory_turnover_ratio": 2.51,
            "account_receivable_turnover_ratio": 0.67,
            "reinvestment_rate": 15.2,
            "research_to_sale_ratio": 1.76,
            "price_fair": 229.95,
            "eps_avg_yearly": 6.57,
            "eps_latest_yearly": 8.48,
            "eps_growth_yearly": 175.59
        },
        "20123": {
            "year_quarter": 20123,
            "year": 2012,
            "quarter": 3,
            "eps": 1.86,
            "eps_growth_year": 79.84,
            "eps_4q": 4.26,
            "eps_4q_growth_year": 35.26,
            "roe": 3.81,
            "roe_4q": 9.180000000000001,
            "gross_profit": 714622,
            "gross_margin": 33.68,
            "gross_margin_4q_avg": 24.06,
            "net_income": 321036,
            "net_income_4q": null,
            "revenue": 2122079,
            "revenue_4q": null,
            "common_shares": 1584320,
            "book_valuer_per_share": 52.65,
            "book_valuer_per_share_4q_avg": 49.66,
            "equity": 9099194,
            "current_ratio": 235.3,
            "debt_ratio": 34.07,
            "inventory_turnover_ratio": 2.07,
            "account_receivable_turnover_ratio": 0.62,
            "reinvestment_rate": 20.01,
            "research_to_sale_ratio": 2.09,
            "price_fair": 213.68,
            "eps_avg_yearly": 6.11,
            "eps_latest_yearly": 7.44,
            "eps_growth_yearly": 142.82
        },
        "20124": {
            "year_quarter": 20124,
            "year": 2012,
            "quarter": 4,
            "eps": 1.51,
            "eps_growth_year": 1288.83,
            "eps_4q": 5.64,
            "eps_4q_growth_year": 147.79,
            "roe": 2.82,
            "roe_4q": 11.780000000000001,
            "gross_profit": 670740,
            "gross_margin": 30.86,
            "gross_margin_4q_avg": 28.45,
            "net_income": 261343,
            "net_income_4q": null,
            "revenue": 2173184,
            "revenue_4q": null,
            "common_shares": 1725349,
            "book_valuer_per_share": 54.29,
            "book_valuer_per_share_4q_avg": 51.08,
            "equity": 9450791,
            "current_ratio": 234.86,
            "debt_ratio": 32.63,
            "inventory_turnover_ratio": 1.9,
            "account_receivable_turnover_ratio": 0.63,
            "reinvestment_rate": 31.63,
            "research_to_sale_ratio": 2.02,
            "price_fair": 206.33,
            "eps_avg_yearly": 5.9,
            "eps_latest_yearly": 6.04,
            "eps_growth_yearly": 147.32
        },
        "20131": {
            "year_quarter": 20131,
            "year": 2013,
            "quarter": 1,
            "eps": 1.21,
            "eps_growth_year": 210.26,
            "eps_4q": 6.47,
            "eps_4q_growth_year": 221.92,
            "roe": 2.17,
            "roe_4q": 13.15,
            "gross_profit": 382163,
            "gross_margin": 21.51,
            "gross_margin_4q_avg": 28.84,
            "net_income": 209197,
            "net_income_4q": null,
            "revenue": 1776659,
            "revenue_4q": null,
            "common_shares": 1738454,
            "book_valuer_per_share": 56.28,
            "book_valuer_per_share_4q_avg": 53.07,
            "equity": 9853888,
            "current_ratio": 255.96,
            "debt_ratio": 30.14,
            "inventory_turnover_ratio": 1.66,
            "account_receivable_turnover_ratio": 0.57,
            "reinvestment_rate": 34.06,
            "research_to_sale_ratio": 1.99,
            "price_fair": 192.5,
            "eps_avg_yearly": 5.5,
            "eps_latest_yearly": 4.84,
            "eps_growth_yearly": 137.67
        },
        "20132": {
            "year_quarter": 20132,
            "year": 2013,
            "quarter": 2,
            "eps": 0.67,
            "eps_growth_year": -68.34,
            "eps_4q": 5.21,
            "eps_4q_growth_year": 42.87,
            "roe": 1.2,
            "roe_4q": 10,
            "gross_profit": 386238,
            "gross_margin": 20.52,
            "gross_margin_4q_avg": 26.64,
            "net_income": 114491,
            "net_income_4q": null,
            "revenue": 1882668,
            "revenue_4q": null,
            "common_shares": 1748790,
            "book_valuer_per_share": 52.84,
            "book_valuer_per_share_4q_avg": 54.02,
            "equity": 9252097,
            "current_ratio": 226.04,
            "debt_ratio": 34,
            "inventory_turnover_ratio": 1.89,
            "account_receivable_turnover_ratio": 0.7,
            "reinvestment_rate": 36.87,
            "research_to_sale_ratio": 1.72,
            "price_fair": 173.25,
            "eps_avg_yearly": 4.95,
            "eps_latest_yearly": 2.68,
            "eps_growth_yearly": 125.8
        },
        "20133": {
            "year_quarter": 20133,
            "year": 2013,
            "quarter": 3,
            "eps": 1.69,
            "eps_growth_year": -9.33,
            "eps_4q": 5.06,
            "eps_4q_growth_year": 18.6,
            "roe": 3.14,
            "roe_4q": 9.33,
            "gross_profit": 645564,
            "gross_margin": 30.28,
            "gross_margin_4q_avg": 25.79,
            "net_income": 294867,
            "net_income_4q": null,
            "revenue": 2132102,
            "revenue_4q": null,
            "common_shares": 1749110,
            "book_valuer_per_share": 54.19,
            "book_valuer_per_share_4q_avg": 54.4,
            "equity": 9506452,
            "current_ratio": 286.92,
            "debt_ratio": 26.93,
            "inventory_turnover_ratio": 2.1,
            "account_receivable_turnover_ratio": 0.76,
            "reinvestment_rate": 37.2,
            "research_to_sale_ratio": 1.83,
            "price_fair": 160.48,
            "eps_avg_yearly": 4.59,
            "eps_latest_yearly": 6.76,
            "eps_growth_yearly": 161.42
        },
        "20134": {
            "year_quarter": 20134,
            "year": 2013,
            "quarter": 4,
            "eps": 1.43,
            "eps_growth_year": -5.71,
            "eps_4q": 4.97,
            "eps_4q_growth_year": -11.93,
            "roe": 2.58,
            "roe_4q": 9.09,
            "gross_profit": 583308,
            "gross_margin": 29.51,
            "gross_margin_4q_avg": 25.46,
            "net_income": 249620,
            "net_income_4q": null,
            "revenue": 1976394,
            "revenue_4q": null,
            "common_shares": 1752697,
            "book_valuer_per_share": 56.12,
            "book_valuer_per_share_4q_avg": 54.86,
            "equity": 9877569,
            "current_ratio": 303.19,
            "debt_ratio": 25.87,
            "inventory_turnover_ratio": 2.14,
            "account_receivable_turnover_ratio": 0.67,
            "reinvestment_rate": -91.64,
            "research_to_sale_ratio": 2.27,
            "price_fair": 156.98,
            "eps_avg_yearly": 4.49,
            "eps_latest_yearly": 5.72,
            "eps_growth_yearly": 168.05
        },
        "20141": {
            "year_quarter": 20141,
            "year": 2014,
            "quarter": 1,
            "eps": 1.36,
            "eps_growth_year": 12.4,
            "eps_4q": 5.06,
            "eps_4q_growth_year": -21.76,
            "roe": 2.38,
            "roe_4q": 9.299999999999999,
            "gross_profit": 462474,
            "gross_margin": 25.92,
            "gross_margin_4q_avg": 26.56,
            "net_income": 240672,
            "net_income_4q": null,
            "revenue": 1784342,
            "revenue_4q": null,
            "common_shares": 1787253,
            "book_valuer_per_share": 57.77,
            "book_valuer_per_share_4q_avg": 55.23,
            "equity": 10330811,
            "current_ratio": 322.62,
            "debt_ratio": 24.49,
            "inventory_turnover_ratio": 2,
            "account_receivable_turnover_ratio": 0.64,
            "reinvestment_rate": -89.14,
            "research_to_sale_ratio": 2.01,
            "price_fair": 155.75,
            "eps_avg_yearly": 4.45,
            "eps_latest_yearly": 5.44,
            "eps_growth_yearly": 171.34
        },
        "20142": {
            "year_quarter": 20142,
            "year": 2014,
            "quarter": 2,
            "eps": 1.25,
            "eps_growth_year": 86.57,
            "eps_4q": 5.65,
            "eps_4q_growth_year": 8.47,
            "roe": 2.19,
            "roe_4q": 10.290000000000001,
            "gross_profit": 521238,
            "gross_margin": 26.82,
            "gross_margin_4q_avg": 28.13,
            "net_income": 221680,
            "net_income_4q": null,
            "revenue": 1943215,
            "revenue_4q": null,
            "common_shares": 1787253,
            "book_valuer_per_share": 55.42,
            "book_valuer_per_share_4q_avg": 55.88,
            "equity": 9911010,
            "current_ratio": 280.8,
            "debt_ratio": 27.81,
            "inventory_turnover_ratio": 2.04,
            "account_receivable_turnover_ratio": 0.72,
            "reinvestment_rate": -94.7,
            "research_to_sale_ratio": 1.53,
            "price_fair": 153.13,
            "eps_avg_yearly": 4.38,
            "eps_latest_yearly": 5,
            "eps_growth_yearly": 168.48
        },
        "20143": {
            "year_quarter": 20143,
            "year": 2014,
            "quarter": 3,
            "eps": 1.56,
            "eps_growth_year": -7.69,
            "eps_4q": 5.56,
            "eps_4q_growth_year": 9.88,
            "roe": 2.75,
            "roe_4q": 9.899999999999999,
            "gross_profit": 538971,
            "gross_margin": 26.1,
            "gross_margin_4q_avg": 27.09,
            "net_income": 278086,
            "net_income_4q": null,
            "revenue": 2064698,
            "revenue_4q": null,
            "common_shares": 1787253,
            "book_valuer_per_share": 57.62,
            "book_valuer_per_share_4q_avg": 56.73,
            "equity": 10303690,
            "current_ratio": 309.5,
            "debt_ratio": 25.15,
            "inventory_turnover_ratio": 2.15,
            "account_receivable_turnover_ratio": 0.73,
            "reinvestment_rate": -114.73,
            "research_to_sale_ratio": 1.99,
            "price_fair": 160.3,
            "eps_avg_yearly": 4.58,
            "eps_latest_yearly": 6.24,
            "eps_growth_yearly": 187.74
        },
        "20144": {
            "year_quarter": 20144,
            "year": 2014,
            "quarter": 4,
            "eps": 2.2,
            "eps_growth_year": 54.4,
            "eps_4q": 6.35,
            "eps_4q_growth_year": 27.85,
            "roe": 3.71,
            "roe_4q": 11.030000000000001,
            "gross_profit": 629015,
            "gross_margin": 29.75,
            "gross_margin_4q_avg": 27.15,
            "net_income": 392868,
            "net_income_4q": null,
            "revenue": 2114065,
            "revenue_4q": null,
            "common_shares": 1787253,
            "book_valuer_per_share": 60.69,
            "book_valuer_per_share_4q_avg": 57.88,
            "equity": 10852566,
            "current_ratio": 326.62,
            "debt_ratio": 24.14,
            "inventory_turnover_ratio": 2.11,
            "account_receivable_turnover_ratio": 0.71,
            "reinvestment_rate": -84.52,
            "research_to_sale_ratio": 2.13,
            "price_fair": 170.98,
            "eps_avg_yearly": 4.89,
            "eps_latest_yearly": 8.8,
            "eps_growth_yearly": 189.89
        },
        "20151": {
            "year_quarter": 20151,
            "year": 2015,
            "quarter": 1,
            "eps": 2.11,
            "eps_growth_year": 55.15,
            "eps_4q": 7.11,
            "eps_4q_growth_year": 40.55,
            "roe": 3.42,
            "roe_4q": 12.069999999999999,
            "gross_profit": 698688,
            "gross_margin": 35.38,
            "gross_margin_4q_avg": 29.51,
            "net_income": 376856,
            "net_income_4q": null,
            "revenue": 1974863,
            "revenue_4q": null,
            "common_shares": 1787253,
            "book_valuer_per_share": 62.53,
            "book_valuer_per_share_4q_avg": 59.07,
            "equity": 11175736,
            "current_ratio": 333.91,
            "debt_ratio": 24.1,
            "inventory_turnover_ratio": 1.77,
            "account_receivable_turnover_ratio": 0.67,
            "reinvestment_rate": 30.05,
            "research_to_sale_ratio": 1.91,
            "price_fair": 183.66,
            "eps_avg_yearly": 5.25,
            "eps_latest_yearly": 8.44,
            "eps_growth_yearly": 197.03
        },
        "20152": {
            "year_quarter": 20152,
            "year": 2015,
            "quarter": 2,
            "eps": 1.69,
            "eps_growth_year": 35.2,
            "eps_4q": 7.56,
            "eps_4q_growth_year": 33.69,
            "roe": 2.77,
            "roe_4q": 12.649999999999999,
            "gross_profit": 722088,
            "gross_margin": 35.82,
            "gross_margin_4q_avg": 31.76,
            "net_income": 302673,
            "net_income_4q": null,
            "revenue": 2015634,
            "revenue_4q": null,
            "common_shares": 1787253,
            "book_valuer_per_share": 59.83,
            "book_valuer_per_share_4q_avg": 60.17,
            "equity": 10693203,
            "current_ratio": 295.45,
            "debt_ratio": 26.85,
            "inventory_turnover_ratio": 1.84,
            "account_receivable_turnover_ratio": 0.72,
            "reinvestment_rate": 29.79,
            "research_to_sale_ratio": 1.59,
            "price_fair": 194.25,
            "eps_avg_yearly": 5.55,
            "eps_latest_yearly": 6.76,
            "eps_growth_yearly": 198.88
        },
        "20153": {
            "year_quarter": 20153,
            "year": 2015,
            "quarter": 3,
            "eps": 2.73,
            "eps_growth_year": 75,
            "eps_4q": 8.73,
            "eps_4q_growth_year": 57.19,
            "roe": 4.42,
            "roe_4q": 14.32,
            "gross_profit": 705905,
            "gross_margin": 34.66,
            "gross_margin_4q_avg": 33.9,
            "net_income": 487873,
            "net_income_4q": null,
            "revenue": 2036422,
            "revenue_4q": null,
            "common_shares": 1787253,
            "book_valuer_per_share": 63.79,
            "book_valuer_per_share_4q_avg": 61.71,
            "equity": 11401605,
            "current_ratio": 367.01,
            "debt_ratio": 22.29,
            "inventory_turnover_ratio": 1.91,
            "account_receivable_turnover_ratio": 0.71,
            "reinvestment_rate": 25.07,
            "research_to_sale_ratio": 2.22,
            "price_fair": 209.04,
            "eps_avg_yearly": 5.97,
            "eps_latest_yearly": 10.92,
            "eps_growth_yearly": 185.09
        },
        "20154": {
            "year_quarter": 20154,
            "year": 2015,
            "quarter": 4,
            "eps": 2.49,
            "eps_growth_year": 13.24,
            "eps_4q": 9.02,
            "eps_4q_growth_year": 42.03,
            "roe": 3.86,
            "roe_4q": 14.469999999999999,
            "gross_profit": 845982,
            "gross_margin": 34.86,
            "gross_margin_4q_avg": 35.18,
            "net_income": 445350,
            "net_income_4q": null,
            "revenue": 2426986,
            "revenue_4q": null,
            "common_shares": 1787253,
            "book_valuer_per_share": 65.41,
            "book_valuer_per_share_4q_avg": 62.89,
            "equity": 11689663,
            "current_ratio": 220.31,
            "debt_ratio": 31.31,
            "inventory_turnover_ratio": 2.15,
            "account_receivable_turnover_ratio": 0.75,
            "reinvestment_rate": 22.12,
            "research_to_sale_ratio": 2.49,
            "price_fair": 229.86,
            "eps_avg_yearly": 6.57,
            "eps_latest_yearly": 9.96,
            "eps_growth_yearly": 205.25
        },
        "20161": {
            "year_quarter": 20161,
            "year": 2016,
            "quarter": 1,
            "eps": 1.05,
            "eps_growth_year": -50.24,
            "eps_4q": 7.96,
            "eps_4q_growth_year": 11.94,
            "roe": 1.59,
            "roe_4q": 12.64,
            "gross_profit": 505449,
            "gross_margin": 30.16,
            "gross_margin_4q_avg": 33.88,
            "net_income": 186780,
            "net_income_4q": null,
            "revenue": 1675641,
            "revenue_4q": null,
            "common_shares": 1787253,
            "book_valuer_per_share": 66.25,
            "book_valuer_per_share_4q_avg": 63.82,
            "equity": 11840740,
            "current_ratio": 223.86,
            "debt_ratio": 30.89,
            "inventory_turnover_ratio": 1.47,
            "account_receivable_turnover_ratio": 0.55,
            "reinvestment_rate": 43.3,
            "research_to_sale_ratio": 2.01,
            "price_fair": 235.64,
            "eps_avg_yearly": 6.73,
            "eps_latest_yearly": 4.2,
            "eps_growth_yearly": 127.16
        },
        "20162": {
            "year_quarter": 20162,
            "year": 2016,
            "quarter": 2,
            "eps": 1.01,
            "eps_growth_year": -40.24,
            "eps_4q": 7.28,
            "eps_4q_growth_year": -3.74,
            "roe": 1.57,
            "roe_4q": 11.44,
            "gross_profit": 509264,
            "gross_margin": 27.62,
            "gross_margin_4q_avg": 31.83,
            "net_income": 180510,
            "net_income_4q": null,
            "revenue": 1843942,
            "revenue_4q": null,
            "common_shares": 1787253,
            "book_valuer_per_share": 62.67,
            "book_valuer_per_share_4q_avg": 64.53,
            "equity": 11201433,
            "current_ratio": 182.21,
            "debt_ratio": 35.58,
            "inventory_turnover_ratio": 1.48,
            "account_receivable_turnover_ratio": 0.74,
            "reinvestment_rate": 67.18,
            "research_to_sale_ratio": 2.02,
            "price_fair": 163.36,
            "eps_avg_yearly": 6.46,
            "eps_latest_yearly": 4.04,
            "eps_growth_yearly": 15.31
        },
        "20163": {
            "year_quarter": 20163,
            "year": 2016,
            "quarter": 3,
            "eps": 1.36,
            "eps_growth_year": -50.18,
            "eps_4q": 5.91,
            "eps_4q_growth_year": -32.32,
            "roe": 2.16,
            "roe_4q": 9.18,
            "gross_profit": 602333,
            "gross_margin": 27.5,
            "gross_margin_4q_avg": 30.04,
            "net_income": 243609,
            "net_income_4q": null,
            "revenue": 2190447,
            "revenue_4q": null,
            "common_shares": 1787253,
            "book_valuer_per_share": 63.36,
            "book_valuer_per_share_4q_avg": 64.42,
            "equity": 11324802,
            "current_ratio": 187.37,
            "debt_ratio": 31.97,
            "inventory_turnover_ratio": 1.58,
            "account_receivable_turnover_ratio": 0.84,
            "reinvestment_rate": 75.84,
            "research_to_sale_ratio": 1.85,
            "price_fair": 221.55,
            "eps_avg_yearly": 6.33,
            "eps_latest_yearly": 5.44,
            "eps_growth_yearly": 27.04
        },
        "20164": {
            "year_quarter": 20164,
            "year": 2016,
            "quarter": 4,
            "eps": 2.71,
            "eps_growth_year": 8.88,
            "eps_4q": 6.13,
            "eps_4q_growth_year": -32.06,
            "roe": 4.19,
            "roe_4q": 9.510000000000002,
            "gross_profit": 598579,
            "gross_margin": 24.99,
            "gross_margin_4q_avg": 27.57,
            "net_income": 484878,
            "net_income_4q": null,
            "revenue": 2395043,
            "revenue_4q": null,
            "common_shares": 1787253,
            "book_valuer_per_share": 66.03,
            "book_valuer_per_share_4q_avg": 64.58,
            "equity": 11800754,
            "current_ratio": 219.1,
            "debt_ratio": 27.01,
            "inventory_turnover_ratio": 1.81,
            "account_receivable_turnover_ratio": 0.79,
            "reinvestment_rate": 69.11,
            "research_to_sale_ratio": 1.42,
            "price_fair": 232.05,
            "eps_avg_yearly": 6.63,
            "eps_latest_yearly": 10.84,
            "eps_growth_yearly": 56.56
        },
        "20171": {
            "year_quarter": 20171,
            "year": 2017,
            "quarter": 1,
            "eps": 0.4,
            "eps_growth_year": -61.9,
            "eps_4q": 5.49,
            "eps_4q_growth_year": -31.04,
            "roe": 0.61,
            "roe_4q": 8.530000000000001,
            "gross_profit": 405531,
            "gross_margin": 22.77,
            "gross_margin_4q_avg": 25.72,
            "net_income": 72012,
            "net_income_4q": null,
            "revenue": 1780785,
            "revenue_4q": null,
            "common_shares": 1787253,
            "book_valuer_per_share": 65.42,
            "book_valuer_per_share_4q_avg": 64.37,
            "equity": 11691736,
            "current_ratio": 213.46,
            "debt_ratio": 27.28,
            "inventory_turnover_ratio": 1.45,
            "account_receivable_turnover_ratio": 0.57,
            "reinvestment_rate": 72.64,
            "research_to_sale_ratio": 2.61,
            "price_fair": 224.96,
            "eps_avg_yearly": 6.43,
            "eps_latest_yearly": 1.6,
            "eps_growth_yearly": 40.21
        },
        "20172": {
            "year_quarter": 20172,
            "year": 2017,
            "quarter": 2,
            "eps": 1.36,
            "eps_growth_year": 34.65,
            "eps_4q": 5.84,
            "eps_4q_growth_year": -19.75,
            "roe": 2.1,
            "roe_4q": 9.06,
            "gross_profit": 610993,
            "gross_margin": 27.11,
            "gross_margin_4q_avg": 25.59,
            "net_income": 243144,
            "net_income_4q": null,
            "revenue": 2253888,
            "revenue_4q": null,
            "common_shares": 1787253,
            "book_valuer_per_share": 64.18,
            "book_valuer_per_share_4q_avg": 64.75,
            "equity": 11469790,
            "current_ratio": 212.47,
            "debt_ratio": 26.58,
            "inventory_turnover_ratio": 1.71,
            "account_receivable_turnover_ratio": 0.75,
            "reinvestment_rate": 73.25,
            "research_to_sale_ratio": 3.12,
            "price_fair": 231,
            "eps_avg_yearly": 6.6,
            "eps_latest_yearly": 5.44,
            "eps_growth_yearly": 111.37
        },
        "20173": {
            "year_quarter": 20173,
            "year": 2017,
            "quarter": 3,
            "eps": 1.61,
            "eps_growth_year": 18.38,
            "eps_4q": 6.09,
            "eps_4q_growth_year": 2.98,
            "roe": 2.47,
            "roe_4q": 9.370000000000001,
            "gross_profit": 667153,
            "gross_margin": 26.95,
            "gross_margin_4q_avg": 25.46,
            "net_income": 287698,
            "net_income_4q": null,
            "revenue": 2475210,
            "revenue_4q": null,
            "common_shares": 1787253,
            "book_valuer_per_share": 66.13,
            "book_valuer_per_share_4q_avg": 65.44,
            "equity": 11819598,
            "current_ratio": 231.79,
            "debt_ratio": 24.89,
            "inventory_turnover_ratio": 1.93,
            "account_receivable_turnover_ratio": 0.79,
            "reinvestment_rate": 72.84,
            "research_to_sale_ratio": 3.85,
            "price_fair": 230.3,
            "eps_avg_yearly": 6.58,
            "eps_latest_yearly": 6.44,
            "eps_growth_yearly": 77.91
        },
        "20174": {
            "year_quarter": 20174,
            "year": 2017,
            "quarter": 4,
            "eps": 0.73,
            "eps_growth_year": -73.24,
            "eps_4q": 4.1,
            "eps_4q_growth_year": -33.14,
            "roe": 1.09,
            "roe_4q": 6.2700000000000005,
            "gross_profit": 536553,
            "gross_margin": 25,
            "gross_margin_4q_avg": 25.46,
            "net_income": 129751,
            "net_income_4q": null,
            "revenue": 2146166,
            "revenue_4q": null,
            "common_shares": 1787253,
            "book_valuer_per_share": 67.16,
            "book_valuer_per_share_4q_avg": 65.72,
            "equity": 12003408,
            "current_ratio": 228.39,
            "debt_ratio": 25.83,
            "inventory_turnover_ratio": 1.75,
            "account_receivable_turnover_ratio": 0.68,
            "reinvestment_rate": 76.72,
            "research_to_sale_ratio": 4.08,
            "price_fair": 224.18,
            "eps_avg_yearly": 6.41,
            "eps_latest_yearly": 2.92,
            "eps_growth_yearly": 68.09
        },
        "20181": {
            "year_quarter": 20181,
            "year": 2018,
            "quarter": 1,
            "eps": 0.43,
            "eps_growth_year": 7.5,
            "eps_4q": 4.13,
            "eps_4q_growth_year": -24.75,
            "roe": 0.64,
            "roe_4q": 6.300000000000001,
            "gross_profit": 382931,
            "gross_margin": 20.62,
            "gross_margin_4q_avg": 24.92,
            "net_income": 77660,
            "net_income_4q": null,
            "revenue": 1857003,
            "revenue_4q": null,
            "common_shares": 1787253,
            "book_valuer_per_share": 67.78,
            "book_valuer_per_share_4q_avg": 66.31,
            "equity": 12113957,
            "current_ratio": 240.38,
            "debt_ratio": 25.78,
            "inventory_turnover_ratio": 1.5,
            "account_receivable_turnover_ratio": 0.67,
            "reinvestment_rate": 73.19,
            "research_to_sale_ratio": 1.63,
            "price_fair": 216.04,
            "eps_avg_yearly": 6.17,
            "eps_latest_yearly": 1.72,
            "eps_growth_yearly": 59.04
        },
        "20182": {
            "year_quarter": 20182,
            "year": 2018,
            "quarter": 2,
            "eps": 1.6,
            "eps_growth_year": 17.65,
            "eps_4q": 4.37,
            "eps_4q_growth_year": -25.23,
            "roe": 2.37,
            "roe_4q": 6.57,
            "gross_profit": 453626,
            "gross_margin": 20.18,
            "gross_margin_4q_avg": 23.19,
            "net_income": 285207,
            "net_income_4q": null,
            "revenue": 2247818,
            "revenue_4q": null,
            "common_shares": 1787253,
            "book_valuer_per_share": 66.96,
            "book_valuer_per_share_4q_avg": 67.01,
            "equity": 11967357,
            "current_ratio": 218.95,
            "debt_ratio": 29.16,
            "inventory_turnover_ratio": 1.59,
            "account_receivable_turnover_ratio": 0.82,
            "reinvestment_rate": 69.42,
            "research_to_sale_ratio": 2.19,
            "price_fair": 219.1,
            "eps_avg_yearly": 6.26,
            "eps_latest_yearly": 6.4,
            "eps_growth_yearly": 129.08
        },
        "20183": {
            "year_quarter": 20183,
            "year": 2018,
            "quarter": 3,
            "eps": 2.26,
            "eps_growth_year": 40.37,
            "eps_4q": 5.02,
            "eps_4q_growth_year": -17.57,
            "roe": 3.33,
            "roe_4q": 7.43,
            "gross_profit": 711774,
            "gross_margin": 25.51,
            "gross_margin_4q_avg": 22.83,
            "net_income": 403979,
            "net_income_4q": null,
            "revenue": 2790124,
            "revenue_4q": null,
            "common_shares": 1787253,
            "book_valuer_per_share": 68.76,
            "book_valuer_per_share_4q_avg": 67.67,
            "equity": 12288368,
            "current_ratio": 254.3,
            "debt_ratio": 25.37,
            "inventory_turnover_ratio": 1.73,
            "account_receivable_turnover_ratio": 0.83,
            "reinvestment_rate": 66.63,
            "research_to_sale_ratio": 1.84,
            "price_fair": 225.23,
            "eps_avg_yearly": 6.44,
            "eps_latest_yearly": 9.04,
            "eps_growth_yearly": 133.2
        },
        "20184": {
            "year_quarter": 20184,
            "year": 2018,
            "quarter": 4,
            "eps": 2.38,
            "eps_growth_year": 227.25,
            "eps_4q": 6.67,
            "eps_4q_growth_year": 62.63,
            "roe": 3.39,
            "roe_4q": 9.73,
            "gross_profit": 776871,
            "gross_margin": 28.25,
            "gross_margin_4q_avg": 23.64,
            "net_income": 424610,
            "net_income_4q": null,
            "revenue": 2749979,
            "revenue_4q": null,
            "common_shares": 1787253,
            "book_valuer_per_share": 71.34,
            "book_valuer_per_share_4q_avg": 68.71,
            "equity": 12750477,
            "current_ratio": 256.34,
            "debt_ratio": 26.38,
            "inventory_turnover_ratio": 1.5,
            "account_receivable_turnover_ratio": 0.72,
            "reinvestment_rate": 56.19,
            "research_to_sale_ratio": 2.08,
            "price_fair": 226.8,
            "eps_avg_yearly": 6.48,
            "eps_latest_yearly": 9.52,
            "eps_growth_yearly": 124.27
        },
        "20191": {
            "year_quarter": 20191,
            "year": 2019,
            "quarter": 1,
            "eps": 1,
            "eps_growth_year": 132.56,
            "eps_4q": 7.23,
            "eps_4q_growth_year": 75.1,
            "roe": 1.39,
            "roe_4q": 10.48,
            "gross_profit": 454254,
            "gross_margin": 21.47,
            "gross_margin_4q_avg": 23.85,
            "net_income": 178942,
            "net_income_4q": null,
            "revenue": 2115683,
            "revenue_4q": null,
            "common_shares": 1787253,
            "book_valuer_per_share": 72.82,
            "book_valuer_per_share_4q_avg": 69.97,
            "equity": 13015157,
            "current_ratio": 310.93,
            "debt_ratio": 22.03,
            "inventory_turnover_ratio": 1.21,
            "account_receivable_turnover_ratio": 0.59,
            "reinvestment_rate": 59.32,
            "research_to_sale_ratio": 2.5,
            "price_fair": 217.09,
            "eps_avg_yearly": 6.2,
            "eps_latest_yearly": 4,
            "eps_growth_yearly": 110.79
        },
        "20192": {
            "year_quarter": 20192,
            "year": 2019,
            "quarter": 2,
            "eps": 1.86,
            "eps_growth_year": 16.25,
            "eps_4q": 7.48,
            "eps_4q_growth_year": 71.38,
            "roe": 2.59,
            "roe_4q": 10.7,
            "gross_profit": 688289,
            "gross_margin": 24.81,
            "gross_margin_4q_avg": 25.01,
            "net_income": 332340,
            "net_income_4q": null,
            "revenue": 2774755,
            "revenue_4q": null,
            "common_shares": 1789883,
            "book_valuer_per_share": 70.56,
            "book_valuer_per_share_4q_avg": 70.87,
            "equity": 12635381,
            "current_ratio": 252.91,
            "debt_ratio": 27.55,
            "inventory_turnover_ratio": 1.59,
            "account_receivable_turnover_ratio": 0.78,
            "reinvestment_rate": 55.67,
            "research_to_sale_ratio": 2.75,
            "price_fair": 218.58,
            "eps_avg_yearly": 6.25,
            "eps_latest_yearly": 7.44,
            "eps_growth_yearly": 137.27
        },
        "20193": {
            "year_quarter": 20193,
            "year": 2019,
            "quarter": 3,
            "eps": 2.11,
            "eps_growth_year": -6.64,
            "eps_4q": 7.28,
            "eps_4q_growth_year": 45.04,
            "roe": 2.94,
            "roe_4q": 10.309999999999999,
            "gross_profit": 712072,
            "gross_margin": 23.79,
            "gross_margin_4q_avg": 24.58,
            "net_income": 377220,
            "net_income_4q": null,
            "revenue": 2992728,
            "revenue_4q": null,
            "common_shares": 1792303,
            "book_valuer_per_share": 72.13,
            "book_valuer_per_share_4q_avg": 71.71,
            "equity": 13017371,
            "current_ratio": 264.44,
            "debt_ratio": 27.18,
            "inventory_turnover_ratio": 1.63,
            "account_receivable_turnover_ratio": 0.75,
            "reinvestment_rate": 57.66,
            "research_to_sale_ratio": 2.11,
            "price_fair": 213.15,
            "eps_avg_yearly": 6.09,
            "eps_latest_yearly": 8.44,
            "eps_growth_yearly": 125.25
        },
        "20194": {
            "year_quarter": 20194,
            "year": 2019,
            "quarter": 4,
            "eps": 2.26,
            "eps_growth_year": -4.91,
            "eps_4q": 7.16,
            "eps_4q_growth_year": 7.42,
            "roe": 3.09,
            "roe_4q": 10.01,
            "gross_profit": 934351,
            "gross_margin": 23.74,
            "gross_margin_4q_avg": 23.45,
            "net_income": 409454,
            "net_income_4q": null,
            "revenue": 3935444,
            "revenue_4q": null,
            "common_shares": 1804693,
            "book_valuer_per_share": 74.18,
            "book_valuer_per_share_4q_avg": 72.42,
            "equity": 13445601,
            "current_ratio": 236.16,
            "debt_ratio": 31.14,
            "inventory_turnover_ratio": 1.86,
            "account_receivable_turnover_ratio": 0.85,
            "reinvestment_rate": 60.69,
            "research_to_sale_ratio": 1.88,
            "price_fair": 211.14,
            "eps_avg_yearly": 6.03,
            "eps_latest_yearly": 9.04,
            "eps_growth_yearly": 129.22
        },
        "20201": {
            "year_quarter": 20201,
            "year": 2020,
            "quarter": 1,
            "eps": 1.42,
            "eps_growth_year": 42,
            "eps_4q": 7.57,
            "eps_4q_growth_year": 4.64,
            "roe": 1.89,
            "roe_4q": 10.51,
            "gross_profit": 460964,
            "gross_margin": 17.44,
            "gross_margin_4q_avg": 22.45,
            "net_income": 256659,
            "net_income_4q": null,
            "revenue": 2643906,
            "revenue_4q": null,
            "common_shares": 1804693,
            "book_valuer_per_share": 75.47,
            "book_valuer_per_share_4q_avg": 73.09,
            "equity": 13717633,
            "current_ratio": 241.48,
            "debt_ratio": 30.44,
            "inventory_turnover_ratio": 1.18,
            "account_receivable_turnover_ratio": 0.55,
            "reinvestment_rate": 40.25,
            "research_to_sale_ratio": 2.21,
            "price_fair": 214.38,
            "eps_avg_yearly": 6.13,
            "eps_latest_yearly": 5.68,
            "eps_growth_yearly": 134.39
        },
        "20202": {
            "year_quarter": 20202,
            "year": 2020,
            "quarter": 2,
            "eps": 1.99,
            "eps_growth_year": 6.99,
            "eps_4q": 7.73,
            "eps_4q_growth_year": 3.27,
            "roe": 2.68,
            "roe_4q": 10.6,
            "gross_profit": 864195,
            "gross_margin": 22.95,
            "gross_margin_4q_avg": 21.98,
            "net_income": 361323,
            "net_income_4q": null,
            "revenue": 3766125,
            "revenue_4q": null,
            "common_shares": 1817543,
            "book_valuer_per_share": 73.02,
            "book_valuer_per_share_4q_avg": 73.7,
            "equity": 13273299,
            "current_ratio": 223.28,
            "debt_ratio": 33.1,
            "inventory_turnover_ratio": 1.58,
            "account_receivable_turnover_ratio": 0.8,
            "reinvestment_rate": 8.78,
            "research_to_sale_ratio": 1.9,
            "price_fair": 222.95,
            "eps_avg_yearly": 6.37,
            "eps_latest_yearly": 7.96,
            "eps_growth_yearly": 145.37
        },
        "20203": {
            "year_quarter": 20203,
            "year": 2020,
            "quarter": 3,
            "eps": 2.89,
            "eps_growth_year": 36.97,
            "eps_4q": 8.14,
            "eps_4q_growth_year": 11.92,
            "roe": 3.78,
            "roe_4q": 11.44,
            "gross_profit": 1200925,
            "gross_margin": 26.57,
            "gross_margin_4q_avg": 22.68,
            "net_income": 535388,
            "net_income_4q": null,
            "revenue": 4520679,
            "revenue_4q": null,
            "common_shares": 1917793,
            "book_valuer_per_share": 78.48,
            "book_valuer_per_share_4q_avg": 75.29,
            "equity": 15061913,
            "current_ratio": 257.2,
            "debt_ratio": 30.11,
            "inventory_turnover_ratio": 1.94,
            "account_receivable_turnover_ratio": 0.84,
            "reinvestment_rate": -6.8,
            "research_to_sale_ratio": 1.51,
            "price_fair": 236.34,
            "eps_avg_yearly": 6.75,
            "eps_latest_yearly": 11.56,
            "eps_growth_yearly": 148.02
        },
        "20204": {
            "year_quarter": 20204,
            "year": 2020,
            "quarter": 4,
            "eps": 2.71,
            "eps_growth_year": 19.78,
            "eps_4q": 8.71,
            "eps_4q_growth_year": 21.66,
            "roe": 3.38,
            "roe_4q": 11.73,
            "gross_profit": 1128793,
            "gross_margin": 26.24,
            "gross_margin_4q_avg": 23.3,
            "net_income": 519601,
            "net_income_4q": null,
            "revenue": 4302073,
            "revenue_4q": null,
            "common_shares": 1919203,
            "book_valuer_per_share": 81.86,
            "book_valuer_per_share_4q_avg": 77.21,
            "equity": 15720043,
            "current_ratio": 265.43,
            "debt_ratio": 29.85,
            "inventory_turnover_ratio": 1.82,
            "account_receivable_turnover_ratio": 0.73,
            "reinvestment_rate": -15.78,
            "research_to_sale_ratio": 1.38,
            "price_fair": 236.34,
            "eps_avg_yearly": 6.75,
            "eps_latest_yearly": 10.84,
            "eps_growth_yearly": 121.64
        },
        "20211": {
            "year_quarter": 20211,
            "year": 2021,
            "quarter": 1,
            "eps": 1.54,
            "eps_growth_year": 8.45,
            "eps_4q": 8.89,
            "eps_4q_growth_year": 17.5,
            "roe": 1.86,
            "roe_4q": 11.7,
            "gross_profit": 689129,
            "gross_margin": 21.93,
            "gross_margin_4q_avg": 24.42,
            "net_income": 294807,
            "net_income_4q": null,
            "revenue": 3142950,
            "revenue_4q": null,
            "common_shares": 1920263,
            "book_valuer_per_share": 83.33,
            "book_valuer_per_share_4q_avg": 79.17,
            "equity": 16032773,
            "current_ratio": 302.82,
            "debt_ratio": 26.53,
            "inventory_turnover_ratio": 1.36,
            "account_receivable_turnover_ratio": 0.58,
            "reinvestment_rate": -16.62,
            "research_to_sale_ratio": 2.16,
            "price_fair": 246.31,
            "eps_avg_yearly": 7.04,
            "eps_latest_yearly": 6.16,
            "eps_growth_yearly": 132.16
        },
        "20212": {
            "year_quarter": 20212,
            "year": 2021,
            "quarter": 2,
            "eps": 1.77,
            "eps_growth_year": -11.06,
            "eps_4q": 8.78,
            "eps_4q_growth_year": 13.57,
            "roe": 2.1,
            "roe_4q": 11.12,
            "gross_profit": 621961,
            "gross_margin": 21.53,
            "gross_margin_4q_avg": 24.07,
            "net_income": 339475,
            "net_income_4q": null,
            "revenue": 2888461,
            "revenue_4q": null,
            "common_shares": 1924053,
            "book_valuer_per_share": 84.73,
            "book_valuer_per_share_4q_avg": 82.1,
            "equity": 16308651,
            "current_ratio": 343.46,
            "debt_ratio": 23.14,
            "inventory_turnover_ratio": 1.28,
            "account_receivable_turnover_ratio": 0.64,
            "reinvestment_rate": -17.31,
            "research_to_sale_ratio": 2.42,
            "price_fair": 249.9,
            "eps_avg_yearly": 7.14,
            "eps_latest_yearly": 7.08,
            "eps_growth_yearly": 75.89
        },
        "20213": {
            "year_quarter": 20213,
            "year": 2021,
            "quarter": 3,
            "eps": 1.19,
            "eps_growth_year": -58.82,
            "eps_4q": 7.18,
            "eps_4q_growth_year": -11.81,
            "roe": 1.45,
            "roe_4q": 8.79,
            "gross_profit": 515892,
            "gross_margin": 18.77,
            "gross_margin_4q_avg": 22.12,
            "net_income": 228465,
            "net_income_4q": null,
            "revenue": 2748681,
            "revenue_4q": null,
            "common_shares": 1924853,
            "book_valuer_per_share": 78.92,
            "book_valuer_per_share_4q_avg": 82.21,
            "equity": 15191523,
            "current_ratio": 335.76,
            "debt_ratio": 23,
            "inventory_turnover_ratio": 1.37,
            "account_receivable_turnover_ratio": 0.7,
            "reinvestment_rate": -15.88,
            "research_to_sale_ratio": 2.36,
            "price_fair": 246.23,
            "eps_avg_yearly": 7.04,
            "eps_latest_yearly": 4.76,
            "eps_growth_yearly": 63.11
        },
        "20214": {
            "year_quarter": 20214,
            "year": 2021,
            "quarter": 4,
            "eps": 1.59,
            "eps_growth_year": -41.08,
            "eps_4q": 6.08,
            "eps_4q_growth_year": -30.26,
            "roe": 2,
            "roe_4q": 7.410000000000001,
            "gross_profit": 611625,
            "gross_margin": 18.2,
            "gross_margin_4q_avg": 20.11,
            "net_income": 306856,
            "net_income_4q": null,
            "revenue": 3360857,
            "revenue_4q": null,
            "common_shares": 1924853,
            "book_valuer_per_share": 80.66,
            "book_valuer_per_share_4q_avg": 81.91,
            "equity": 15526781,
            "current_ratio": 319.06,
            "debt_ratio": 27.3,
            "inventory_turnover_ratio": 1.65,
            "account_receivable_turnover_ratio": 0.8,
            "reinvestment_rate": -7.57,
            "research_to_sale_ratio": 1.51,
            "price_fair": 253.75,
            "eps_avg_yearly": 7.25,
            "eps_latest_yearly": 6.36,
            "eps_growth_yearly": 85.18
        },
        "20221": {
            "year_quarter": 20221,
            "year": 2022,
            "quarter": 1,
            "eps": 1.71,
            "eps_growth_year": 11.04,
            "eps_4q": 6.25,
            "eps_4q_growth_year": -29.72,
            "roe": 2.08,
            "roe_4q": 7.630000000000001,
            "gross_profit": 527657,
            "gross_margin": 17.63,
            "gross_margin_4q_avg": 19.03,
            "net_income": 328228,
            "net_income_4q": null,
            "revenue": 2993489,
            "revenue_4q": null,
            "common_shares": 1924853,
            "book_valuer_per_share": 83.09,
            "book_valuer_per_share_4q_avg": 81.85,
            "equity": 15993689,
            "current_ratio": 265.61,
            "debt_ratio": 28.2,
            "inventory_turnover_ratio": 1.44,
            "account_receivable_turnover_ratio": 0.63,
            "reinvestment_rate": -9.94,
            "research_to_sale_ratio": 1.56,
            "price_fair": 264.95,
            "eps_avg_yearly": 7.57,
            "eps_latest_yearly": 6.84,
            "eps_growth_yearly": 97.34
        },
        "20222": {
            "year_quarter": 20222,
            "year": 2022,
            "quarter": 2,
            "eps": 2.2,
            "eps_growth_year": 24.29,
            "eps_4q": 6.68,
            "eps_4q_growth_year": -23.86,
            "roe": 2.69,
            "roe_4q": 8.219999999999999,
            "gross_profit": 616847,
            "gross_margin": 20.45,
            "gross_margin_4q_avg": 18.76,
            "net_income": 422670,
            "net_income_4q": null,
            "revenue": 3016638,
            "revenue_4q": null,
            "common_shares": 1924853,
            "book_valuer_per_share": 79.94,
            "book_valuer_per_share_4q_avg": 80.65,
            "equity": 15387594,
            "current_ratio": 235.63,
            "debt_ratio": 31.29,
            "inventory_turnover_ratio": 1.31,
            "account_receivable_turnover_ratio": 0.63,
            "reinvestment_rate": -8.76,
            "research_to_sale_ratio": 1.61,
            "price_fair": 270.2,
            "eps_avg_yearly": 7.72,
            "eps_latest_yearly": 8.8,
            "eps_growth_yearly": 36.48
        },
        "20223": {
            "year_quarter": 20223,
            "year": 2022,
            "quarter": 3,
            "eps": 3.91,
            "eps_growth_year": 228.57,
            "eps_4q": 9.61,
            "eps_4q_growth_year": 33.75,
            "roe": 4.79,
            "roe_4q": 11.56,
            "gross_profit": 806668,
            "gross_margin": 24.04,
            "gross_margin_4q_avg": 20.08,
            "net_income": 747430,
            "net_income_4q": null,
            "revenue": 3355358,
            "revenue_4q": null,
            "common_shares": 1924853,
            "book_valuer_per_share": 84.18,
            "book_valuer_per_share_4q_avg": 81.97,
            "equity": 15819939,
            "current_ratio": 266.68,
            "debt_ratio": 28.88,
            "inventory_turnover_ratio": 1.36,
            "account_receivable_turnover_ratio": 0.67,
            "reinvestment_rate": -6.9,
            "research_to_sale_ratio": 1.57,
            "price_fair": 284.64,
            "eps_avg_yearly": 8.13,
            "eps_latest_yearly": 15.64,
            "eps_growth_yearly": 45.6
        },
        "20224": {
            "year_quarter": 20224,
            "year": 2022,
            "quarter": 4,
            "eps": 0.86,
            "eps_growth_year": -46.26,
            "eps_4q": 8.84,
            "eps_4q_growth_year": 45.44,
            "roe": 1.01,
            "roe_4q": 10.57,
            "gross_profit": 550544,
            "gross_margin": 22.39,
            "gross_margin_4q_avg": 21.13,
            "net_income": 160856,
            "net_income_4q": null,
            "revenue": 2459213,
            "revenue_4q": null,
            "common_shares": 1877483,
            "book_valuer_per_share": 84.58,
            "book_valuer_per_share_4q_avg": 82.95,
            "equity": 15880416,
            "current_ratio": 254.39,
            "debt_ratio": 25.93,
            "inventory_turnover_ratio": 1.11,
            "account_receivable_turnover_ratio": 0.5,
            "reinvestment_rate": -7.86,
            "research_to_sale_ratio": 2.05,
            "price_fair": 269.53,
            "eps_avg_yearly": 7.75,
            "eps_latest_yearly": 3.44,
            "eps_growth_yearly": 24.77
        },
        "20231": {
            "year_quarter": 20231,
            "year": 2023,
            "quarter": 1,
            "eps": 0.67,
            "eps_growth_year": -60.82,
            "eps_4q": 7.76,
            "eps_4q_growth_year": 24.12,
            "roe": 0.79,
            "roe_4q": 9.28,
            "gross_profit": 297675,
            "gross_margin": 15.83,
            "gross_margin_4q_avg": 20.68,
            "net_income": 125529,
            "net_income_4q": null,
            "revenue": 1879933,
            "revenue_4q": null,
            "common_shares": 1877483,
            "book_valuer_per_share": 85.33,
            "book_valuer_per_share_4q_avg": 83.51,
            "equity": 16020352,
            "current_ratio": 279.9,
            "debt_ratio": 23.31,
            "inventory_turnover_ratio": 0.98,
            "account_receivable_turnover_ratio": 0.5,
            "reinvestment_rate": -7.74,
            "research_to_sale_ratio": 2.2,
            "price_fair": 268.45,
            "eps_avg_yearly": 7.67,
            "eps_latest_yearly": 2.68,
            "eps_growth_yearly": 33.74
        },
        "20232": {
            "year_quarter": 20232,
            "year": 2023,
            "quarter": 2,
            "eps": 1.05,
            "eps_growth_year": -52.27,
            "eps_4q": 6.56,
            "eps_4q_growth_year": -1.86,
            "roe": 1.27,
            "roe_4q": 7.86,
            "gross_profit": 396243,
            "gross_margin": 16.91,
            "gross_margin_4q_avg": 19.79,
            "net_income": 197435,
            "net_income_4q": null,
            "revenue": 2343895,
            "revenue_4q": null,
            "common_shares": 1877483,
            "book_valuer_per_share": 80.05,
            "book_valuer_per_share_4q_avg": 83.54,
            "equity": 15028685,
            "current_ratio": 207.12,
            "debt_ratio": 30.96,
            "inventory_turnover_ratio": 1.26,
            "account_receivable_turnover_ratio": 0.73,
            "reinvestment_rate": -7.87,
            "research_to_sale_ratio": 3.55,
            "price_fair": 261.36,
            "eps_avg_yearly": 7.47,
            "eps_latest_yearly": 4.2,
            "eps_growth_yearly": 26.42
        },
        "20233": {
            "year_quarter": 20233,
            "year": 2023,
            "quarter": 3,
            "eps": 1.6,
            "eps_growth_year": -59.08,
            "eps_4q": 4.18,
            "eps_4q_growth_year": -56.51,
            "roe": 1.97,
            "roe_4q": 5.04,
            "gross_profit": 542085,
            "gross_margin": 19.01,
            "gross_margin_4q_avg": 18.54,
            "net_income": 300483,
            "net_income_4q": null,
            "revenue": 2851665,
            "revenue_4q": null,
            "common_shares": 1877483,
            "book_valuer_per_share": 82.26,
            "book_valuer_per_share_4q_avg": 83.06,
            "equity": 15443470,
            "current_ratio": 222.73,
            "debt_ratio": 28.88,
            "inventory_turnover_ratio": 1.52,
            "account_receivable_turnover_ratio": 0.77,
            "reinvestment_rate": -8.15,
            "research_to_sale_ratio": 3.33,
            "price_fair": 256.9,
            "eps_avg_yearly": 7.34,
            "eps_latest_yearly": 6.4,
            "eps_growth_yearly": 36.15
        }
    },
    "months": {
        "2004-08": {
            "month": "2004-08",
            "price": "36.65",
            "revenue": 105401
        },
        "2004-09": {
            "month": "2004-09",
            "price": "36.79",
            "revenue": 133362
        },
        "2004-10": {
            "month": "2004-10",
            "price": "35.90",
            "revenue": 153998
        },
        "2004-11": {
            "month": "2004-11",
            "price": "35.05",
            "revenue": 143408
        },
        "2004-12": {
            "month": "2004-12",
            "price": "34.38",
            "revenue": 147586
        },
        "2005-01": {
            "month": "2005-01",
            "price": "36.08",
            "revenue": 129424
        },
        "2005-02": {
            "month": "2005-02",
            "price": "37.71",
            "revenue": 120118
        },
        "2005-03": {
            "month": "2005-03",
            "price": "42.48",
            "revenue": 190027
        },
        "2005-04": {
            "month": "2005-04",
            "price": "42.60",
            "revenue": 205858
        },
        "2005-05": {
            "month": "2005-05",
            "price": "40.51",
            "revenue": 187307
        },
        "2005-06": {
            "month": "2005-06",
            "price": "51.00",
            "revenue": 188610
        },
        "2005-07": {
            "month": "2005-07",
            "price": "71.11",
            "revenue": 166733
        },
        "2005-08": {
            "month": "2005-08",
            "price": "100.69",
            "revenue": 177276
        },
        "2005-09": {
            "month": "2005-09",
            "price": "107.06",
            "revenue": 254757
        },
        "2005-10": {
            "month": "2005-10",
            "price": "117.17",
            "revenue": 216292
        },
        "2005-11": {
            "month": "2005-11",
            "price": "116.28",
            "revenue": 181641
        },
        "2005-12": {
            "month": "2005-12",
            "price": "156.50",
            "revenue": 159339
        },
        "2006-01": {
            "month": "2006-01",
            "price": "165.08",
            "revenue": 237829
        },
        "2006-02": {
            "month": "2006-02",
            "price": "208.88",
            "revenue": 135282
        },
        "2006-03": {
            "month": "2006-03",
            "price": "236.98",
            "revenue": 193908
        },
        "2006-04": {
            "month": "2006-04",
            "price": "226.87",
            "revenue": 161467
        },
        "2006-05": {
            "month": "2006-05",
            "price": "201.48",
            "revenue": 185027
        },
        "2006-06": {
            "month": "2006-06",
            "price": "166.82",
            "revenue": 285188
        },
        "2006-07": {
            "month": "2006-07",
            "price": "153.33",
            "revenue": 257019
        },
        "2006-08": {
            "month": "2006-08",
            "price": "157.96",
            "revenue": 279144
        },
        "2006-09": {
            "month": "2006-09",
            "price": "186.60",
            "revenue": 273040
        },
        "2006-10": {
            "month": "2006-10",
            "price": "202.40",
            "revenue": 311814
        },
        "2006-11": {
            "month": "2006-11",
            "price": "216.27",
            "revenue": 328013
        },
        "2006-12": {
            "month": "2006-12",
            "price": "221.24",
            "revenue": 264969
        },
        "2007-01": {
            "month": "2007-01",
            "price": "215.43",
            "revenue": 259089
        },
        "2007-02": {
            "month": "2007-02",
            "price": "197.75",
            "revenue": 186219
        },
        "2007-03": {
            "month": "2007-03",
            "price": "203.61",
            "revenue": 289498
        },
        "2007-04": {
            "month": "2007-04",
            "price": "214.75",
            "revenue": 255396
        },
        "2007-05": {
            "month": "2007-05",
            "price": "218.27",
            "revenue": 273800
        },
        "2007-06": {
            "month": "2007-06",
            "price": "227.68",
            "revenue": 313908
        },
        "2007-07": {
            "month": "2007-07",
            "price": "247.70",
            "revenue": 321315
        },
        "2007-08": {
            "month": "2007-08",
            "price": "218.63",
            "revenue": 434416
        },
        "2007-09": {
            "month": "2007-09",
            "price": "231.56",
            "revenue": 356007
        },
        "2007-10": {
            "month": "2007-10",
            "price": "231.43",
            "revenue": 354207
        },
        "2007-11": {
            "month": "2007-11",
            "price": "214.66",
            "revenue": 224163
        },
        "2007-12": {
            "month": "2007-12",
            "price": "199.00",
            "revenue": 145995
        },
        "2008-01": {
            "month": "2008-01",
            "price": "159.16",
            "revenue": 294290
        },
        "2008-02": {
            "month": "2008-02",
            "price": "147.00",
            "revenue": 212626
        },
        "2008-03": {
            "month": "2008-03",
            "price": "147.17",
            "revenue": 289282
        },
        "2008-04": {
            "month": "2008-04",
            "price": "166.88",
            "revenue": 323471
        },
        "2008-05": {
            "month": "2008-05",
            "price": "188.17",
            "revenue": 317488
        },
        "2008-06": {
            "month": "2008-06",
            "price": "175.64",
            "revenue": 267661
        },
        "2008-07": {
            "month": "2008-07",
            "price": "149.45",
            "revenue": 327931
        },
        "2008-08": {
            "month": "2008-08",
            "price": "152.17",
            "revenue": 389639
        },
        "2008-09": {
            "month": "2008-09",
            "price": "138.76",
            "revenue": 313053
        },
        "2008-10": {
            "month": "2008-10",
            "price": "117.93",
            "revenue": 481392
        },
        "2008-11": {
            "month": "2008-11",
            "price": "90.63",
            "revenue": 241490
        },
        "2008-12": {
            "month": "2008-12",
            "price": "80.93",
            "revenue": 128293
        },
        "2009-01": {
            "month": "2009-01",
            "price": "81.96",
            "revenue": 395455
        },
        "2009-02": {
            "month": "2009-02",
            "price": "77.45",
            "revenue": 456979
        },
        "2009-03": {
            "month": "2009-03",
            "price": "102.43",
            "revenue": 619444
        },
        "2009-04": {
            "month": "2009-04",
            "price": "124.39",
            "revenue": 643844
        },
        "2009-05": {
            "month": "2009-05",
            "price": "156.31",
            "revenue": 619284
        },
        "2009-06": {
            "month": "2009-06",
            "price": "152.61",
            "revenue": 651392
        },
        "2009-07": {
            "month": "2009-07",
            "price": "182.54",
            "revenue": 651424
        },
        "2009-08": {
            "month": "2009-08",
            "price": "177.88",
            "revenue": 615502
        },
        "2009-09": {
            "month": "2009-09",
            "price": "181.36",
            "revenue": 675251
        },
        "2009-10": {
            "month": "2009-10",
            "price": "162.02",
            "revenue": 626878
        },
        "2009-11": {
            "month": "2009-11",
            "price": "152.69",
            "revenue": 558129
        },
        "2009-12": {
            "month": "2009-12",
            "price": "151.09",
            "revenue": 515535
        },
        "2010-01": {
            "month": "2010-01",
            "price": "149.92",
            "revenue": 534439
        },
        "2010-02": {
            "month": "2010-02",
            "price": "120.29",
            "revenue": 392713
        },
        "2010-03": {
            "month": "2010-03",
            "price": "129.67",
            "revenue": 607215
        },
        "2010-04": {
            "month": "2010-04",
            "price": "130.57",
            "revenue": 583501
        },
        "2010-05": {
            "month": "2010-05",
            "price": "112.19",
            "revenue": 461129
        },
        "2010-06": {
            "month": "2010-06",
            "price": "103.20",
            "revenue": 509711
        },
        "2010-07": {
            "month": "2010-07",
            "price": "103.08",
            "revenue": 423245
        },
        "2010-08": {
            "month": "2010-08",
            "price": "93.04",
            "revenue": 462983
        },
        "2010-09": {
            "month": "2010-09",
            "price": "81.50",
            "revenue": 653124
        },
        "2010-10": {
            "month": "2010-10",
            "price": "81.61",
            "revenue": 655637
        },
        "2010-11": {
            "month": "2010-11",
            "price": "70.90",
            "revenue": 767804
        },
        "2010-12": {
            "month": "2010-12",
            "price": "79.35",
            "revenue": 621181
        },
        "2011-01": {
            "month": "2011-01",
            "price": "78.50",
            "revenue": 677805
        },
        "2011-02": {
            "month": "2011-02",
            "price": "74.17",
            "revenue": 530876
        },
        "2011-03": {
            "month": "2011-03",
            "price": "73.45",
            "revenue": 650882
        },
        "2011-04": {
            "month": "2011-04",
            "price": "72.33",
            "revenue": 672884
        },
        "2011-05": {
            "month": "2011-05",
            "price": "62.51",
            "revenue": 641265
        },
        "2011-06": {
            "month": "2011-06",
            "price": "59.80",
            "revenue": 705190
        },
        "2011-07": {
            "month": "2011-07",
            "price": "71.48",
            "revenue": 656333
        },
        "2011-08": {
            "month": "2011-08",
            "price": "64.84",
            "revenue": 651301
        },
        "2011-09": {
            "month": "2011-09",
            "price": "54.59",
            "revenue": 696125
        },
        "2011-10": {
            "month": "2011-10",
            "price": "60.78",
            "revenue": 664749
        },
        "2011-11": {
            "month": "2011-11",
            "price": "54.90",
            "revenue": 636907
        },
        "2011-12": {
            "month": "2011-12",
            "price": "56.10",
            "revenue": 618162
        },
        "2012-01": {
            "month": "2012-01",
            "price": "59.07",
            "revenue": 506331
        },
        "2012-02": {
            "month": "2012-02",
            "price": "74.50",
            "revenue": 599746
        },
        "2012-03": {
            "month": "2012-03",
            "price": "82.87",
            "revenue": 623532
        },
        "2012-04": {
            "month": "2012-04",
            "price": "75.94",
            "revenue": 637501
        },
        "2012-05": {
            "month": "2012-05",
            "price": "80.25",
            "revenue": 713309
        },
        "2012-06": {
            "month": "2012-06",
            "price": "82.40",
            "revenue": 750823
        },
        "2012-07": {
            "month": "2012-07",
            "price": "84.92",
            "revenue": 705334
        },
        "2012-08": {
            "month": "2012-08",
            "price": "104.14",
            "revenue": 697172
        },
        "2012-09": {
            "month": "2012-09",
            "price": "109.02",
            "revenue": 719572
        },
        "2012-10": {
            "month": "2012-10",
            "price": "102.31",
            "revenue": 730899
        },
        "2012-11": {
            "month": "2012-11",
            "price": "95.91",
            "revenue": 735323
        },
        "2012-12": {
            "month": "2012-12",
            "price": "92.68",
            "revenue": 706962
        },
        "2013-01": {
            "month": "2013-01",
            "price": "89.11",
            "revenue": 671212
        },
        "2013-02": {
            "month": "2013-02",
            "price": "92.69",
            "revenue": 515252
        },
        "2013-03": {
            "month": "2013-03",
            "price": "91.39",
            "revenue": 590195
        },
        "2013-04": {
            "month": "2013-04",
            "price": "78.86",
            "revenue": 619669
        },
        "2013-05": {
            "month": "2013-05",
            "price": "77.92",
            "revenue": 609532
        },
        "2013-06": {
            "month": "2013-06",
            "price": "75.94",
            "revenue": 653467
        },
        "2013-07": {
            "month": "2013-07",
            "price": "71.06",
            "revenue": 740739
        },
        "2013-08": {
            "month": "2013-08",
            "price": "61.25",
            "revenue": 746377
        },
        "2013-09": {
            "month": "2013-09",
            "price": "65.40",
            "revenue": 644986
        },
        "2013-10": {
            "month": "2013-10",
            "price": "63.02",
            "revenue": 630367
        },
        "2013-11": {
            "month": "2013-11",
            "price": "62.88",
            "revenue": 618260
        },
        "2013-12": {
            "month": "2013-12",
            "price": "68.90",
            "revenue": 727767
        },
        "2014-01": {
            "month": "2014-01",
            "price": "76.57",
            "revenue": 686414
        },
        "2014-02": {
            "month": "2014-02",
            "price": "76.66",
            "revenue": 488578
        },
        "2014-03": {
            "month": "2014-03",
            "price": "73.62",
            "revenue": 609350
        },
        "2014-04": {
            "month": "2014-04",
            "price": "75.19",
            "revenue": 611180
        },
        "2014-05": {
            "month": "2014-05",
            "price": "80.54",
            "revenue": 653153
        },
        "2014-06": {
            "month": "2014-06",
            "price": "89.56",
            "revenue": 678882
        },
        "2014-07": {
            "month": "2014-07",
            "price": "82.69",
            "revenue": 681299
        },
        "2014-08": {
            "month": "2014-08",
            "price": "78.68",
            "revenue": 682465
        },
        "2014-09": {
            "month": "2014-09",
            "price": "78.15",
            "revenue": 700934
        },
        "2014-10": {
            "month": "2014-10",
            "price": "69.14",
            "revenue": 707890
        },
        "2014-11": {
            "month": "2014-11",
            "price": "66.67",
            "revenue": 702845
        },
        "2014-12": {
            "month": "2014-12",
            "price": "71.08",
            "revenue": 703330
        },
        "2015-01": {
            "month": "2015-01",
            "price": "70.36",
            "revenue": 710528
        },
        "2015-02": {
            "month": "2015-02",
            "price": "73.58",
            "revenue": 612379
        },
        "2015-03": {
            "month": "2015-03",
            "price": "81.74",
            "revenue": 651956
        },
        "2015-04": {
            "month": "2015-04",
            "price": "82.59",
            "revenue": 683593
        },
        "2015-05": {
            "month": "2015-05",
            "price": "95.15",
            "revenue": 680474
        },
        "2015-06": {
            "month": "2015-06",
            "price": "99.30",
            "revenue": 651567
        },
        "2015-07": {
            "month": "2015-07",
            "price": "87.89",
            "revenue": 617867
        },
        "2015-08": {
            "month": "2015-08",
            "price": "78.35",
            "revenue": 669138
        },
        "2015-09": {
            "month": "2015-09",
            "price": "89.88",
            "revenue": 749417
        },
        "2015-10": {
            "month": "2015-10",
            "price": "98.10",
            "revenue": 821049
        },
        "2015-11": {
            "month": "2015-11",
            "price": "109.14",
            "revenue": 831528
        },
        "2015-12": {
            "month": "2015-12",
            "price": "120.43",
            "revenue": 774409
        },
        "2016-01": {
            "month": "2016-01",
            "price": "118.29",
            "revenue": 602809
        },
        "2016-02": {
            "month": "2016-02",
            "price": "109.62",
            "revenue": 426453
        },
        "2016-03": {
            "month": "2016-03",
            "price": "110.02",
            "revenue": 646379
        },
        "2016-04": {
            "month": "2016-04",
            "price": "103.35",
            "revenue": 537732
        },
        "2016-05": {
            "month": "2016-05",
            "price": "99.52",
            "revenue": 651598
        },
        "2016-06": {
            "month": "2016-06",
            "price": "109.17",
            "revenue": 654612
        },
        "2016-07": {
            "month": "2016-07",
            "price": "107.02",
            "revenue": 681663
        },
        "2016-08": {
            "month": "2016-08",
            "price": "111.02",
            "revenue": 738734
        },
        "2016-09": {
            "month": "2016-09",
            "price": "104.50",
            "revenue": 770050
        },
        "2016-10": {
            "month": "2016-10",
            "price": "105.58",
            "revenue": 718621
        },
        "2016-11": {
            "month": "2016-11",
            "price": "87.09",
            "revenue": 805516
        },
        "2016-12": {
            "month": "2016-12",
            "price": "84.17",
            "revenue": 870906
        },
        "2017-01": {
            "month": "2017-01",
            "price": "84.36",
            "revenue": 506961
        },
        "2017-02": {
            "month": "2017-02",
            "price": "88.28",
            "revenue": 560837
        },
        "2017-03": {
            "month": "2017-03",
            "price": "88.19",
            "revenue": 712987
        },
        "2017-04": {
            "month": "2017-04",
            "price": "83.85",
            "revenue": 702856
        },
        "2017-05": {
            "month": "2017-05",
            "price": "86.51",
            "revenue": 802250
        },
        "2017-06": {
            "month": "2017-06",
            "price": "98.97",
            "revenue": 748782
        },
        "2017-07": {
            "month": "2017-07",
            "price": "95.80",
            "revenue": 826769
        },
        "2017-08": {
            "month": "2017-08",
            "price": "87.17",
            "revenue": 839432
        },
        "2017-09": {
            "month": "2017-09",
            "price": "83.70",
            "revenue": 809009
        },
        "2017-10": {
            "month": "2017-10",
            "price": "84.23",
            "revenue": 675450
        },
        "2017-11": {
            "month": "2017-11",
            "price": "81.51",
            "revenue": 746037
        },
        "2017-12": {
            "month": "2017-12",
            "price": "74.38",
            "revenue": 724679
        },
        "2018-01": {
            "month": "2018-01",
            "price": "80.68",
            "revenue": 728234
        },
        "2018-02": {
            "month": "2018-02",
            "price": "85.80",
            "revenue": 527092
        },
        "2018-03": {
            "month": "2018-03",
            "price": "88.23",
            "revenue": 601677
        },
        "2018-04": {
            "month": "2018-04",
            "price": "82.96",
            "revenue": 680253
        },
        "2018-05": {
            "month": "2018-05",
            "price": "82.39",
            "revenue": 757230
        },
        "2018-06": {
            "month": "2018-06",
            "price": "87.92",
            "revenue": 810335
        },
        "2018-07": {
            "month": "2018-07",
            "price": "91.90",
            "revenue": 891432
        },
        "2018-08": {
            "month": "2018-08",
            "price": "90.01",
            "revenue": 962500
        },
        "2018-09": {
            "month": "2018-09",
            "price": "85.73",
            "revenue": 936192
        },
        "2018-10": {
            "month": "2018-10",
            "price": "81.54",
            "revenue": 919573
        },
        "2018-11": {
            "month": "2018-11",
            "price": "79.85",
            "revenue": 926993
        },
        "2018-12": {
            "month": "2018-12",
            "price": "85.33",
            "revenue": 903413
        },
        "2019-01": {
            "month": "2019-01",
            "price": "86.50",
            "revenue": 854942
        },
        "2019-02": {
            "month": "2019-02",
            "price": "101.40",
            "revenue": 486278
        },
        "2019-03": {
            "month": "2019-03",
            "price": "107.55",
            "revenue": 774463
        },
        "2019-04": {
            "month": "2019-04",
            "price": "114.80",
            "revenue": 894366
        },
        "2019-05": {
            "month": "2019-05",
            "price": "114.00",
            "revenue": 948048
        },
        "2019-06": {
            "month": "2019-06",
            "price": "111.84",
            "revenue": 932341
        },
        "2019-07": {
            "month": "2019-07",
            "price": "119.39",
            "revenue": 963770
        },
        "2019-08": {
            "month": "2019-08",
            "price": "120.24",
            "revenue": 968573
        },
        "2019-09": {
            "month": "2019-09",
            "price": "123.53",
            "revenue": 1060385
        },
        "2019-10": {
            "month": "2019-10",
            "price": "120.60",
            "revenue": 1196840
        },
        "2019-11": {
            "month": "2019-11",
            "price": "125.10",
            "revenue": 1350578
        },
        "2019-12": {
            "month": "2019-12",
            "price": "124.45",
            "revenue": 1388026
        },
        "2020-01": {
            "month": "2020-01",
            "price": "139.87",
            "revenue": 1045650
        },
        "2020-02": {
            "month": "2020-02",
            "price": "147.45",
            "revenue": 673168
        },
        "2020-03": {
            "month": "2020-03",
            "price": "118.21",
            "revenue": 925088
        },
        "2020-04": {
            "month": "2020-04",
            "price": "126.75",
            "revenue": 1228000
        },
        "2020-05": {
            "month": "2020-05",
            "price": "130.62",
            "revenue": 1270574
        },
        "2020-06": {
            "month": "2020-06",
            "price": "144.22",
            "revenue": 1267551
        },
        "2020-07": {
            "month": "2020-07",
            "price": "158.41",
            "revenue": 1308485
        },
        "2020-08": {
            "month": "2020-08",
            "price": "150.81",
            "revenue": 1416938
        },
        "2020-09": {
            "month": "2020-09",
            "price": "141.07",
            "revenue": 1795256
        },
        "2020-10": {
            "month": "2020-10",
            "price": "143.95",
            "revenue": 1307394
        },
        "2020-11": {
            "month": "2020-11",
            "price": "146.24",
            "revenue": 1468917
        },
        "2020-12": {
            "month": "2020-12",
            "price": "139.04",
            "revenue": 1525762
        },
        "2021-01": {
            "month": "2021-01",
            "price": "129.92",
            "revenue": 1330183
        },
        "2021-02": {
            "month": "2021-02",
            "price": "127.04",
            "revenue": 829615
        },
        "2021-03": {
            "month": "2021-03",
            "price": "129.02",
            "revenue": 983152
        },
        "2021-04": {
            "month": "2021-04",
            "price": "124.18",
            "revenue": 1115878
        },
        "2021-05": {
            "month": "2021-05",
            "price": "107.76",
            "revenue": 919225
        },
        "2021-06": {
            "month": "2021-06",
            "price": "112.55",
            "revenue": 853358
        },
        "2021-07": {
            "month": "2021-07",
            "price": "120.98",
            "revenue": 855567
        },
        "2021-08": {
            "month": "2021-08",
            "price": "104.21",
            "revenue": 954311
        },
        "2021-09": {
            "month": "2021-09",
            "price": "103.82",
            "revenue": 938803
        },
        "2021-10": {
            "month": "2021-10",
            "price": "100.32",
            "revenue": 1030035
        },
        "2021-11": {
            "month": "2021-11",
            "price": "98.08",
            "revenue": 1178983
        },
        "2021-12": {
            "month": "2021-12",
            "price": "93.75",
            "revenue": 1151839
        },
        "2022-01": {
            "month": "2022-01",
            "price": "95.23",
            "revenue": 1248392
        },
        "2022-02": {
            "month": "2022-02",
            "price": "94.27",
            "revenue": 669385
        },
        "2022-03": {
            "month": "2022-03",
            "price": "84.74",
            "revenue": 1075712
        },
        "2022-04": {
            "month": "2022-04",
            "price": "82.78",
            "revenue": 889479
        },
        "2022-05": {
            "month": "2022-05",
            "price": "84.24",
            "revenue": 1031917
        },
        "2022-06": {
            "month": "2022-06",
            "price": "85.69",
            "revenue": 1095242
        },
        "2022-07": {
            "month": "2022-07",
            "price": "78.09",
            "revenue": 1184575
        },
        "2022-08": {
            "month": "2022-08",
            "price": "84.74",
            "revenue": 1183511
        },
        "2022-09": {
            "month": "2022-09",
            "price": "90.68",
            "revenue": 987272
        },
        "2022-10": {
            "month": "2022-10",
            "price": "81.44",
            "revenue": 867834
        },
        "2022-11": {
            "month": "2022-11",
            "price": "81.93",
            "revenue": 827527
        },
        "2022-12": {
            "month": "2022-12",
            "price": "82.57",
            "revenue": 763852
        },
        "2023-01": {
            "month": "2023-01",
            "price": "82.19",
            "revenue": 640160
        },
        "2023-02": {
            "month": "2023-02",
            "price": "86.96",
            "revenue": 522652
        },
        "2023-03": {
            "month": "2023-03",
            "price": "87.02",
            "revenue": 717121
        },
        "2023-04": {
            "month": "2023-04",
            "price": "88.22",
            "revenue": 674336
        },
        "2023-05": {
            "month": "2023-05",
            "price": "90.47",
            "revenue": 875103
        },
        "2023-06": {
            "month": "2023-06",
            "price": "91.52",
            "revenue": 794456
        },
        "2023-07": {
            "month": "2023-07",
            "price": "89.00",
            "revenue": 911002
        },
        "2023-08": {
            "month": "2023-08",
            "price": "81.96",
            "revenue": 1000492
        },
        "2023-09": {
            "month": "2023-09",
            "price": "82.80",
            "revenue": 940171
        },
        "2023-10": {
            "month": "2023-10",
            "price": "87.63",
            "revenue": 943686
        },
        "2023-11": {
            "month": "2023-11",
            "price": "115.22",
            "revenue": 1048455
        },
        "2023-12": {
            "month": "2023-12",
            "price": "122.45",
            "revenue": 1000113
        }
    }
}
