{
    "summary": {
        "stock_name": "彬台",
        "stock_id": "3379",
        "category": "電機機械",
        "main_business": "食品、飲料、生物科技之整廠自動化生產設備之系統整合及銷售業務<br>食品、化工、包裝之機械及原料、包材與香料等之買賣及進出口業務<br>代理國內外廠商報價投標業務及前項各工程之規劃設計安裝試車業務",
        "website_url": "http://www.taibeco.com",
        "ceo": "林添進",
        "pe_ratio": -16,
        "report_year_from": 2003,
        "report_year_to": 2023,
        "age": 21,
        "eps_negative_percentage": 54,
        "eps_growth_avg": {
            "last_all": -53.74,
            "last_2y": -70.65,
            "last_4y": -70.65,
            "last_8y": -80.43,
            "last_12y": null,
            "last_16y": null,
            "last_20y": null,
            "at_2006_last_3y": null,
            "at_2007_last_3y": null,
            "at_2008_last_3y": null,
            "at_2009_last_3y": null,
            "at_2010_last_3y": null,
            "at_2011_last_3y": null,
            "at_2012_last_3y": null,
            "at_2013_last_3y": null,
            "at_2014_last_3y": null,
            "at_2015_last_3y": -45.28,
            "at_2016_last_3y": -50.39,
            "at_2017_last_3y": -39.83,
            "at_2018_last_3y": -100,
            "at_2019_last_3y": null,
            "at_2020_last_3y": null,
            "at_2021_last_3y": -41.3,
            "at_2022_last_3y": -70.65,
            "at_2023_last_3y": -70.65,
            "at_2024_last_3y": -70.65,
            "at_2006_last_all": null,
            "at_2007_last_all": null,
            "at_2008_last_all": null,
            "at_2009_last_all": null,
            "at_2010_last_all": null,
            "at_2011_last_all": null,
            "at_2012_last_all": null,
            "at_2013_last_all": -50.72,
            "at_2014_last_all": -27.04,
            "at_2015_last_all": -45.28,
            "at_2016_last_all": -45.28,
            "at_2017_last_all": -45.28,
            "at_2018_last_all": -45.28,
            "at_2019_last_all": -45.28,
            "at_2020_last_all": -45.28,
            "at_2021_last_all": -44.48,
            "at_2022_last_all": -53.74,
            "at_2023_last_all": -53.74,
            "at_2024_last_all": -53.74
        },
        "latest_eps": -1.01,
        "latest_price": 15.7,
        "latest_roe": -7.77,
        "latest_gross_margin": 27.81,
        "latest_equity": 525395,
        "latest_revenue": 92427,
        "latest_gross_profit": 25703,
        "latest_net_income": -15391,
        "latest_debt_ratio": 60.46,
        "latest_current_ratio": 102.67,
        "latest_account_receivable_turnover_ratio": 1.45,
        "latest_inventory_turnover_ratio": 0.47,
        "latest_reinvestment_rate": null,
        "latest_research_to_sale_ratio": null
    },
    "eps_dividends": {
        "2001": {
            "cash": 0,
            "stock": 0,
            "eps": 0
        },
        "2002": {
            "cash": 0,
            "stock": 0,
            "eps": 0
        },
        "2003": {
            "cash": 0,
            "stock": 0,
            "eps": 0
        },
        "2004": {
            "cash": 0,
            "stock": 1.5,
            "eps": 0
        },
        "2005": {
            "cash": 0.2,
            "stock": 1,
            "eps": 0
        },
        "2006": {
            "cash": 0,
            "stock": 0.5,
            "eps": 0
        },
        "2007": {
            "cash": 0,
            "stock": 0,
            "eps": 0
        },
        "2008": {
            "cash": 0,
            "stock": 0,
            "eps": 0
        },
        "2009": {
            "cash": 0,
            "stock": 0,
            "eps": 0
        },
        "2010": {
            "cash": 0.7,
            "stock": 0.7,
            "eps": 0
        },
        "2011": {
            "cash": 1,
            "stock": 1,
            "eps": 5.91
        },
        "2012": {
            "cash": 3.5,
            "stock": 0.5,
            "eps": 4.14
        },
        "2013": {
            "cash": 2.2,
            "stock": 0.5,
            "eps": 1.18
        },
        "2014": {
            "cash": 0.5,
            "stock": 0.5,
            "eps": 1.42
        },
        "2015": {
            "cash": 0.6,
            "stock": 0.5,
            "eps": -0.29
        },
        "2016": {
            "cash": 0,
            "stock": 0,
            "eps": -0.56
        },
        "2017": {
            "cash": 0,
            "stock": 0,
            "eps": -0.4
        },
        "2018": {
            "cash": 0,
            "stock": 0,
            "eps": -1.03
        },
        "2019": {
            "cash": 0,
            "stock": 0,
            "eps": -1.61
        },
        "2020": {
            "cash": 0,
            "stock": 0,
            "eps": 0.46
        },
        "2021": {
            "cash": 0.3,
            "stock": 0,
            "eps": 0.27
        },
        "2022": {
            "cash": 0.25,
            "stock": 0,
            "eps": -0.55
        },
        "2023": {
            "cash": 0,
            "stock": 0,
            "eps": -0.97
        }
    },
    "dividends": {
        "2004-04-16": {
            "cash": 0,
            "stock": 1.5
        },
        "2005-04-20": {
            "cash": 0.2,
            "stock": 1
        },
        "2006-04-25": {
            "cash": 0,
            "stock": 0.5
        },
        "2010-04-06": {
            "cash": 0.7,
            "stock": 0.7
        },
        "2011-03-01": {
            "cash": 1,
            "stock": 1
        },
        "2012-06-18": {
            "cash": 3.5,
            "stock": 0.5
        },
        "2013-06-17": {
            "cash": 2.2,
            "stock": 0.5
        },
        "2014-09-19": {
            "cash": 0.5,
            "stock": 0.5
        },
        "2015-09-18": {
            "cash": 0.6,
            "stock": 0.5
        },
        "2021-10-29": {
            "cash": 0.3,
            "stock": 0
        },
        "2022-11-01": {
            "cash": 0.25,
            "stock": 0
        }
    },
    "prices": {
        "200101": "無",
        "200102": "無",
        "200103": "無",
        "200104": "無",
        "200105": "無",
        "200106": "無",
        "200107": "無",
        "200108": "無",
        "200109": "無",
        "200110": "無",
        "200111": "無",
        "200112": "無",
        "200201": "無",
        "200202": "無",
        "200203": "無",
        "200204": "無",
        "200205": "無",
        "200206": "無",
        "200207": "無",
        "200208": "無",
        "200209": "無",
        "200210": "無",
        "200211": "無",
        "200212": "無",
        "200301": "無",
        "200302": "無",
        "200303": "無",
        "200304": "無",
        "200305": "無",
        "200306": "無",
        "200307": "無",
        "200308": "無",
        "200309": "無",
        "200310": "無",
        "200311": "無",
        "200312": "無",
        "200401": "無",
        "200402": "無",
        "200403": "無",
        "200404": "無",
        "200405": "無",
        "200406": "無",
        "200407": "無",
        "200408": "無",
        "200409": "11.78",
        "200410": "13.14",
        "200411": "無",
        "200412": "11.36",
        "200501": "無",
        "200502": "11.80",
        "200503": "10.73",
        "200504": "10.33",
        "200505": "10.36",
        "200506": "9.73",
        "200507": "9.70",
        "200508": "8.81",
        "200509": "8.50",
        "200510": "8.00",
        "200511": "7.30",
        "200512": "9.88",
        "200601": "9.46",
        "200602": "8.75",
        "200603": "無",
        "200604": "9.24",
        "200605": "無",
        "200606": "10.72",
        "200607": "無",
        "200608": "無",
        "200609": "9.85",
        "200610": "8.38",
        "200611": "無",
        "200612": "9.41",
        "200701": "8.34",
        "200702": "8.21",
        "200703": "8.44",
        "200704": "8.39",
        "200705": "6.56",
        "200706": "9.01",
        "200707": "10.15",
        "200708": "11.42",
        "200709": "8.97",
        "200710": "9.76",
        "200711": "9.94",
        "200712": "10.28",
        "200801": "10.13",
        "200802": "無",
        "200803": "10.03",
        "200804": "9.20",
        "200805": "無",
        "200806": "10.22",
        "200807": "9.00",
        "200808": "無",
        "200809": "8.97",
        "200810": "無",
        "200811": "無",
        "200812": "10.07",
        "200901": "無",
        "200902": "8.05",
        "200903": "7.02",
        "200904": "7.40",
        "200905": "7.40",
        "200906": "9.28",
        "200907": "10.37",
        "200908": "9.98",
        "200909": "9.41",
        "200910": "9.35",
        "200911": "9.65",
        "200912": "10.26",
        "201001": "13.56",
        "201002": "15.68",
        "201003": "15.79",
        "201004": "16.37",
        "201005": "15.76",
        "201006": "16.07",
        "201007": "17.05",
        "201008": "17.73",
        "201009": "18.92",
        "201010": "16.66",
        "201011": "16.84",
        "201012": "16.71",
        "201101": "19.71",
        "201102": "22.43",
        "201103": "25.27",
        "201104": "26.80",
        "201105": "29.00",
        "201106": "29.01",
        "201107": "28.77",
        "201108": "31.64",
        "201109": "35.28",
        "201110": "49.09",
        "201111": "60.25",
        "201112": "59.18",
        "201201": "53.30",
        "201202": "68.87",
        "201203": "69.35",
        "201204": "59.71",
        "201205": "58.14",
        "201206": "51.91",
        "201207": "54.12",
        "201208": "52.93",
        "201209": "48.59",
        "201210": "41.95",
        "201211": "46.53",
        "201212": "47.68",
        "201301": "47.70",
        "201302": "48.14",
        "201303": "50.36",
        "201304": "49.76",
        "201305": "44.08",
        "201306": "41.91",
        "201307": "40.54",
        "201308": "35.89",
        "201309": "28.36",
        "201310": "27.28",
        "201311": "23.29",
        "201312": "22.58",
        "201401": "25.83",
        "201402": "26.30",
        "201403": "25.39",
        "201404": "25.51",
        "201405": "22.09",
        "201406": "23.72",
        "201407": "24.32",
        "201408": "22.06",
        "201409": "20.98",
        "201410": "19.94",
        "201411": "18.86",
        "201412": "18.99",
        "201501": "23.30",
        "201502": "23.76",
        "201503": "21.86",
        "201504": "22.13",
        "201505": "20.52",
        "201506": "17.87",
        "201507": "16.70",
        "201508": "13.23",
        "201509": "15.40",
        "201510": "16.86",
        "201511": "15.35",
        "201512": "13.75",
        "201601": "12.44",
        "201602": "12.34",
        "201603": "13.61",
        "201604": "13.32",
        "201605": "11.99",
        "201606": "11.81",
        "201607": "11.93",
        "201608": "11.04",
        "201609": "10.94",
        "201610": "10.60",
        "201611": "9.72",
        "201612": "9.17",
        "201701": "9.82",
        "201702": "10.82",
        "201703": "11.00",
        "201704": "10.66",
        "201705": "15.46",
        "201706": "14.33",
        "201707": "12.69",
        "201708": "12.21",
        "201709": "13.14",
        "201710": "12.75",
        "201711": "11.88",
        "201712": "11.06",
        "201801": "11.68",
        "201802": "10.67",
        "201803": "11.20",
        "201804": "13.73",
        "201805": "12.12",
        "201806": "12.62",
        "201807": "11.69",
        "201808": "11.74",
        "201809": "10.87",
        "201810": "9.57",
        "201811": "8.96",
        "201812": "9.28",
        "201901": "9.57",
        "201902": "10.26",
        "201903": "10.78",
        "201904": "11.01",
        "201905": "10.03",
        "201906": "9.70",
        "201907": "10.04",
        "201908": "9.74",
        "201909": "9.62",
        "201910": "9.88",
        "201911": "9.95",
        "201912": "10.02",
        "202001": "10.21",
        "202002": "9.95",
        "202003": "8.89",
        "202004": "8.52",
        "202005": "8.59",
        "202006": "8.79",
        "202007": "8.72",
        "202008": "10.97",
        "202009": "12.00",
        "202010": "11.79",
        "202011": "11.67",
        "202012": "12.39",
        "202101": "12.21",
        "202102": "12.00",
        "202103": "12.43",
        "202104": "15.75",
        "202105": "14.45",
        "202106": "13.05",
        "202107": "13.70",
        "202108": "12.35",
        "202109": "12.49",
        "202110": "12.30",
        "202111": "12.23",
        "202112": "12.52",
        "202201": "12.49",
        "202202": "12.25",
        "202203": "12.29",
        "202204": "12.65",
        "202205": "11.97",
        "202206": "11.91",
        "202207": "11.68",
        "202208": "12.18",
        "202209": "11.87",
        "202210": "11.41",
        "202211": "11.20",
        "202212": "11.75",
        "202301": "11.92",
        "202302": "11.88",
        "202303": "12.27",
        "202304": "12.49",
        "202305": "12.50",
        "202306": "12.54",
        "202307": "12.96",
        "202308": "12.35",
        "202309": "13.16",
        "202310": "13.87",
        "202311": "14.46",
        "202312": "15.42"
    },
    "quarters": {
        "20011": {
            "year_quarter": 20011,
            "year": 2001,
            "quarter": 1,
            "eps": null,
            "eps_growth_year": null,
            "eps_4q": null,
            "eps_4q_growth_year": null,
            "roe": null,
            "roe_4q": 0,
            "gross_profit": null,
            "gross_margin": null,
            "gross_margin_4q_avg": 0,
            "net_income": null,
            "net_income_4q": null,
            "revenue": null,
            "revenue_4q": null,
            "common_shares": null,
            "book_valuer_per_share": null,
            "book_valuer_per_share_4q_avg": 0,
            "equity": null,
            "current_ratio": null,
            "debt_ratio": null,
            "inventory_turnover_ratio": null,
            "account_receivable_turnover_ratio": null,
            "reinvestment_rate": null,
            "research_to_sale_ratio": null,
            "price_fair": 0,
            "eps_avg_yearly": 0,
            "eps_latest_yearly": 0,
            "eps_growth_yearly": 0
        },
        "20012": {
            "year_quarter": 20012,
            "year": 2001,
            "quarter": 2,
            "eps": null,
            "eps_growth_year": null,
            "eps_4q": null,
            "eps_4q_growth_year": null,
            "roe": null,
            "roe_4q": 0,
            "gross_profit": null,
            "gross_margin": null,
            "gross_margin_4q_avg": 0,
            "net_income": null,
            "net_income_4q": null,
            "revenue": null,
            "revenue_4q": null,
            "common_shares": null,
            "book_valuer_per_share": null,
            "book_valuer_per_share_4q_avg": 0,
            "equity": null,
            "current_ratio": null,
            "debt_ratio": null,
            "inventory_turnover_ratio": null,
            "account_receivable_turnover_ratio": null,
            "reinvestment_rate": null,
            "research_to_sale_ratio": null,
            "price_fair": 0,
            "eps_avg_yearly": 0,
            "eps_latest_yearly": 0,
            "eps_growth_yearly": 0
        },
        "20013": {
            "year_quarter": 20013,
            "year": 2001,
            "quarter": 3,
            "eps": null,
            "eps_growth_year": null,
            "eps_4q": null,
            "eps_4q_growth_year": null,
            "roe": null,
            "roe_4q": 0,
            "gross_profit": null,
            "gross_margin": null,
            "gross_margin_4q_avg": 0,
            "net_income": null,
            "net_income_4q": null,
            "revenue": null,
            "revenue_4q": null,
            "common_shares": null,
            "book_valuer_per_share": null,
            "book_valuer_per_share_4q_avg": 0,
            "equity": null,
            "current_ratio": null,
            "debt_ratio": null,
            "inventory_turnover_ratio": null,
            "account_receivable_turnover_ratio": null,
            "reinvestment_rate": null,
            "research_to_sale_ratio": null,
            "price_fair": 0,
            "eps_avg_yearly": 0,
            "eps_latest_yearly": 0,
            "eps_growth_yearly": 0
        },
        "20014": {
            "year_quarter": 20014,
            "year": 2001,
            "quarter": 4,
            "eps": null,
            "eps_growth_year": null,
            "eps_4q": null,
            "eps_4q_growth_year": null,
            "roe": null,
            "roe_4q": 0,
            "gross_profit": null,
            "gross_margin": null,
            "gross_margin_4q_avg": 0,
            "net_income": null,
            "net_income_4q": null,
            "revenue": null,
            "revenue_4q": null,
            "common_shares": 36080,
            "book_valuer_per_share": 13.29,
            "book_valuer_per_share_4q_avg": 3.32,
            "equity": 47968,
            "current_ratio": 134.11,
            "debt_ratio": 57.33,
            "inventory_turnover_ratio": null,
            "account_receivable_turnover_ratio": null,
            "reinvestment_rate": null,
            "research_to_sale_ratio": null,
            "price_fair": 0,
            "eps_avg_yearly": 0,
            "eps_latest_yearly": 0,
            "eps_growth_yearly": 0
        },
        "20021": {
            "year_quarter": 20021,
            "year": 2002,
            "quarter": 1,
            "eps": null,
            "eps_growth_year": null,
            "eps_4q": null,
            "eps_4q_growth_year": null,
            "roe": null,
            "roe_4q": 0,
            "gross_profit": null,
            "gross_margin": null,
            "gross_margin_4q_avg": 0,
            "net_income": null,
            "net_income_4q": null,
            "revenue": null,
            "revenue_4q": null,
            "common_shares": null,
            "book_valuer_per_share": null,
            "book_valuer_per_share_4q_avg": 3.32,
            "equity": null,
            "current_ratio": null,
            "debt_ratio": null,
            "inventory_turnover_ratio": null,
            "account_receivable_turnover_ratio": null,
            "reinvestment_rate": null,
            "research_to_sale_ratio": null,
            "price_fair": 0,
            "eps_avg_yearly": 0,
            "eps_latest_yearly": 0,
            "eps_growth_yearly": 0
        },
        "20022": {
            "year_quarter": 20022,
            "year": 2002,
            "quarter": 2,
            "eps": null,
            "eps_growth_year": null,
            "eps_4q": null,
            "eps_4q_growth_year": null,
            "roe": null,
            "roe_4q": 0,
            "gross_profit": null,
            "gross_margin": null,
            "gross_margin_4q_avg": 0,
            "net_income": null,
            "net_income_4q": null,
            "revenue": null,
            "revenue_4q": null,
            "common_shares": null,
            "book_valuer_per_share": null,
            "book_valuer_per_share_4q_avg": 3.32,
            "equity": null,
            "current_ratio": null,
            "debt_ratio": null,
            "inventory_turnover_ratio": null,
            "account_receivable_turnover_ratio": null,
            "reinvestment_rate": null,
            "research_to_sale_ratio": null,
            "price_fair": 0,
            "eps_avg_yearly": 0,
            "eps_latest_yearly": 0,
            "eps_growth_yearly": 0
        },
        "20023": {
            "year_quarter": 20023,
            "year": 2002,
            "quarter": 3,
            "eps": null,
            "eps_growth_year": null,
            "eps_4q": null,
            "eps_4q_growth_year": null,
            "roe": null,
            "roe_4q": 0,
            "gross_profit": null,
            "gross_margin": null,
            "gross_margin_4q_avg": 0,
            "net_income": null,
            "net_income_4q": null,
            "revenue": null,
            "revenue_4q": null,
            "common_shares": null,
            "book_valuer_per_share": null,
            "book_valuer_per_share_4q_avg": 3.32,
            "equity": null,
            "current_ratio": null,
            "debt_ratio": null,
            "inventory_turnover_ratio": null,
            "account_receivable_turnover_ratio": null,
            "reinvestment_rate": null,
            "research_to_sale_ratio": null,
            "price_fair": 0,
            "eps_avg_yearly": 0,
            "eps_latest_yearly": 0,
            "eps_growth_yearly": 0
        },
        "20024": {
            "year_quarter": 20024,
            "year": 2002,
            "quarter": 4,
            "eps": null,
            "eps_growth_year": null,
            "eps_4q": null,
            "eps_4q_growth_year": null,
            "roe": null,
            "roe_4q": 0,
            "gross_profit": null,
            "gross_margin": null,
            "gross_margin_4q_avg": 0,
            "net_income": null,
            "net_income_4q": null,
            "revenue": null,
            "revenue_4q": null,
            "common_shares": 56000,
            "book_valuer_per_share": 12.49,
            "book_valuer_per_share_4q_avg": 3.12,
            "equity": 69953,
            "current_ratio": 111.76,
            "debt_ratio": 81.69,
            "inventory_turnover_ratio": null,
            "account_receivable_turnover_ratio": null,
            "reinvestment_rate": null,
            "research_to_sale_ratio": null,
            "price_fair": 0,
            "eps_avg_yearly": 0,
            "eps_latest_yearly": 0,
            "eps_growth_yearly": 0
        },
        "20031": {
            "year_quarter": 20031,
            "year": 2003,
            "quarter": 1,
            "eps": null,
            "eps_growth_year": null,
            "eps_4q": null,
            "eps_4q_growth_year": null,
            "roe": null,
            "roe_4q": 0,
            "gross_profit": null,
            "gross_margin": null,
            "gross_margin_4q_avg": 0,
            "net_income": null,
            "net_income_4q": null,
            "revenue": null,
            "revenue_4q": null,
            "common_shares": null,
            "book_valuer_per_share": null,
            "book_valuer_per_share_4q_avg": 3.12,
            "equity": null,
            "current_ratio": null,
            "debt_ratio": null,
            "inventory_turnover_ratio": null,
            "account_receivable_turnover_ratio": null,
            "reinvestment_rate": null,
            "research_to_sale_ratio": null,
            "price_fair": 0,
            "eps_avg_yearly": 0,
            "eps_latest_yearly": 0,
            "eps_growth_yearly": 0
        },
        "20032": {
            "year_quarter": 20032,
            "year": 2003,
            "quarter": 2,
            "eps": null,
            "eps_growth_year": null,
            "eps_4q": null,
            "eps_4q_growth_year": null,
            "roe": null,
            "roe_4q": 0,
            "gross_profit": null,
            "gross_margin": null,
            "gross_margin_4q_avg": 0,
            "net_income": null,
            "net_income_4q": null,
            "revenue": null,
            "revenue_4q": null,
            "common_shares": null,
            "book_valuer_per_share": null,
            "book_valuer_per_share_4q_avg": 3.12,
            "equity": null,
            "current_ratio": null,
            "debt_ratio": null,
            "inventory_turnover_ratio": null,
            "account_receivable_turnover_ratio": null,
            "reinvestment_rate": null,
            "research_to_sale_ratio": null,
            "price_fair": 0,
            "eps_avg_yearly": 0,
            "eps_latest_yearly": 0,
            "eps_growth_yearly": 0
        },
        "20033": {
            "year_quarter": 20033,
            "year": 2003,
            "quarter": 3,
            "eps": null,
            "eps_growth_year": null,
            "eps_4q": null,
            "eps_4q_growth_year": null,
            "roe": null,
            "roe_4q": 0,
            "gross_profit": null,
            "gross_margin": null,
            "gross_margin_4q_avg": 0,
            "net_income": null,
            "net_income_4q": null,
            "revenue": null,
            "revenue_4q": null,
            "common_shares": null,
            "book_valuer_per_share": null,
            "book_valuer_per_share_4q_avg": 3.12,
            "equity": null,
            "current_ratio": null,
            "debt_ratio": null,
            "inventory_turnover_ratio": null,
            "account_receivable_turnover_ratio": null,
            "reinvestment_rate": null,
            "research_to_sale_ratio": null,
            "price_fair": 0,
            "eps_avg_yearly": 0,
            "eps_latest_yearly": 0,
            "eps_growth_yearly": 0
        },
        "20034": {
            "year_quarter": 20034,
            "year": 2003,
            "quarter": 4,
            "eps": null,
            "eps_growth_year": null,
            "eps_4q": null,
            "eps_4q_growth_year": null,
            "roe": null,
            "roe_4q": 0,
            "gross_profit": null,
            "gross_margin": null,
            "gross_margin_4q_avg": 0,
            "net_income": null,
            "net_income_4q": null,
            "revenue": null,
            "revenue_4q": null,
            "common_shares": 120000,
            "book_valuer_per_share": 12.14,
            "book_valuer_per_share_4q_avg": 3.04,
            "equity": 145647,
            "current_ratio": 126.41,
            "debt_ratio": 67.68,
            "inventory_turnover_ratio": null,
            "account_receivable_turnover_ratio": null,
            "reinvestment_rate": null,
            "research_to_sale_ratio": null,
            "price_fair": 0,
            "eps_avg_yearly": 0,
            "eps_latest_yearly": 0,
            "eps_growth_yearly": 0
        },
        "20041": {
            "year_quarter": 20041,
            "year": 2004,
            "quarter": 1,
            "eps": null,
            "eps_growth_year": null,
            "eps_4q": null,
            "eps_4q_growth_year": null,
            "roe": null,
            "roe_4q": 0,
            "gross_profit": null,
            "gross_margin": null,
            "gross_margin_4q_avg": 0,
            "net_income": null,
            "net_income_4q": null,
            "revenue": null,
            "revenue_4q": null,
            "common_shares": null,
            "book_valuer_per_share": null,
            "book_valuer_per_share_4q_avg": 3.04,
            "equity": null,
            "current_ratio": null,
            "debt_ratio": null,
            "inventory_turnover_ratio": null,
            "account_receivable_turnover_ratio": null,
            "reinvestment_rate": null,
            "research_to_sale_ratio": null,
            "price_fair": 0,
            "eps_avg_yearly": 0,
            "eps_latest_yearly": 0,
            "eps_growth_yearly": 0
        },
        "20042": {
            "year_quarter": 20042,
            "year": 2004,
            "quarter": 2,
            "eps": null,
            "eps_growth_year": null,
            "eps_4q": null,
            "eps_4q_growth_year": null,
            "roe": null,
            "roe_4q": 0,
            "gross_profit": null,
            "gross_margin": null,
            "gross_margin_4q_avg": 0,
            "net_income": null,
            "net_income_4q": null,
            "revenue": null,
            "revenue_4q": null,
            "common_shares": null,
            "book_valuer_per_share": null,
            "book_valuer_per_share_4q_avg": 3.04,
            "equity": null,
            "current_ratio": null,
            "debt_ratio": null,
            "inventory_turnover_ratio": null,
            "account_receivable_turnover_ratio": null,
            "reinvestment_rate": null,
            "research_to_sale_ratio": null,
            "price_fair": 0,
            "eps_avg_yearly": 0,
            "eps_latest_yearly": 0,
            "eps_growth_yearly": 0
        },
        "20043": {
            "year_quarter": 20043,
            "year": 2004,
            "quarter": 3,
            "eps": null,
            "eps_growth_year": null,
            "eps_4q": null,
            "eps_4q_growth_year": null,
            "roe": null,
            "roe_4q": 0,
            "gross_profit": null,
            "gross_margin": null,
            "gross_margin_4q_avg": 0,
            "net_income": null,
            "net_income_4q": null,
            "revenue": null,
            "revenue_4q": null,
            "common_shares": null,
            "book_valuer_per_share": null,
            "book_valuer_per_share_4q_avg": 3.04,
            "equity": null,
            "current_ratio": null,
            "debt_ratio": null,
            "inventory_turnover_ratio": null,
            "account_receivable_turnover_ratio": null,
            "reinvestment_rate": null,
            "research_to_sale_ratio": null,
            "price_fair": 0,
            "eps_avg_yearly": 0,
            "eps_latest_yearly": 0,
            "eps_growth_yearly": 0
        },
        "20044": {
            "year_quarter": 20044,
            "year": 2004,
            "quarter": 4,
            "eps": null,
            "eps_growth_year": null,
            "eps_4q": null,
            "eps_4q_growth_year": null,
            "roe": null,
            "roe_4q": 0,
            "gross_profit": null,
            "gross_margin": null,
            "gross_margin_4q_avg": 0,
            "net_income": null,
            "net_income_4q": null,
            "revenue": null,
            "revenue_4q": null,
            "common_shares": 150698,
            "book_valuer_per_share": 12.31,
            "book_valuer_per_share_4q_avg": 3.08,
            "equity": 185548,
            "current_ratio": 156.98,
            "debt_ratio": 51.96,
            "inventory_turnover_ratio": null,
            "account_receivable_turnover_ratio": null,
            "reinvestment_rate": null,
            "research_to_sale_ratio": null,
            "price_fair": 0,
            "eps_avg_yearly": 0,
            "eps_latest_yearly": 0,
            "eps_growth_yearly": 0
        },
        "20051": {
            "year_quarter": 20051,
            "year": 2005,
            "quarter": 1,
            "eps": null,
            "eps_growth_year": null,
            "eps_4q": null,
            "eps_4q_growth_year": null,
            "roe": null,
            "roe_4q": 0,
            "gross_profit": null,
            "gross_margin": null,
            "gross_margin_4q_avg": 0,
            "net_income": null,
            "net_income_4q": null,
            "revenue": null,
            "revenue_4q": null,
            "common_shares": null,
            "book_valuer_per_share": null,
            "book_valuer_per_share_4q_avg": 3.08,
            "equity": null,
            "current_ratio": null,
            "debt_ratio": null,
            "inventory_turnover_ratio": null,
            "account_receivable_turnover_ratio": null,
            "reinvestment_rate": null,
            "research_to_sale_ratio": null,
            "price_fair": 0,
            "eps_avg_yearly": 0,
            "eps_latest_yearly": 0,
            "eps_growth_yearly": 0
        },
        "20052": {
            "year_quarter": 20052,
            "year": 2005,
            "quarter": 2,
            "eps": null,
            "eps_growth_year": null,
            "eps_4q": null,
            "eps_4q_growth_year": null,
            "roe": null,
            "roe_4q": 0,
            "gross_profit": null,
            "gross_margin": null,
            "gross_margin_4q_avg": 0,
            "net_income": null,
            "net_income_4q": null,
            "revenue": null,
            "revenue_4q": null,
            "common_shares": null,
            "book_valuer_per_share": null,
            "book_valuer_per_share_4q_avg": 3.08,
            "equity": null,
            "current_ratio": null,
            "debt_ratio": null,
            "inventory_turnover_ratio": null,
            "account_receivable_turnover_ratio": null,
            "reinvestment_rate": null,
            "research_to_sale_ratio": null,
            "price_fair": 0,
            "eps_avg_yearly": 0,
            "eps_latest_yearly": 0,
            "eps_growth_yearly": 0
        },
        "20053": {
            "year_quarter": 20053,
            "year": 2005,
            "quarter": 3,
            "eps": null,
            "eps_growth_year": null,
            "eps_4q": null,
            "eps_4q_growth_year": null,
            "roe": null,
            "roe_4q": 0,
            "gross_profit": null,
            "gross_margin": null,
            "gross_margin_4q_avg": 0,
            "net_income": null,
            "net_income_4q": null,
            "revenue": null,
            "revenue_4q": null,
            "common_shares": null,
            "book_valuer_per_share": null,
            "book_valuer_per_share_4q_avg": 3.08,
            "equity": null,
            "current_ratio": null,
            "debt_ratio": null,
            "inventory_turnover_ratio": null,
            "account_receivable_turnover_ratio": null,
            "reinvestment_rate": null,
            "research_to_sale_ratio": null,
            "price_fair": 0,
            "eps_avg_yearly": 0,
            "eps_latest_yearly": 0,
            "eps_growth_yearly": 0
        },
        "20054": {
            "year_quarter": 20054,
            "year": 2005,
            "quarter": 4,
            "eps": null,
            "eps_growth_year": null,
            "eps_4q": null,
            "eps_4q_growth_year": null,
            "roe": null,
            "roe_4q": 0,
            "gross_profit": null,
            "gross_margin": null,
            "gross_margin_4q_avg": 0,
            "net_income": null,
            "net_income_4q": null,
            "revenue": null,
            "revenue_4q": null,
            "common_shares": 167594,
            "book_valuer_per_share": 11.61,
            "book_valuer_per_share_4q_avg": 2.9,
            "equity": 194520,
            "current_ratio": 126.2,
            "debt_ratio": 65.11,
            "inventory_turnover_ratio": null,
            "account_receivable_turnover_ratio": null,
            "reinvestment_rate": null,
            "research_to_sale_ratio": null,
            "price_fair": 0,
            "eps_avg_yearly": 0,
            "eps_latest_yearly": 0,
            "eps_growth_yearly": 0
        },
        "20061": {
            "year_quarter": 20061,
            "year": 2006,
            "quarter": 1,
            "eps": null,
            "eps_growth_year": null,
            "eps_4q": null,
            "eps_4q_growth_year": null,
            "roe": null,
            "roe_4q": 0,
            "gross_profit": null,
            "gross_margin": null,
            "gross_margin_4q_avg": 0,
            "net_income": null,
            "net_income_4q": null,
            "revenue": null,
            "revenue_4q": null,
            "common_shares": null,
            "book_valuer_per_share": null,
            "book_valuer_per_share_4q_avg": 2.9,
            "equity": null,
            "current_ratio": null,
            "debt_ratio": null,
            "inventory_turnover_ratio": null,
            "account_receivable_turnover_ratio": null,
            "reinvestment_rate": null,
            "research_to_sale_ratio": null,
            "price_fair": 0,
            "eps_avg_yearly": 0,
            "eps_latest_yearly": 0,
            "eps_growth_yearly": 0
        },
        "20062": {
            "year_quarter": 20062,
            "year": 2006,
            "quarter": 2,
            "eps": null,
            "eps_growth_year": null,
            "eps_4q": null,
            "eps_4q_growth_year": null,
            "roe": null,
            "roe_4q": 0,
            "gross_profit": null,
            "gross_margin": null,
            "gross_margin_4q_avg": 0,
            "net_income": null,
            "net_income_4q": null,
            "revenue": null,
            "revenue_4q": null,
            "common_shares": null,
            "book_valuer_per_share": null,
            "book_valuer_per_share_4q_avg": 2.9,
            "equity": null,
            "current_ratio": null,
            "debt_ratio": null,
            "inventory_turnover_ratio": null,
            "account_receivable_turnover_ratio": null,
            "reinvestment_rate": null,
            "research_to_sale_ratio": null,
            "price_fair": 0,
            "eps_avg_yearly": 0,
            "eps_latest_yearly": 0,
            "eps_growth_yearly": 0
        },
        "20063": {
            "year_quarter": 20063,
            "year": 2006,
            "quarter": 3,
            "eps": null,
            "eps_growth_year": null,
            "eps_4q": null,
            "eps_4q_growth_year": null,
            "roe": null,
            "roe_4q": 0,
            "gross_profit": null,
            "gross_margin": null,
            "gross_margin_4q_avg": 0,
            "net_income": null,
            "net_income_4q": null,
            "revenue": null,
            "revenue_4q": null,
            "common_shares": null,
            "book_valuer_per_share": null,
            "book_valuer_per_share_4q_avg": 2.9,
            "equity": null,
            "current_ratio": null,
            "debt_ratio": null,
            "inventory_turnover_ratio": null,
            "account_receivable_turnover_ratio": null,
            "reinvestment_rate": null,
            "research_to_sale_ratio": null,
            "price_fair": 0,
            "eps_avg_yearly": 0,
            "eps_latest_yearly": 0,
            "eps_growth_yearly": 0
        },
        "20064": {
            "year_quarter": 20064,
            "year": 2006,
            "quarter": 4,
            "eps": null,
            "eps_growth_year": null,
            "eps_4q": null,
            "eps_4q_growth_year": null,
            "roe": null,
            "roe_4q": 0,
            "gross_profit": null,
            "gross_margin": null,
            "gross_margin_4q_avg": 0,
            "net_income": null,
            "net_income_4q": null,
            "revenue": null,
            "revenue_4q": null,
            "common_shares": 176912,
            "book_valuer_per_share": 10.3,
            "book_valuer_per_share_4q_avg": 2.58,
            "equity": 182282,
            "current_ratio": 109.86,
            "debt_ratio": 78.3,
            "inventory_turnover_ratio": null,
            "account_receivable_turnover_ratio": null,
            "reinvestment_rate": null,
            "research_to_sale_ratio": null,
            "price_fair": 0,
            "eps_avg_yearly": 0,
            "eps_latest_yearly": 0,
            "eps_growth_yearly": 0
        },
        "20071": {
            "year_quarter": 20071,
            "year": 2007,
            "quarter": 1,
            "eps": null,
            "eps_growth_year": null,
            "eps_4q": null,
            "eps_4q_growth_year": null,
            "roe": null,
            "roe_4q": 0,
            "gross_profit": null,
            "gross_margin": null,
            "gross_margin_4q_avg": 0,
            "net_income": null,
            "net_income_4q": null,
            "revenue": null,
            "revenue_4q": null,
            "common_shares": null,
            "book_valuer_per_share": null,
            "book_valuer_per_share_4q_avg": 2.58,
            "equity": null,
            "current_ratio": null,
            "debt_ratio": null,
            "inventory_turnover_ratio": null,
            "account_receivable_turnover_ratio": null,
            "reinvestment_rate": null,
            "research_to_sale_ratio": null,
            "price_fair": 0,
            "eps_avg_yearly": 0,
            "eps_latest_yearly": 0,
            "eps_growth_yearly": 0
        },
        "20072": {
            "year_quarter": 20072,
            "year": 2007,
            "quarter": 2,
            "eps": null,
            "eps_growth_year": null,
            "eps_4q": null,
            "eps_4q_growth_year": null,
            "roe": null,
            "roe_4q": 0,
            "gross_profit": null,
            "gross_margin": null,
            "gross_margin_4q_avg": 0,
            "net_income": null,
            "net_income_4q": null,
            "revenue": null,
            "revenue_4q": null,
            "common_shares": null,
            "book_valuer_per_share": null,
            "book_valuer_per_share_4q_avg": 2.58,
            "equity": null,
            "current_ratio": null,
            "debt_ratio": null,
            "inventory_turnover_ratio": null,
            "account_receivable_turnover_ratio": null,
            "reinvestment_rate": null,
            "research_to_sale_ratio": null,
            "price_fair": 0,
            "eps_avg_yearly": 0,
            "eps_latest_yearly": 0,
            "eps_growth_yearly": 0
        },
        "20073": {
            "year_quarter": 20073,
            "year": 2007,
            "quarter": 3,
            "eps": null,
            "eps_growth_year": null,
            "eps_4q": null,
            "eps_4q_growth_year": null,
            "roe": null,
            "roe_4q": 0,
            "gross_profit": null,
            "gross_margin": null,
            "gross_margin_4q_avg": 0,
            "net_income": null,
            "net_income_4q": null,
            "revenue": null,
            "revenue_4q": null,
            "common_shares": null,
            "book_valuer_per_share": null,
            "book_valuer_per_share_4q_avg": 2.58,
            "equity": null,
            "current_ratio": null,
            "debt_ratio": null,
            "inventory_turnover_ratio": null,
            "account_receivable_turnover_ratio": null,
            "reinvestment_rate": null,
            "research_to_sale_ratio": null,
            "price_fair": 0,
            "eps_avg_yearly": 0,
            "eps_latest_yearly": 0,
            "eps_growth_yearly": 0
        },
        "20074": {
            "year_quarter": 20074,
            "year": 2007,
            "quarter": 4,
            "eps": null,
            "eps_growth_year": null,
            "eps_4q": null,
            "eps_4q_growth_year": null,
            "roe": null,
            "roe_4q": 0,
            "gross_profit": null,
            "gross_margin": null,
            "gross_margin_4q_avg": 0,
            "net_income": null,
            "net_income_4q": null,
            "revenue": null,
            "revenue_4q": null,
            "common_shares": 201912,
            "book_valuer_per_share": 10.13,
            "book_valuer_per_share_4q_avg": 2.53,
            "equity": 204527,
            "current_ratio": 110.97,
            "debt_ratio": 76.43,
            "inventory_turnover_ratio": null,
            "account_receivable_turnover_ratio": null,
            "reinvestment_rate": null,
            "research_to_sale_ratio": null,
            "price_fair": 0,
            "eps_avg_yearly": 0,
            "eps_latest_yearly": 0,
            "eps_growth_yearly": 0
        },
        "20081": {
            "year_quarter": 20081,
            "year": 2008,
            "quarter": 1,
            "eps": null,
            "eps_growth_year": null,
            "eps_4q": null,
            "eps_4q_growth_year": null,
            "roe": null,
            "roe_4q": 0,
            "gross_profit": null,
            "gross_margin": null,
            "gross_margin_4q_avg": 0,
            "net_income": null,
            "net_income_4q": null,
            "revenue": null,
            "revenue_4q": null,
            "common_shares": null,
            "book_valuer_per_share": null,
            "book_valuer_per_share_4q_avg": 2.53,
            "equity": null,
            "current_ratio": null,
            "debt_ratio": null,
            "inventory_turnover_ratio": null,
            "account_receivable_turnover_ratio": null,
            "reinvestment_rate": null,
            "research_to_sale_ratio": null,
            "price_fair": 0,
            "eps_avg_yearly": 0,
            "eps_latest_yearly": 0,
            "eps_growth_yearly": 0
        },
        "20082": {
            "year_quarter": 20082,
            "year": 2008,
            "quarter": 2,
            "eps": null,
            "eps_growth_year": null,
            "eps_4q": null,
            "eps_4q_growth_year": null,
            "roe": null,
            "roe_4q": 0,
            "gross_profit": null,
            "gross_margin": null,
            "gross_margin_4q_avg": 0,
            "net_income": null,
            "net_income_4q": null,
            "revenue": null,
            "revenue_4q": null,
            "common_shares": null,
            "book_valuer_per_share": null,
            "book_valuer_per_share_4q_avg": 2.53,
            "equity": null,
            "current_ratio": null,
            "debt_ratio": null,
            "inventory_turnover_ratio": null,
            "account_receivable_turnover_ratio": null,
            "reinvestment_rate": null,
            "research_to_sale_ratio": null,
            "price_fair": 0,
            "eps_avg_yearly": 0,
            "eps_latest_yearly": 0,
            "eps_growth_yearly": 0
        },
        "20083": {
            "year_quarter": 20083,
            "year": 2008,
            "quarter": 3,
            "eps": null,
            "eps_growth_year": null,
            "eps_4q": null,
            "eps_4q_growth_year": null,
            "roe": null,
            "roe_4q": 0,
            "gross_profit": null,
            "gross_margin": null,
            "gross_margin_4q_avg": 0,
            "net_income": null,
            "net_income_4q": null,
            "revenue": null,
            "revenue_4q": null,
            "common_shares": null,
            "book_valuer_per_share": null,
            "book_valuer_per_share_4q_avg": 2.53,
            "equity": null,
            "current_ratio": null,
            "debt_ratio": null,
            "inventory_turnover_ratio": null,
            "account_receivable_turnover_ratio": null,
            "reinvestment_rate": null,
            "research_to_sale_ratio": null,
            "price_fair": 0,
            "eps_avg_yearly": 0,
            "eps_latest_yearly": 0,
            "eps_growth_yearly": 0
        },
        "20084": {
            "year_quarter": 20084,
            "year": 2008,
            "quarter": 4,
            "eps": null,
            "eps_growth_year": null,
            "eps_4q": null,
            "eps_4q_growth_year": null,
            "roe": null,
            "roe_4q": 0,
            "gross_profit": null,
            "gross_margin": null,
            "gross_margin_4q_avg": 0,
            "net_income": null,
            "net_income_4q": null,
            "revenue": null,
            "revenue_4q": null,
            "common_shares": 201912,
            "book_valuer_per_share": 10.71,
            "book_valuer_per_share_4q_avg": 2.68,
            "equity": 216197,
            "current_ratio": 120.64,
            "debt_ratio": 69.16,
            "inventory_turnover_ratio": null,
            "account_receivable_turnover_ratio": null,
            "reinvestment_rate": null,
            "research_to_sale_ratio": null,
            "price_fair": 0,
            "eps_avg_yearly": 0,
            "eps_latest_yearly": 0,
            "eps_growth_yearly": 0
        },
        "20091": {
            "year_quarter": 20091,
            "year": 2009,
            "quarter": 1,
            "eps": null,
            "eps_growth_year": null,
            "eps_4q": null,
            "eps_4q_growth_year": null,
            "roe": null,
            "roe_4q": 0,
            "gross_profit": null,
            "gross_margin": null,
            "gross_margin_4q_avg": 0,
            "net_income": null,
            "net_income_4q": null,
            "revenue": null,
            "revenue_4q": null,
            "common_shares": null,
            "book_valuer_per_share": null,
            "book_valuer_per_share_4q_avg": 2.68,
            "equity": null,
            "current_ratio": null,
            "debt_ratio": null,
            "inventory_turnover_ratio": null,
            "account_receivable_turnover_ratio": null,
            "reinvestment_rate": null,
            "research_to_sale_ratio": null,
            "price_fair": 0,
            "eps_avg_yearly": 0,
            "eps_latest_yearly": 0,
            "eps_growth_yearly": 0
        },
        "20092": {
            "year_quarter": 20092,
            "year": 2009,
            "quarter": 2,
            "eps": null,
            "eps_growth_year": null,
            "eps_4q": null,
            "eps_4q_growth_year": null,
            "roe": null,
            "roe_4q": 0,
            "gross_profit": null,
            "gross_margin": null,
            "gross_margin_4q_avg": 0,
            "net_income": null,
            "net_income_4q": null,
            "revenue": null,
            "revenue_4q": null,
            "common_shares": 201912,
            "book_valuer_per_share": null,
            "book_valuer_per_share_4q_avg": 2.68,
            "equity": 255267,
            "current_ratio": null,
            "debt_ratio": null,
            "inventory_turnover_ratio": null,
            "account_receivable_turnover_ratio": null,
            "reinvestment_rate": null,
            "research_to_sale_ratio": null,
            "price_fair": 0,
            "eps_avg_yearly": 0,
            "eps_latest_yearly": 0,
            "eps_growth_yearly": 0
        },
        "20093": {
            "year_quarter": 20093,
            "year": 2009,
            "quarter": 3,
            "eps": null,
            "eps_growth_year": null,
            "eps_4q": null,
            "eps_4q_growth_year": null,
            "roe": null,
            "roe_4q": 0,
            "gross_profit": null,
            "gross_margin": null,
            "gross_margin_4q_avg": 0,
            "net_income": null,
            "net_income_4q": null,
            "revenue": null,
            "revenue_4q": null,
            "common_shares": null,
            "book_valuer_per_share": null,
            "book_valuer_per_share_4q_avg": 2.68,
            "equity": null,
            "current_ratio": null,
            "debt_ratio": null,
            "inventory_turnover_ratio": null,
            "account_receivable_turnover_ratio": null,
            "reinvestment_rate": null,
            "research_to_sale_ratio": null,
            "price_fair": 0,
            "eps_avg_yearly": 0,
            "eps_latest_yearly": 0,
            "eps_growth_yearly": 0
        },
        "20094": {
            "year_quarter": 20094,
            "year": 2009,
            "quarter": 4,
            "eps": null,
            "eps_growth_year": null,
            "eps_4q": null,
            "eps_4q_growth_year": null,
            "roe": null,
            "roe_4q": 0,
            "gross_profit": null,
            "gross_margin": null,
            "gross_margin_4q_avg": 0,
            "net_income": null,
            "net_income_4q": null,
            "revenue": null,
            "revenue_4q": null,
            "common_shares": 201912,
            "book_valuer_per_share": 13.84,
            "book_valuer_per_share_4q_avg": 3.46,
            "equity": 279413,
            "current_ratio": 120.28,
            "debt_ratio": 72.19,
            "inventory_turnover_ratio": null,
            "account_receivable_turnover_ratio": null,
            "reinvestment_rate": null,
            "research_to_sale_ratio": null,
            "price_fair": 0,
            "eps_avg_yearly": 0,
            "eps_latest_yearly": 0,
            "eps_growth_yearly": 0
        },
        "20101": {
            "year_quarter": 20101,
            "year": 2010,
            "quarter": 1,
            "eps": null,
            "eps_growth_year": null,
            "eps_4q": null,
            "eps_4q_growth_year": null,
            "roe": null,
            "roe_4q": 0,
            "gross_profit": null,
            "gross_margin": null,
            "gross_margin_4q_avg": 0,
            "net_income": null,
            "net_income_4q": null,
            "revenue": null,
            "revenue_4q": null,
            "common_shares": null,
            "book_valuer_per_share": null,
            "book_valuer_per_share_4q_avg": 3.46,
            "equity": null,
            "current_ratio": null,
            "debt_ratio": null,
            "inventory_turnover_ratio": null,
            "account_receivable_turnover_ratio": null,
            "reinvestment_rate": null,
            "research_to_sale_ratio": null,
            "price_fair": 0,
            "eps_avg_yearly": 0,
            "eps_latest_yearly": 0,
            "eps_growth_yearly": 0
        },
        "20102": {
            "year_quarter": 20102,
            "year": 2010,
            "quarter": 2,
            "eps": null,
            "eps_growth_year": null,
            "eps_4q": null,
            "eps_4q_growth_year": null,
            "roe": null,
            "roe_4q": 0,
            "gross_profit": null,
            "gross_margin": null,
            "gross_margin_4q_avg": 0,
            "net_income": null,
            "net_income_4q": null,
            "revenue": null,
            "revenue_4q": null,
            "common_shares": 201912,
            "book_valuer_per_share": 14.49,
            "book_valuer_per_share_4q_avg": 7.08,
            "equity": 292529,
            "current_ratio": 122.49,
            "debt_ratio": 72.54,
            "inventory_turnover_ratio": null,
            "account_receivable_turnover_ratio": null,
            "reinvestment_rate": null,
            "research_to_sale_ratio": null,
            "price_fair": 0,
            "eps_avg_yearly": 0,
            "eps_latest_yearly": 0,
            "eps_growth_yearly": 0
        },
        "20103": {
            "year_quarter": 20103,
            "year": 2010,
            "quarter": 3,
            "eps": null,
            "eps_growth_year": null,
            "eps_4q": null,
            "eps_4q_growth_year": null,
            "roe": null,
            "roe_4q": 0,
            "gross_profit": 49770,
            "gross_margin": null,
            "gross_margin_4q_avg": 0,
            "net_income": 15051,
            "net_income_4q": null,
            "revenue": 323738,
            "revenue_4q": null,
            "common_shares": 216046,
            "book_valuer_per_share": 14.16,
            "book_valuer_per_share_4q_avg": 10.62,
            "equity": 305848,
            "current_ratio": 121.32,
            "debt_ratio": 74.43,
            "inventory_turnover_ratio": null,
            "account_receivable_turnover_ratio": null,
            "reinvestment_rate": null,
            "research_to_sale_ratio": null,
            "price_fair": 0,
            "eps_avg_yearly": 0,
            "eps_latest_yearly": 0,
            "eps_growth_yearly": 0
        },
        "20104": {
            "year_quarter": 20104,
            "year": 2010,
            "quarter": 4,
            "eps": null,
            "eps_growth_year": null,
            "eps_4q": null,
            "eps_4q_growth_year": null,
            "roe": null,
            "roe_4q": 0,
            "gross_profit": 98873,
            "gross_margin": null,
            "gross_margin_4q_avg": 0,
            "net_income": 33941,
            "net_income_4q": null,
            "revenue": 590019,
            "revenue_4q": null,
            "common_shares": 251046,
            "book_valuer_per_share": 15.31,
            "book_valuer_per_share_4q_avg": 10.99,
            "equity": 384451,
            "current_ratio": 135.16,
            "debt_ratio": 66.98,
            "inventory_turnover_ratio": null,
            "account_receivable_turnover_ratio": null,
            "reinvestment_rate": null,
            "research_to_sale_ratio": null,
            "price_fair": 0,
            "eps_avg_yearly": 0,
            "eps_latest_yearly": 0,
            "eps_growth_yearly": 0
        },
        "20111": {
            "year_quarter": 20111,
            "year": 2011,
            "quarter": 1,
            "eps": null,
            "eps_growth_year": null,
            "eps_4q": null,
            "eps_4q_growth_year": null,
            "roe": null,
            "roe_4q": 0,
            "gross_profit": 64196,
            "gross_margin": null,
            "gross_margin_4q_avg": 0,
            "net_income": 26617,
            "net_income_4q": null,
            "revenue": 329021,
            "revenue_4q": null,
            "common_shares": 251046,
            "book_valuer_per_share": 16.41,
            "book_valuer_per_share_4q_avg": 15.09,
            "equity": 411917,
            "current_ratio": 138.04,
            "debt_ratio": 65.89,
            "inventory_turnover_ratio": null,
            "account_receivable_turnover_ratio": null,
            "reinvestment_rate": null,
            "research_to_sale_ratio": null,
            "price_fair": 0,
            "eps_avg_yearly": 0,
            "eps_latest_yearly": 0,
            "eps_growth_yearly": 0
        },
        "20112": {
            "year_quarter": 20112,
            "year": 2011,
            "quarter": 2,
            "eps": 1.61,
            "eps_growth_year": null,
            "eps_4q": 1.61,
            "eps_4q_growth_year": null,
            "roe": 10.49,
            "roe_4q": 10.49,
            "gross_profit": 102247,
            "gross_margin": 30.01,
            "gross_margin_4q_avg": 7.5,
            "net_income": 44485,
            "net_income_4q": null,
            "revenue": 340656,
            "revenue_4q": null,
            "common_shares": 251046,
            "book_valuer_per_share": 17.36,
            "book_valuer_per_share_4q_avg": 15.81,
            "equity": 435937,
            "current_ratio": 141.35,
            "debt_ratio": 64.13,
            "inventory_turnover_ratio": 0.92,
            "account_receivable_turnover_ratio": 2.65,
            "reinvestment_rate": null,
            "research_to_sale_ratio": null,
            "price_fair": 0,
            "eps_avg_yearly": 0,
            "eps_latest_yearly": 0,
            "eps_growth_yearly": 0
        },
        "20113": {
            "year_quarter": 20113,
            "year": 2011,
            "quarter": 3,
            "eps": 2.84,
            "eps_growth_year": null,
            "eps_4q": 4.45,
            "eps_4q_growth_year": null,
            "roe": 16.55,
            "roe_4q": 27.04,
            "gross_profit": 135705,
            "gross_margin": 28.81,
            "gross_margin_4q_avg": 14.71,
            "net_income": 78298,
            "net_income_4q": null,
            "revenue": 471104,
            "revenue_4q": null,
            "common_shares": 276151,
            "book_valuer_per_share": 18.48,
            "book_valuer_per_share_4q_avg": 16.89,
            "equity": 510460,
            "current_ratio": 143.66,
            "debt_ratio": 64.09,
            "inventory_turnover_ratio": 1.44,
            "account_receivable_turnover_ratio": 1.47,
            "reinvestment_rate": null,
            "research_to_sale_ratio": null,
            "price_fair": 397.6,
            "eps_avg_yearly": 11.36,
            "eps_latest_yearly": 11.36,
            "eps_growth_yearly": 305.59
        },
        "20114": {
            "year_quarter": 20114,
            "year": 2011,
            "quarter": 4,
            "eps": 1.46,
            "eps_growth_year": null,
            "eps_4q": 5.39,
            "eps_4q_growth_year": null,
            "roe": 7.99,
            "roe_4q": 35.03,
            "gross_profit": 124413,
            "gross_margin": 22.57,
            "gross_margin_4q_avg": 20.35,
            "net_income": 45833,
            "net_income_4q": null,
            "revenue": 551133,
            "revenue_4q": null,
            "common_shares": 312971,
            "book_valuer_per_share": 20.35,
            "book_valuer_per_share_4q_avg": 18.15,
            "equity": 637035,
            "current_ratio": 159.05,
            "debt_ratio": 59.26,
            "inventory_turnover_ratio": 1.54,
            "account_receivable_turnover_ratio": 1.75,
            "reinvestment_rate": null,
            "research_to_sale_ratio": null,
            "price_fair": 301,
            "eps_avg_yearly": 8.6,
            "eps_latest_yearly": 5.84,
            "eps_growth_yearly": 55.61
        },
        "20121": {
            "year_quarter": 20121,
            "year": 2012,
            "quarter": 1,
            "eps": 1.58,
            "eps_growth_year": null,
            "eps_4q": 6.97,
            "eps_4q_growth_year": null,
            "roe": 7.48,
            "roe_4q": 42.510000000000005,
            "gross_profit": 101407,
            "gross_margin": 29.99,
            "gross_margin_4q_avg": 27.85,
            "net_income": 49488,
            "net_income_4q": null,
            "revenue": 338183,
            "revenue_4q": null,
            "common_shares": 312971,
            "book_valuer_per_share": 21.95,
            "book_valuer_per_share_4q_avg": 19.54,
            "equity": 686980,
            "current_ratio": 176.47,
            "debt_ratio": 53.45,
            "inventory_turnover_ratio": 0.76,
            "account_receivable_turnover_ratio": 1.35,
            "reinvestment_rate": null,
            "research_to_sale_ratio": null,
            "price_fair": 274.4,
            "eps_avg_yearly": 7.84,
            "eps_latest_yearly": 6.32,
            "eps_growth_yearly": 48.03
        },
        "20122": {
            "year_quarter": 20122,
            "year": 2012,
            "quarter": 2,
            "eps": 0.96,
            "eps_growth_year": -40.1,
            "eps_4q": 6.25,
            "eps_4q_growth_year": 287.87,
            "roe": 4.91,
            "roe_4q": 36.93000000000001,
            "gross_profit": 83017,
            "gross_margin": 28.82,
            "gross_margin_4q_avg": 27.55,
            "net_income": 31710,
            "net_income_4q": null,
            "revenue": 288078,
            "revenue_4q": null,
            "common_shares": 312971,
            "book_valuer_per_share": 19.29,
            "book_valuer_per_share_4q_avg": 20.02,
            "equity": 603642,
            "current_ratio": 160.14,
            "debt_ratio": 55.36,
            "inventory_turnover_ratio": 0.69,
            "account_receivable_turnover_ratio": 1.31,
            "reinvestment_rate": null,
            "research_to_sale_ratio": null,
            "price_fair": 20.52,
            "eps_avg_yearly": 6.84,
            "eps_latest_yearly": 3.84,
            "eps_growth_yearly": -3.22
        },
        "20123": {
            "year_quarter": 20123,
            "year": 2012,
            "quarter": 3,
            "eps": 0.62,
            "eps_growth_year": -78.13,
            "eps_4q": 4.49,
            "eps_4q_growth_year": 0.89,
            "roe": 3.32,
            "roe_4q": 23.700000000000003,
            "gross_profit": 66024,
            "gross_margin": 26.8,
            "gross_margin_4q_avg": 27.05,
            "net_income": 20378,
            "net_income_4q": null,
            "revenue": 246318,
            "revenue_4q": null,
            "common_shares": 328620,
            "book_valuer_per_share": 18.93,
            "book_valuer_per_share_4q_avg": 20.13,
            "equity": 622098,
            "current_ratio": 170.98,
            "debt_ratio": 51.78,
            "inventory_turnover_ratio": 0.65,
            "account_receivable_turnover_ratio": 1.49,
            "reinvestment_rate": null,
            "research_to_sale_ratio": null,
            "price_fair": 17.9,
            "eps_avg_yearly": 5.97,
            "eps_latest_yearly": 2.48,
            "eps_growth_yearly": -30.91
        },
        "20124": {
            "year_quarter": 20124,
            "year": 2012,
            "quarter": 4,
            "eps": 0.98,
            "eps_growth_year": -32.86,
            "eps_4q": 4.07,
            "eps_4q_growth_year": -24.38,
            "roe": 5.04,
            "roe_4q": 20.75,
            "gross_profit": 92776,
            "gross_margin": 19.74,
            "gross_margin_4q_avg": 26.34,
            "net_income": 32311,
            "net_income_4q": null,
            "revenue": 469954,
            "revenue_4q": null,
            "common_shares": 328620,
            "book_valuer_per_share": 20.11,
            "book_valuer_per_share_4q_avg": 20.07,
            "equity": 660995,
            "current_ratio": 181.7,
            "debt_ratio": 48.25,
            "inventory_turnover_ratio": 1.44,
            "account_receivable_turnover_ratio": 2.86,
            "reinvestment_rate": null,
            "research_to_sale_ratio": null,
            "price_fair": 129.16,
            "eps_avg_yearly": 5.63,
            "eps_latest_yearly": 3.92,
            "eps_growth_yearly": 12.95
        },
        "20131": {
            "year_quarter": 20131,
            "year": 2013,
            "quarter": 1,
            "eps": -0.05,
            "eps_growth_year": -103.16,
            "eps_4q": 2.51,
            "eps_4q_growth_year": -63.93,
            "roe": -0.27,
            "roe_4q": 13,
            "gross_profit": 52660,
            "gross_margin": 16.62,
            "gross_margin_4q_avg": 23,
            "net_income": -1792,
            "net_income_4q": null,
            "revenue": 316784,
            "revenue_4q": null,
            "common_shares": 328620,
            "book_valuer_per_share": 19.7,
            "book_valuer_per_share_4q_avg": 19.51,
            "equity": 647521,
            "current_ratio": 169.11,
            "debt_ratio": 53.33,
            "inventory_turnover_ratio": 0.99,
            "account_receivable_turnover_ratio": 1.89,
            "reinvestment_rate": null,
            "research_to_sale_ratio": null,
            "price_fair": 129.16,
            "eps_avg_yearly": 5.63,
            "eps_latest_yearly": 3.92,
            "eps_growth_yearly": 12.95
        },
        "20132": {
            "year_quarter": 20132,
            "year": 2013,
            "quarter": 2,
            "eps": 0.06,
            "eps_growth_year": -93.78,
            "eps_4q": 1.54,
            "eps_4q_growth_year": -75.41,
            "roe": 0.35,
            "roe_4q": 8.44,
            "gross_profit": 50991,
            "gross_margin": 20.8,
            "gross_margin_4q_avg": 20.99,
            "net_income": 2124,
            "net_income_4q": null,
            "revenue": 245150,
            "revenue_4q": null,
            "common_shares": 328620,
            "book_valuer_per_share": 17.72,
            "book_valuer_per_share_4q_avg": 19.12,
            "equity": 582442,
            "current_ratio": 155.21,
            "debt_ratio": 57.76,
            "inventory_turnover_ratio": 0.64,
            "account_receivable_turnover_ratio": 1.49,
            "reinvestment_rate": null,
            "research_to_sale_ratio": null,
            "price_fair": 129.16,
            "eps_avg_yearly": 5.63,
            "eps_latest_yearly": 3.92,
            "eps_growth_yearly": 12.95
        },
        "20133": {
            "year_quarter": 20133,
            "year": 2013,
            "quarter": 3,
            "eps": 0.06,
            "eps_growth_year": -90.32,
            "eps_4q": 1.01,
            "eps_4q_growth_year": -77.55,
            "roe": 0.36,
            "roe_4q": 5.48,
            "gross_profit": 39229,
            "gross_margin": 18.44,
            "gross_margin_4q_avg": 18.9,
            "net_income": 2105,
            "net_income_4q": null,
            "revenue": 212692,
            "revenue_4q": null,
            "common_shares": 345050,
            "book_valuer_per_share": 16.78,
            "book_valuer_per_share_4q_avg": 18.58,
            "equity": 579142,
            "current_ratio": 164.4,
            "debt_ratio": 54.36,
            "inventory_turnover_ratio": 0.6,
            "account_receivable_turnover_ratio": 1.57,
            "reinvestment_rate": null,
            "research_to_sale_ratio": null,
            "price_fair": 102.51,
            "eps_avg_yearly": 4.86,
            "eps_latest_yearly": 0.24,
            "eps_growth_yearly": 11.1
        },
        "20134": {
            "year_quarter": 20134,
            "year": 2013,
            "quarter": 4,
            "eps": 1.11,
            "eps_growth_year": 12.98,
            "eps_4q": 1.18,
            "eps_4q_growth_year": -71,
            "roe": 6.4,
            "roe_4q": 6.84,
            "gross_profit": 102455,
            "gross_margin": 26.96,
            "gross_margin_4q_avg": 20.71,
            "net_income": 38329,
            "net_income_4q": null,
            "revenue": 380026,
            "revenue_4q": null,
            "common_shares": 345050,
            "book_valuer_per_share": 17.95,
            "book_valuer_per_share_4q_avg": 18.04,
            "equity": 619224,
            "current_ratio": 164.33,
            "debt_ratio": 55.34,
            "inventory_turnover_ratio": 1.03,
            "account_receivable_turnover_ratio": 3.11,
            "reinvestment_rate": null,
            "research_to_sale_ratio": null,
            "price_fair": 168.18,
            "eps_avg_yearly": 4.81,
            "eps_latest_yearly": 4.44,
            "eps_growth_yearly": 884.72
        },
        "20141": {
            "year_quarter": 20141,
            "year": 2014,
            "quarter": 1,
            "eps": -0.14,
            "eps_growth_year": null,
            "eps_4q": 1.09,
            "eps_4q_growth_year": -56.53,
            "roe": -0.79,
            "roe_4q": 6.32,
            "gross_profit": 38424,
            "gross_margin": 20.19,
            "gross_margin_4q_avg": 21.6,
            "net_income": -4857,
            "net_income_4q": null,
            "revenue": 190290,
            "revenue_4q": null,
            "common_shares": 345050,
            "book_valuer_per_share": 17.71,
            "book_valuer_per_share_4q_avg": 17.54,
            "equity": 610912,
            "current_ratio": 161.87,
            "debt_ratio": 55.6,
            "inventory_turnover_ratio": 0.51,
            "account_receivable_turnover_ratio": 1.31,
            "reinvestment_rate": null,
            "research_to_sale_ratio": null,
            "price_fair": 168.18,
            "eps_avg_yearly": 4.81,
            "eps_latest_yearly": 4.44,
            "eps_growth_yearly": 884.72
        },
        "20142": {
            "year_quarter": 20142,
            "year": 2014,
            "quarter": 2,
            "eps": 0.43,
            "eps_growth_year": 616.67,
            "eps_4q": 1.39,
            "eps_4q_growth_year": -9.35,
            "roe": 2.46,
            "roe_4q": 8.43,
            "gross_profit": 63578,
            "gross_margin": 20.16,
            "gross_margin_4q_avg": 21.44,
            "net_income": 14887,
            "net_income_4q": null,
            "revenue": 315352,
            "revenue_4q": null,
            "common_shares": 345050,
            "book_valuer_per_share": 17.44,
            "book_valuer_per_share_4q_avg": 17.47,
            "equity": 601731,
            "current_ratio": 156.2,
            "debt_ratio": 55.83,
            "inventory_turnover_ratio": 0.88,
            "account_receivable_turnover_ratio": 2.27,
            "reinvestment_rate": -2.31,
            "research_to_sale_ratio": null,
            "price_fair": 168.18,
            "eps_avg_yearly": 4.81,
            "eps_latest_yearly": 4.44,
            "eps_growth_yearly": 884.72
        },
        "20143": {
            "year_quarter": 20143,
            "year": 2014,
            "quarter": 3,
            "eps": 0.05,
            "eps_growth_year": -16.67,
            "eps_4q": 1.39,
            "eps_4q_growth_year": 38.52,
            "roe": 0.36,
            "roe_4q": 8.43,
            "gross_profit": 57142,
            "gross_margin": 23.74,
            "gross_margin_4q_avg": 22.76,
            "net_income": 2180,
            "net_income_4q": null,
            "revenue": 240674,
            "revenue_4q": null,
            "common_shares": 362302,
            "book_valuer_per_share": 16.86,
            "book_valuer_per_share_4q_avg": 17.49,
            "equity": 611013,
            "current_ratio": 154.07,
            "debt_ratio": 56.49,
            "inventory_turnover_ratio": 0.62,
            "account_receivable_turnover_ratio": 1.53,
            "reinvestment_rate": 25.54,
            "research_to_sale_ratio": null,
            "price_fair": 150.27,
            "eps_avg_yearly": 4.29,
            "eps_latest_yearly": 0.2,
            "eps_growth_yearly": 747.14
        },
        "20144": {
            "year_quarter": 20144,
            "year": 2014,
            "quarter": 4,
            "eps": 1.08,
            "eps_growth_year": -2.99,
            "eps_4q": 1.41,
            "eps_4q_growth_year": 19.74,
            "roe": 6.12,
            "roe_4q": 8.150000000000002,
            "gross_profit": 95136,
            "gross_margin": 16.64,
            "gross_margin_4q_avg": 20.18,
            "net_income": 39044,
            "net_income_4q": null,
            "revenue": 571684,
            "revenue_4q": null,
            "common_shares": 362302,
            "book_valuer_per_share": 18.33,
            "book_valuer_per_share_4q_avg": 17.59,
            "equity": 664043,
            "current_ratio": 178.81,
            "debt_ratio": 47.11,
            "inventory_turnover_ratio": 1.56,
            "account_receivable_turnover_ratio": 3.47,
            "reinvestment_rate": -5.72,
            "research_to_sale_ratio": null,
            "price_fair": 150.36,
            "eps_avg_yearly": 4.3,
            "eps_latest_yearly": 4.32,
            "eps_growth_yearly": 1496.42
        },
        "20151": {
            "year_quarter": 20151,
            "year": 2015,
            "quarter": 1,
            "eps": -0.36,
            "eps_growth_year": null,
            "eps_4q": 1.19,
            "eps_4q_growth_year": 9.21,
            "roe": -1.96,
            "roe_4q": 6.98,
            "gross_profit": 30632,
            "gross_margin": 20.18,
            "gross_margin_4q_avg": 20.18,
            "net_income": -12880,
            "net_income_4q": null,
            "revenue": 151759,
            "revenue_4q": null,
            "common_shares": 362302,
            "book_valuer_per_share": 17.87,
            "book_valuer_per_share_4q_avg": 17.63,
            "equity": 647265,
            "current_ratio": 186.46,
            "debt_ratio": 45.25,
            "inventory_turnover_ratio": 0.45,
            "account_receivable_turnover_ratio": 0.98,
            "reinvestment_rate": 28.49,
            "research_to_sale_ratio": null,
            "price_fair": 150.36,
            "eps_avg_yearly": 4.3,
            "eps_latest_yearly": 4.32,
            "eps_growth_yearly": 1496.42
        },
        "20152": {
            "year_quarter": 20152,
            "year": 2015,
            "quarter": 2,
            "eps": 0.04,
            "eps_growth_year": -90.7,
            "eps_4q": 0.78,
            "eps_4q_growth_year": -43.92,
            "roe": 0.22,
            "roe_4q": 4.74,
            "gross_profit": 45439,
            "gross_margin": 19.01,
            "gross_margin_4q_avg": 19.89,
            "net_income": 1372,
            "net_income_4q": null,
            "revenue": 239082,
            "revenue_4q": null,
            "common_shares": 362302,
            "book_valuer_per_share": 16.94,
            "book_valuer_per_share_4q_avg": 17.5,
            "equity": 613855,
            "current_ratio": 175.47,
            "debt_ratio": 48.03,
            "inventory_turnover_ratio": 0.84,
            "account_receivable_turnover_ratio": 1.5,
            "reinvestment_rate": -20.13,
            "research_to_sale_ratio": null,
            "price_fair": 150.36,
            "eps_avg_yearly": 4.3,
            "eps_latest_yearly": 4.32,
            "eps_growth_yearly": 1496.42
        },
        "20153": {
            "year_quarter": 20153,
            "year": 2015,
            "quarter": 3,
            "eps": -0.46,
            "eps_growth_year": -1020,
            "eps_4q": 0.26,
            "eps_4q_growth_year": -81.27,
            "roe": -2.88,
            "roe_4q": 1.5000000000000009,
            "gross_profit": 25040,
            "gross_margin": 5.83,
            "gross_margin_4q_avg": 15.42,
            "net_income": -17595,
            "net_income_4q": null,
            "revenue": 429173,
            "revenue_4q": null,
            "common_shares": 380417,
            "book_valuer_per_share": 15.95,
            "book_valuer_per_share_4q_avg": 17.27,
            "equity": 606698,
            "current_ratio": 190.26,
            "debt_ratio": 44.24,
            "inventory_turnover_ratio": 1.99,
            "account_receivable_turnover_ratio": 2.95,
            "reinvestment_rate": -70.89,
            "research_to_sale_ratio": null,
            "price_fair": 122.89,
            "eps_avg_yearly": 3.51,
            "eps_latest_yearly": 4.32,
            "eps_growth_yearly": 1628.74
        },
        "20154": {
            "year_quarter": 20154,
            "year": 2015,
            "quarter": 4,
            "eps": 0.49,
            "eps_growth_year": -54.28,
            "eps_4q": -0.27,
            "eps_4q_growth_year": -119.25,
            "roe": 3.09,
            "roe_4q": -1.53,
            "gross_profit": 67788,
            "gross_margin": 20.99,
            "gross_margin_4q_avg": 16.5,
            "net_income": 18744,
            "net_income_4q": null,
            "revenue": 322951,
            "revenue_4q": null,
            "common_shares": 380417,
            "book_valuer_per_share": 15.99,
            "book_valuer_per_share_4q_avg": 16.69,
            "equity": 608174,
            "current_ratio": 213.67,
            "debt_ratio": 38.34,
            "inventory_turnover_ratio": 1.38,
            "account_receivable_turnover_ratio": 2.7,
            "reinvestment_rate": -90.95,
            "research_to_sale_ratio": null,
            "price_fair": 112.7,
            "eps_avg_yearly": 3.22,
            "eps_latest_yearly": 4.32,
            "eps_growth_yearly": 1856.63
        },
        "20161": {
            "year_quarter": 20161,
            "year": 2016,
            "quarter": 1,
            "eps": -0.64,
            "eps_growth_year": null,
            "eps_4q": -0.57,
            "eps_4q_growth_year": -148.12,
            "roe": -4.09,
            "roe_4q": -3.6599999999999997,
            "gross_profit": 22577,
            "gross_margin": 15.09,
            "gross_margin_4q_avg": 15.23,
            "net_income": -24362,
            "net_income_4q": null,
            "revenue": 149611,
            "revenue_4q": null,
            "common_shares": 380417,
            "book_valuer_per_share": 15.31,
            "book_valuer_per_share_4q_avg": 16.05,
            "equity": 582315,
            "current_ratio": 192.8,
            "debt_ratio": 40.33,
            "inventory_turnover_ratio": 0.84,
            "account_receivable_turnover_ratio": 1.41,
            "reinvestment_rate": -127.44,
            "research_to_sale_ratio": null,
            "price_fair": 97.2,
            "eps_avg_yearly": 2.78,
            "eps_latest_yearly": 4.32,
            "eps_growth_yearly": 2117.16
        },
        "20162": {
            "year_quarter": 20162,
            "year": 2016,
            "quarter": 2,
            "eps": -0.11,
            "eps_growth_year": -375,
            "eps_4q": -0.72,
            "eps_4q_growth_year": -192.16,
            "roe": -0.72,
            "roe_4q": -4.6,
            "gross_profit": 39913,
            "gross_margin": 24.16,
            "gross_margin_4q_avg": 16.52,
            "net_income": -4174,
            "net_income_4q": null,
            "revenue": 165231,
            "revenue_4q": null,
            "common_shares": 380417,
            "book_valuer_per_share": 15.14,
            "book_valuer_per_share_4q_avg": 15.6,
            "equity": 575922,
            "current_ratio": 184.48,
            "debt_ratio": 40.26,
            "inventory_turnover_ratio": 0.88,
            "account_receivable_turnover_ratio": 1.71,
            "reinvestment_rate": -166.28,
            "research_to_sale_ratio": null,
            "price_fair": 91,
            "eps_avg_yearly": 2.6,
            "eps_latest_yearly": 4.32,
            "eps_growth_yearly": 2496.18
        },
        "20163": {
            "year_quarter": 20163,
            "year": 2016,
            "quarter": 3,
            "eps": -0.73,
            "eps_growth_year": null,
            "eps_4q": -0.99,
            "eps_4q_growth_year": -478.65,
            "roe": -5,
            "roe_4q": -6.719999999999999,
            "gross_profit": 16438,
            "gross_margin": 14.21,
            "gross_margin_4q_avg": 18.61,
            "net_income": -27850,
            "net_income_4q": null,
            "revenue": 115668,
            "revenue_4q": null,
            "common_shares": 380417,
            "book_valuer_per_share": 14.16,
            "book_valuer_per_share_4q_avg": 15.15,
            "equity": 538544,
            "current_ratio": 157.66,
            "debt_ratio": 45.97,
            "inventory_turnover_ratio": 0.66,
            "account_receivable_turnover_ratio": 1.12,
            "reinvestment_rate": -298.29,
            "research_to_sale_ratio": null,
            "price_fair": 91.84,
            "eps_avg_yearly": 2.62,
            "eps_latest_yearly": 4.32,
            "eps_growth_yearly": 3023.75
        },
        "20164": {
            "year_quarter": 20164,
            "year": 2016,
            "quarter": 4,
            "eps": 0.92,
            "eps_growth_year": 86.35,
            "eps_4q": -0.56,
            "eps_4q_growth_year": null,
            "roe": 6.27,
            "roe_4q": -3.54,
            "gross_profit": 70943,
            "gross_margin": 24.31,
            "gross_margin_4q_avg": 19.44,
            "net_income": 34929,
            "net_income_4q": null,
            "revenue": 291827,
            "revenue_4q": null,
            "common_shares": 380417,
            "book_valuer_per_share": 15.12,
            "book_valuer_per_share_4q_avg": 14.93,
            "equity": 575045,
            "current_ratio": 181.98,
            "debt_ratio": 39.23,
            "inventory_turnover_ratio": 1.47,
            "account_receivable_turnover_ratio": 2.62,
            "reinvestment_rate": -283.17,
            "research_to_sale_ratio": null,
            "price_fair": 80.5,
            "eps_avg_yearly": 2.3,
            "eps_latest_yearly": 4.32,
            "eps_growth_yearly": 3721.63
        },
        "20171": {
            "year_quarter": 20171,
            "year": 2017,
            "quarter": 1,
            "eps": -0.64,
            "eps_growth_year": null,
            "eps_4q": -0.57,
            "eps_4q_growth_year": null,
            "roe": -4.41,
            "roe_4q": -3.8600000000000003,
            "gross_profit": 19016,
            "gross_margin": 20.56,
            "gross_margin_4q_avg": 20.81,
            "net_income": -24517,
            "net_income_4q": null,
            "revenue": 92512,
            "revenue_4q": null,
            "common_shares": 380417,
            "book_valuer_per_share": 14.11,
            "book_valuer_per_share_4q_avg": 14.63,
            "equity": 536619,
            "current_ratio": 172.25,
            "debt_ratio": 37.57,
            "inventory_turnover_ratio": 0.5,
            "account_receivable_turnover_ratio": 0.96,
            "reinvestment_rate": 207.07,
            "research_to_sale_ratio": null,
            "price_fair": 80.5,
            "eps_avg_yearly": 2.3,
            "eps_latest_yearly": 4.32,
            "eps_growth_yearly": 3721.63
        },
        "20172": {
            "year_quarter": 20172,
            "year": 2017,
            "quarter": 2,
            "eps": -0.45,
            "eps_growth_year": null,
            "eps_4q": -0.9,
            "eps_4q_growth_year": null,
            "roe": -3.17,
            "roe_4q": -6.3100000000000005,
            "gross_profit": 20384,
            "gross_margin": 20.72,
            "gross_margin_4q_avg": 19.95,
            "net_income": -16874,
            "net_income_4q": null,
            "revenue": 98390,
            "revenue_4q": null,
            "common_shares": 380417,
            "book_valuer_per_share": 13.85,
            "book_valuer_per_share_4q_avg": 14.31,
            "equity": 526733,
            "current_ratio": 162.19,
            "debt_ratio": 37.83,
            "inventory_turnover_ratio": 0.54,
            "account_receivable_turnover_ratio": 1.16,
            "reinvestment_rate": 442.52,
            "research_to_sale_ratio": null,
            "price_fair": 80.5,
            "eps_avg_yearly": 2.3,
            "eps_latest_yearly": 4.32,
            "eps_growth_yearly": 3721.63
        },
        "20173": {
            "year_quarter": 20173,
            "year": 2017,
            "quarter": 3,
            "eps": -0.69,
            "eps_growth_year": null,
            "eps_4q": -0.86,
            "eps_4q_growth_year": null,
            "roe": -5.11,
            "roe_4q": -6.420000000000002,
            "gross_profit": 22117,
            "gross_margin": 13.67,
            "gross_margin_4q_avg": 19.82,
            "net_income": -26334,
            "net_income_4q": null,
            "revenue": 161804,
            "revenue_4q": null,
            "common_shares": 380417,
            "book_valuer_per_share": 13.24,
            "book_valuer_per_share_4q_avg": 14.08,
            "equity": 503688,
            "current_ratio": 151.74,
            "debt_ratio": 41.34,
            "inventory_turnover_ratio": 0.99,
            "account_receivable_turnover_ratio": 2.04,
            "reinvestment_rate": null,
            "research_to_sale_ratio": null,
            "price_fair": 104.53,
            "eps_avg_yearly": 2.99,
            "eps_latest_yearly": 4.32,
            "eps_growth_yearly": 4962.17
        },
        "20174": {
            "year_quarter": 20174,
            "year": 2017,
            "quarter": 4,
            "eps": 1.38,
            "eps_growth_year": 50.83,
            "eps_4q": -0.4,
            "eps_4q_growth_year": null,
            "roe": 9.9,
            "roe_4q": -2.79,
            "gross_profit": 92656,
            "gross_margin": 34.53,
            "gross_margin_4q_avg": 22.37,
            "net_income": 52685,
            "net_income_4q": null,
            "revenue": 268315,
            "revenue_4q": null,
            "common_shares": 380417,
            "book_valuer_per_share": 14.73,
            "book_valuer_per_share_4q_avg": 13.98,
            "equity": 560483,
            "current_ratio": 184.01,
            "debt_ratio": 34.82,
            "inventory_turnover_ratio": 1.28,
            "account_receivable_turnover_ratio": 2.51,
            "reinvestment_rate": 2202.5,
            "research_to_sale_ratio": null,
            "price_fair": 79.1,
            "eps_avg_yearly": 2.26,
            "eps_latest_yearly": 4.32,
            "eps_growth_yearly": 3943.26
        },
        "20181": {
            "year_quarter": 20181,
            "year": 2018,
            "quarter": 1,
            "eps": -1,
            "eps_growth_year": null,
            "eps_4q": -0.75,
            "eps_4q_growth_year": null,
            "roe": -7.05,
            "roe_4q": -5.43,
            "gross_profit": 6897,
            "gross_margin": 14.69,
            "gross_margin_4q_avg": 20.9,
            "net_income": -38021,
            "net_income_4q": null,
            "revenue": 46945,
            "revenue_4q": null,
            "common_shares": 380417,
            "book_valuer_per_share": 13.64,
            "book_valuer_per_share_4q_avg": 13.87,
            "equity": 518728,
            "current_ratio": 150.06,
            "debt_ratio": 41.81,
            "inventory_turnover_ratio": 0.28,
            "account_receivable_turnover_ratio": 0.49,
            "reinvestment_rate": null,
            "research_to_sale_ratio": null,
            "price_fair": 79.1,
            "eps_avg_yearly": 2.26,
            "eps_latest_yearly": 4.32,
            "eps_growth_yearly": 3943.26
        },
        "20182": {
            "year_quarter": 20182,
            "year": 2018,
            "quarter": 2,
            "eps": -0.37,
            "eps_growth_year": null,
            "eps_4q": -0.68,
            "eps_4q_growth_year": null,
            "roe": -2.79,
            "roe_4q": -5.05,
            "gross_profit": 24460,
            "gross_margin": 25.2,
            "gross_margin_4q_avg": 22.02,
            "net_income": -14210,
            "net_income_4q": null,
            "revenue": 97046,
            "revenue_4q": null,
            "common_shares": 380417,
            "book_valuer_per_share": 13.12,
            "book_valuer_per_share_4q_avg": 13.68,
            "equity": 498972,
            "current_ratio": 134.39,
            "debt_ratio": 45.59,
            "inventory_turnover_ratio": 0.48,
            "account_receivable_turnover_ratio": 1.69,
            "reinvestment_rate": null,
            "research_to_sale_ratio": null,
            "price_fair": 79.1,
            "eps_avg_yearly": 2.26,
            "eps_latest_yearly": 4.32,
            "eps_growth_yearly": 3943.26
        },
        "20183": {
            "year_quarter": 20183,
            "year": 2018,
            "quarter": 3,
            "eps": -0.54,
            "eps_growth_year": null,
            "eps_4q": -0.52,
            "eps_4q_growth_year": null,
            "roe": -4.2,
            "roe_4q": -4.139999999999999,
            "gross_profit": 24564,
            "gross_margin": 16.56,
            "gross_margin_4q_avg": 22.75,
            "net_income": -20355,
            "net_income_4q": null,
            "revenue": 148367,
            "revenue_4q": null,
            "common_shares": 380417,
            "book_valuer_per_share": 12.34,
            "book_valuer_per_share_4q_avg": 13.46,
            "equity": 469506,
            "current_ratio": 127.87,
            "debt_ratio": 43.99,
            "inventory_turnover_ratio": 0.92,
            "account_receivable_turnover_ratio": 2.55,
            "reinvestment_rate": null,
            "research_to_sale_ratio": null,
            "price_fair": 151.2,
            "eps_avg_yearly": 4.32,
            "eps_latest_yearly": 4.32,
            "eps_growth_yearly": 8240
        },
        "20184": {
            "year_quarter": 20184,
            "year": 2018,
            "quarter": 4,
            "eps": 0.88,
            "eps_growth_year": -36.48,
            "eps_4q": -1.03,
            "eps_4q_growth_year": null,
            "roe": 6.91,
            "roe_4q": -7.13,
            "gross_profit": 53444,
            "gross_margin": 23.15,
            "gross_margin_4q_avg": 19.9,
            "net_income": 33467,
            "net_income_4q": null,
            "revenue": 230838,
            "revenue_4q": null,
            "common_shares": 380417,
            "book_valuer_per_share": 13.13,
            "book_valuer_per_share_4q_avg": 13.06,
            "equity": 499380,
            "current_ratio": 129.75,
            "debt_ratio": 43.74,
            "inventory_turnover_ratio": 1.5,
            "account_receivable_turnover_ratio": 4.97,
            "reinvestment_rate": null,
            "research_to_sale_ratio": null,
            "price_fair": 0,
            "eps_avg_yearly": 0,
            "eps_latest_yearly": 0,
            "eps_growth_yearly": 0
        },
        "20191": {
            "year_quarter": 20191,
            "year": 2019,
            "quarter": 1,
            "eps": -0.53,
            "eps_growth_year": null,
            "eps_4q": -0.56,
            "eps_4q_growth_year": null,
            "roe": -4.08,
            "roe_4q": -4.16,
            "gross_profit": 18737,
            "gross_margin": 19.39,
            "gross_margin_4q_avg": 21.08,
            "net_income": -20167,
            "net_income_4q": null,
            "revenue": 96624,
            "revenue_4q": null,
            "common_shares": 380417,
            "book_valuer_per_share": 12.89,
            "book_valuer_per_share_4q_avg": 12.87,
            "equity": 490304,
            "current_ratio": 118.6,
            "debt_ratio": 48.7,
            "inventory_turnover_ratio": 0.6,
            "account_receivable_turnover_ratio": 1.77,
            "reinvestment_rate": null,
            "research_to_sale_ratio": null,
            "price_fair": 0,
            "eps_avg_yearly": 0,
            "eps_latest_yearly": 0,
            "eps_growth_yearly": 0
        },
        "20192": {
            "year_quarter": 20192,
            "year": 2019,
            "quarter": 2,
            "eps": -0.48,
            "eps_growth_year": null,
            "eps_4q": -0.66,
            "eps_4q_growth_year": null,
            "roe": -3.76,
            "roe_4q": -5.13,
            "gross_profit": 21198,
            "gross_margin": 16.5,
            "gross_margin_4q_avg": 18.9,
            "net_income": -18072,
            "net_income_4q": null,
            "revenue": 128440,
            "revenue_4q": null,
            "common_shares": 380417,
            "book_valuer_per_share": 12.4,
            "book_valuer_per_share_4q_avg": 12.69,
            "equity": 471725,
            "current_ratio": 111.58,
            "debt_ratio": 50.87,
            "inventory_turnover_ratio": 0.7,
            "account_receivable_turnover_ratio": 1.72,
            "reinvestment_rate": null,
            "research_to_sale_ratio": null,
            "price_fair": 0,
            "eps_avg_yearly": 0,
            "eps_latest_yearly": 0,
            "eps_growth_yearly": 0
        },
        "20193": {
            "year_quarter": 20193,
            "year": 2019,
            "quarter": 3,
            "eps": -0.35,
            "eps_growth_year": null,
            "eps_4q": -0.48,
            "eps_4q_growth_year": null,
            "roe": -2.88,
            "roe_4q": -3.8099999999999987,
            "gross_profit": 25187,
            "gross_margin": 20.15,
            "gross_margin_4q_avg": 19.8,
            "net_income": -13401,
            "net_income_4q": null,
            "revenue": 125003,
            "revenue_4q": null,
            "common_shares": 380417,
            "book_valuer_per_share": 12.09,
            "book_valuer_per_share_4q_avg": 12.63,
            "equity": 459734,
            "current_ratio": 113.6,
            "debt_ratio": 55.67,
            "inventory_turnover_ratio": 0.63,
            "account_receivable_turnover_ratio": 1.63,
            "reinvestment_rate": null,
            "research_to_sale_ratio": null,
            "price_fair": 0,
            "eps_avg_yearly": 0,
            "eps_latest_yearly": 0,
            "eps_growth_yearly": 0
        },
        "20194": {
            "year_quarter": 20194,
            "year": 2019,
            "quarter": 4,
            "eps": -0.25,
            "eps_growth_year": -128.88,
            "eps_4q": -1.61,
            "eps_4q_growth_year": null,
            "roe": -2.13,
            "roe_4q": -12.85,
            "gross_profit": 24454,
            "gross_margin": 15.23,
            "gross_margin_4q_avg": 17.82,
            "net_income": -9664,
            "net_income_4q": null,
            "revenue": 160578,
            "revenue_4q": null,
            "common_shares": 380417,
            "book_valuer_per_share": 11.75,
            "book_valuer_per_share_4q_avg": 12.28,
            "equity": 447029,
            "current_ratio": 110.32,
            "debt_ratio": 55.65,
            "inventory_turnover_ratio": 0.93,
            "account_receivable_turnover_ratio": 1.89,
            "reinvestment_rate": null,
            "research_to_sale_ratio": null,
            "price_fair": 0,
            "eps_avg_yearly": 0,
            "eps_latest_yearly": 0,
            "eps_growth_yearly": 0
        },
        "20201": {
            "year_quarter": 20201,
            "year": 2020,
            "quarter": 1,
            "eps": -0.77,
            "eps_growth_year": null,
            "eps_4q": -1.85,
            "eps_4q_growth_year": null,
            "roe": -6.76,
            "roe_4q": -15.53,
            "gross_profit": 7846,
            "gross_margin": 10.84,
            "gross_margin_4q_avg": 15.68,
            "net_income": -29126,
            "net_income_4q": null,
            "revenue": 72359,
            "revenue_4q": null,
            "common_shares": 380417,
            "book_valuer_per_share": 10.9,
            "book_valuer_per_share_4q_avg": 11.79,
            "equity": 414831,
            "current_ratio": 103.16,
            "debt_ratio": 63.58,
            "inventory_turnover_ratio": 0.48,
            "account_receivable_turnover_ratio": 0.86,
            "reinvestment_rate": null,
            "research_to_sale_ratio": null,
            "price_fair": 0,
            "eps_avg_yearly": 0,
            "eps_latest_yearly": 0,
            "eps_growth_yearly": 0
        },
        "20202": {
            "year_quarter": 20202,
            "year": 2020,
            "quarter": 2,
            "eps": 1.92,
            "eps_growth_year": null,
            "eps_4q": 0.55,
            "eps_4q_growth_year": null,
            "roe": 16.21,
            "roe_4q": 4.440000000000001,
            "gross_profit": 1656,
            "gross_margin": 1.79,
            "gross_margin_4q_avg": 12,
            "net_income": 73094,
            "net_income_4q": null,
            "revenue": 92345,
            "revenue_4q": null,
            "common_shares": 380417,
            "book_valuer_per_share": 12.8,
            "book_valuer_per_share_4q_avg": 11.89,
            "equity": 486809,
            "current_ratio": 114.94,
            "debt_ratio": 55.19,
            "inventory_turnover_ratio": 0.67,
            "account_receivable_turnover_ratio": 1.6,
            "reinvestment_rate": null,
            "research_to_sale_ratio": null,
            "price_fair": 0,
            "eps_avg_yearly": 0,
            "eps_latest_yearly": 0,
            "eps_growth_yearly": 0
        },
        "20203": {
            "year_quarter": 20203,
            "year": 2020,
            "quarter": 3,
            "eps": -0.19,
            "eps_growth_year": null,
            "eps_4q": 0.71,
            "eps_4q_growth_year": null,
            "roe": -1.49,
            "roe_4q": 5.830000000000001,
            "gross_profit": 34498,
            "gross_margin": 25.64,
            "gross_margin_4q_avg": 13.38,
            "net_income": -7213,
            "net_income_4q": null,
            "revenue": 134568,
            "revenue_4q": null,
            "common_shares": 380417,
            "book_valuer_per_share": 12.63,
            "book_valuer_per_share_4q_avg": 12.02,
            "equity": 480594,
            "current_ratio": 112.1,
            "debt_ratio": 56.73,
            "inventory_turnover_ratio": 0.77,
            "account_receivable_turnover_ratio": 3.55,
            "reinvestment_rate": null,
            "research_to_sale_ratio": null,
            "price_fair": 0,
            "eps_avg_yearly": 0,
            "eps_latest_yearly": 0,
            "eps_growth_yearly": 0
        },
        "20204": {
            "year_quarter": 20204,
            "year": 2020,
            "quarter": 4,
            "eps": -0.5,
            "eps_growth_year": null,
            "eps_4q": 0.47,
            "eps_4q_growth_year": null,
            "roe": -4,
            "roe_4q": 3.960000000000001,
            "gross_profit": 33207,
            "gross_margin": 16,
            "gross_margin_4q_avg": 13.57,
            "net_income": -18950,
            "net_income_4q": null,
            "revenue": 207535,
            "revenue_4q": null,
            "common_shares": 380417,
            "book_valuer_per_share": 12.3,
            "book_valuer_per_share_4q_avg": 12.16,
            "equity": 467879,
            "current_ratio": 110.64,
            "debt_ratio": 56.41,
            "inventory_turnover_ratio": 0.75,
            "account_receivable_turnover_ratio": 4.32,
            "reinvestment_rate": null,
            "research_to_sale_ratio": null,
            "price_fair": 0,
            "eps_avg_yearly": 0,
            "eps_latest_yearly": 0,
            "eps_growth_yearly": 0
        },
        "20211": {
            "year_quarter": 20211,
            "year": 2021,
            "quarter": 1,
            "eps": 0.03,
            "eps_growth_year": null,
            "eps_4q": 1.26,
            "eps_4q_growth_year": null,
            "roe": 0.25,
            "roe_4q": 10.97,
            "gross_profit": 38997,
            "gross_margin": 17.82,
            "gross_margin_4q_avg": 15.31,
            "net_income": 1157,
            "net_income_4q": null,
            "revenue": 218791,
            "revenue_4q": null,
            "common_shares": 380417,
            "book_valuer_per_share": 12.3,
            "book_valuer_per_share_4q_avg": 12.51,
            "equity": 467817,
            "current_ratio": 110.23,
            "debt_ratio": 58.09,
            "inventory_turnover_ratio": 0.63,
            "account_receivable_turnover_ratio": 3.12,
            "reinvestment_rate": null,
            "research_to_sale_ratio": null,
            "price_fair": 0,
            "eps_avg_yearly": 0,
            "eps_latest_yearly": 0,
            "eps_growth_yearly": 0
        },
        "20212": {
            "year_quarter": 20212,
            "year": 2021,
            "quarter": 2,
            "eps": -0.22,
            "eps_growth_year": -111.46,
            "eps_4q": -0.88,
            "eps_4q_growth_year": -260.54,
            "roe": -1.86,
            "roe_4q": -7.1000000000000005,
            "gross_profit": 29310,
            "gross_margin": 17.44,
            "gross_margin_4q_avg": 19.23,
            "net_income": -8552,
            "net_income_4q": null,
            "revenue": 168061,
            "revenue_4q": null,
            "common_shares": 380417,
            "book_valuer_per_share": 11.9,
            "book_valuer_per_share_4q_avg": 12.28,
            "equity": 452827,
            "current_ratio": 111.09,
            "debt_ratio": 53.83,
            "inventory_turnover_ratio": 0.64,
            "account_receivable_turnover_ratio": 3.08,
            "reinvestment_rate": null,
            "research_to_sale_ratio": null,
            "price_fair": 0,
            "eps_avg_yearly": 0,
            "eps_latest_yearly": 0,
            "eps_growth_yearly": 0
        },
        "20213": {
            "year_quarter": 20213,
            "year": 2021,
            "quarter": 3,
            "eps": -0.28,
            "eps_growth_year": null,
            "eps_4q": -0.97,
            "eps_4q_growth_year": -236.42,
            "roe": -2.4,
            "roe_4q": -8.01,
            "gross_profit": 18976,
            "gross_margin": 16.02,
            "gross_margin_4q_avg": 16.82,
            "net_income": -10613,
            "net_income_4q": null,
            "revenue": 118427,
            "revenue_4q": null,
            "common_shares": 380417,
            "book_valuer_per_share": 11.34,
            "book_valuer_per_share_4q_avg": 11.96,
            "equity": 431275,
            "current_ratio": 107.19,
            "debt_ratio": 55.23,
            "inventory_turnover_ratio": 0.56,
            "account_receivable_turnover_ratio": 3.65,
            "reinvestment_rate": null,
            "research_to_sale_ratio": null,
            "price_fair": 0,
            "eps_avg_yearly": 0,
            "eps_latest_yearly": 0,
            "eps_growth_yearly": 0
        },
        "20214": {
            "year_quarter": 20214,
            "year": 2021,
            "quarter": 4,
            "eps": 0.74,
            "eps_growth_year": null,
            "eps_4q": 0.27,
            "eps_4q_growth_year": -42.66,
            "roe": 6.25,
            "roe_4q": 2.24,
            "gross_profit": 60396,
            "gross_margin": 28.79,
            "gross_margin_4q_avg": 20.02,
            "net_income": 28218,
            "net_income_4q": null,
            "revenue": 209794,
            "revenue_4q": null,
            "common_shares": 380417,
            "book_valuer_per_share": 12.4,
            "book_valuer_per_share_4q_avg": 11.99,
            "equity": 471578,
            "current_ratio": 115.01,
            "debt_ratio": 50.4,
            "inventory_turnover_ratio": 0.94,
            "account_receivable_turnover_ratio": 5.86,
            "reinvestment_rate": null,
            "research_to_sale_ratio": null,
            "price_fair": 0,
            "eps_avg_yearly": 0,
            "eps_latest_yearly": 0,
            "eps_growth_yearly": 0
        },
        "20221": {
            "year_quarter": 20221,
            "year": 2022,
            "quarter": 1,
            "eps": -0.39,
            "eps_growth_year": -1400,
            "eps_4q": -0.15,
            "eps_4q_growth_year": -112.02,
            "roe": -3.13,
            "roe_4q": -1.14,
            "gross_profit": 15116,
            "gross_margin": 16.14,
            "gross_margin_4q_avg": 19.6,
            "net_income": -14834,
            "net_income_4q": null,
            "revenue": 93669,
            "revenue_4q": null,
            "common_shares": 380417,
            "book_valuer_per_share": 12.53,
            "book_valuer_per_share_4q_avg": 12.04,
            "equity": 476769,
            "current_ratio": 110.17,
            "debt_ratio": 55.95,
            "inventory_turnover_ratio": 0.54,
            "account_receivable_turnover_ratio": 2.53,
            "reinvestment_rate": null,
            "research_to_sale_ratio": null,
            "price_fair": 0,
            "eps_avg_yearly": 0,
            "eps_latest_yearly": 0,
            "eps_growth_yearly": 0
        },
        "20222": {
            "year_quarter": 20222,
            "year": 2022,
            "quarter": 2,
            "eps": -0.24,
            "eps_growth_year": null,
            "eps_4q": -0.17,
            "eps_4q_growth_year": null,
            "roe": -1.96,
            "roe_4q": -1.2399999999999998,
            "gross_profit": 29789,
            "gross_margin": 17.76,
            "gross_margin_4q_avg": 19.68,
            "net_income": -9177,
            "net_income_4q": null,
            "revenue": 167734,
            "revenue_4q": null,
            "common_shares": 380417,
            "book_valuer_per_share": 12.02,
            "book_valuer_per_share_4q_avg": 12.07,
            "equity": 457346,
            "current_ratio": 108.25,
            "debt_ratio": 54.45,
            "inventory_turnover_ratio": 1.05,
            "account_receivable_turnover_ratio": 4.87,
            "reinvestment_rate": null,
            "research_to_sale_ratio": null,
            "price_fair": 0,
            "eps_avg_yearly": 0,
            "eps_latest_yearly": 0,
            "eps_growth_yearly": 0
        },
        "20223": {
            "year_quarter": 20223,
            "year": 2022,
            "quarter": 3,
            "eps": 0.11,
            "eps_growth_year": null,
            "eps_4q": 0.22,
            "eps_4q_growth_year": null,
            "roe": 0.92,
            "roe_4q": 2.08,
            "gross_profit": 36147,
            "gross_margin": 35.87,
            "gross_margin_4q_avg": 24.64,
            "net_income": 4202,
            "net_income_4q": null,
            "revenue": 100775,
            "revenue_4q": null,
            "common_shares": 380417,
            "book_valuer_per_share": 12.1,
            "book_valuer_per_share_4q_avg": 12.26,
            "equity": 460431,
            "current_ratio": 108.94,
            "debt_ratio": 54.52,
            "inventory_turnover_ratio": 0.5,
            "account_receivable_turnover_ratio": 2.7,
            "reinvestment_rate": null,
            "research_to_sale_ratio": null,
            "price_fair": 0,
            "eps_avg_yearly": 0,
            "eps_latest_yearly": 0,
            "eps_growth_yearly": 0
        },
        "20224": {
            "year_quarter": 20224,
            "year": 2022,
            "quarter": 4,
            "eps": -0.03,
            "eps_growth_year": -103.77,
            "eps_4q": -0.55,
            "eps_4q_growth_year": -304.43,
            "roe": -0.23,
            "roe_4q": -4.4,
            "gross_profit": 33597,
            "gross_margin": 15.28,
            "gross_margin_4q_avg": 21.26,
            "net_income": -1063,
            "net_income_4q": null,
            "revenue": 219930,
            "revenue_4q": null,
            "common_shares": 380417,
            "book_valuer_per_share": 12.18,
            "book_valuer_per_share_4q_avg": 12.21,
            "equity": 463192,
            "current_ratio": 110.48,
            "debt_ratio": 50.71,
            "inventory_turnover_ratio": 1.6,
            "account_receivable_turnover_ratio": 4.5,
            "reinvestment_rate": null,
            "research_to_sale_ratio": null,
            "price_fair": 0,
            "eps_avg_yearly": 0,
            "eps_latest_yearly": 0,
            "eps_growth_yearly": 0
        },
        "20231": {
            "year_quarter": 20231,
            "year": 2023,
            "quarter": 1,
            "eps": -0.37,
            "eps_growth_year": null,
            "eps_4q": -0.53,
            "eps_4q_growth_year": null,
            "roe": -2.98,
            "roe_4q": -4.25,
            "gross_profit": 18216,
            "gross_margin": 21.6,
            "gross_margin_4q_avg": 22.63,
            "net_income": -14243,
            "net_income_4q": null,
            "revenue": 84346,
            "revenue_4q": null,
            "common_shares": 380417,
            "book_valuer_per_share": 12.92,
            "book_valuer_per_share_4q_avg": 12.31,
            "equity": 491626,
            "current_ratio": 106.65,
            "debt_ratio": 54.39,
            "inventory_turnover_ratio": 0.57,
            "account_receivable_turnover_ratio": 1.64,
            "reinvestment_rate": null,
            "research_to_sale_ratio": null,
            "price_fair": 0,
            "eps_avg_yearly": 0,
            "eps_latest_yearly": 0,
            "eps_growth_yearly": 0
        },
        "20232": {
            "year_quarter": 20232,
            "year": 2023,
            "quarter": 2,
            "eps": -0.2,
            "eps_growth_year": null,
            "eps_4q": -0.49,
            "eps_4q_growth_year": null,
            "roe": -1.5,
            "roe_4q": -3.790000000000001,
            "gross_profit": 23028,
            "gross_margin": 14.16,
            "gross_margin_4q_avg": 21.73,
            "net_income": -7607,
            "net_income_4q": null,
            "revenue": 162656,
            "revenue_4q": null,
            "common_shares": 380417,
            "book_valuer_per_share": 13.75,
            "book_valuer_per_share_4q_avg": 12.74,
            "equity": 522946,
            "current_ratio": 105.14,
            "debt_ratio": 55.31,
            "inventory_turnover_ratio": 1.06,
            "account_receivable_turnover_ratio": 3.63,
            "reinvestment_rate": null,
            "research_to_sale_ratio": null,
            "price_fair": 0,
            "eps_avg_yearly": 0,
            "eps_latest_yearly": 0,
            "eps_growth_yearly": 0
        },
        "20233": {
            "year_quarter": 20233,
            "year": 2023,
            "quarter": 3,
            "eps": -0.4,
            "eps_growth_year": -463.64,
            "eps_4q": -1.01,
            "eps_4q_growth_year": -555.51,
            "roe": -2.94,
            "roe_4q": -7.65,
            "gross_profit": 25703,
            "gross_margin": 27.81,
            "gross_margin_4q_avg": 19.71,
            "net_income": -15391,
            "net_income_4q": null,
            "revenue": 92427,
            "revenue_4q": null,
            "common_shares": 380417,
            "book_valuer_per_share": 13.81,
            "book_valuer_per_share_4q_avg": 13.17,
            "equity": 525395,
            "current_ratio": 102.67,
            "debt_ratio": 60.46,
            "inventory_turnover_ratio": 0.47,
            "account_receivable_turnover_ratio": 1.45,
            "reinvestment_rate": null,
            "research_to_sale_ratio": null,
            "price_fair": 0,
            "eps_avg_yearly": 0,
            "eps_latest_yearly": 0,
            "eps_growth_yearly": 0
        }
    },
    "months": {
        "2004-09": {
            "month": "2004-09",
            "price": "11.78",
            "revenue": 59358
        },
        "2004-10": {
            "month": "2004-10",
            "price": "13.14",
            "revenue": 19785
        },
        "2004-12": {
            "month": "2004-12",
            "price": "11.36",
            "revenue": 32060
        },
        "2005-02": {
            "month": "2005-02",
            "price": "11.80",
            "revenue": 4456
        },
        "2005-03": {
            "month": "2005-03",
            "price": "10.73",
            "revenue": 16907
        },
        "2005-04": {
            "month": "2005-04",
            "price": "10.33",
            "revenue": 31591
        },
        "2005-05": {
            "month": "2005-05",
            "price": "10.36",
            "revenue": 13188
        },
        "2005-06": {
            "month": "2005-06",
            "price": "9.73",
            "revenue": 14485
        },
        "2005-07": {
            "month": "2005-07",
            "price": "9.70",
            "revenue": 12654
        },
        "2005-08": {
            "month": "2005-08",
            "price": "8.81",
            "revenue": 125940
        },
        "2005-09": {
            "month": "2005-09",
            "price": "8.50",
            "revenue": 8083
        },
        "2005-10": {
            "month": "2005-10",
            "price": "8.00",
            "revenue": 9216
        },
        "2005-11": {
            "month": "2005-11",
            "price": "7.30",
            "revenue": 7028
        },
        "2005-12": {
            "month": "2005-12",
            "price": "9.88",
            "revenue": 130308
        },
        "2006-01": {
            "month": "2006-01",
            "price": "9.46",
            "revenue": 3038
        },
        "2006-02": {
            "month": "2006-02",
            "price": "8.75",
            "revenue": 10382
        },
        "2006-04": {
            "month": "2006-04",
            "price": "9.24",
            "revenue": 23594
        },
        "2006-06": {
            "month": "2006-06",
            "price": "10.72",
            "revenue": 109043
        },
        "2006-09": {
            "month": "2006-09",
            "price": "9.85",
            "revenue": 10412
        },
        "2006-10": {
            "month": "2006-10",
            "price": "8.38",
            "revenue": 11252
        },
        "2006-12": {
            "month": "2006-12",
            "price": "9.41",
            "revenue": 576155
        },
        "2007-01": {
            "month": "2007-01",
            "price": "8.34",
            "revenue": 7503
        },
        "2007-02": {
            "month": "2007-02",
            "price": "8.21",
            "revenue": 20867
        },
        "2007-03": {
            "month": "2007-03",
            "price": "8.44",
            "revenue": 151374
        },
        "2007-04": {
            "month": "2007-04",
            "price": "8.39",
            "revenue": 2205
        },
        "2007-05": {
            "month": "2007-05",
            "price": "6.56",
            "revenue": 137817
        },
        "2007-06": {
            "month": "2007-06",
            "price": "9.01",
            "revenue": 68051
        },
        "2007-07": {
            "month": "2007-07",
            "price": "10.15",
            "revenue": 25242
        },
        "2007-08": {
            "month": "2007-08",
            "price": "11.42",
            "revenue": 144142
        },
        "2007-09": {
            "month": "2007-09",
            "price": "8.97",
            "revenue": 31790
        },
        "2007-10": {
            "month": "2007-10",
            "price": "9.76",
            "revenue": 123739
        },
        "2007-11": {
            "month": "2007-11",
            "price": "9.94",
            "revenue": 71155
        },
        "2007-12": {
            "month": "2007-12",
            "price": "10.28",
            "revenue": 215947
        },
        "2008-01": {
            "month": "2008-01",
            "price": "10.13",
            "revenue": 255926
        },
        "2008-03": {
            "month": "2008-03",
            "price": "10.03",
            "revenue": 87682
        },
        "2008-04": {
            "month": "2008-04",
            "price": "9.20",
            "revenue": 43486
        },
        "2008-06": {
            "month": "2008-06",
            "price": "10.22",
            "revenue": 16768
        },
        "2008-07": {
            "month": "2008-07",
            "price": "9.00",
            "revenue": 9359
        },
        "2008-09": {
            "month": "2008-09",
            "price": "8.97",
            "revenue": 13349
        },
        "2008-12": {
            "month": "2008-12",
            "price": "10.07",
            "revenue": 54619
        },
        "2009-02": {
            "month": "2009-02",
            "price": "8.05",
            "revenue": 11722
        },
        "2009-03": {
            "month": "2009-03",
            "price": "7.02",
            "revenue": 50580
        },
        "2009-04": {
            "month": "2009-04",
            "price": "7.40",
            "revenue": 67426
        },
        "2009-05": {
            "month": "2009-05",
            "price": "7.40",
            "revenue": 29959
        },
        "2009-06": {
            "month": "2009-06",
            "price": "9.28",
            "revenue": 22216
        },
        "2009-07": {
            "month": "2009-07",
            "price": "10.37",
            "revenue": 7220
        },
        "2009-08": {
            "month": "2009-08",
            "price": "9.98",
            "revenue": 21516
        },
        "2009-09": {
            "month": "2009-09",
            "price": "9.41",
            "revenue": 15346
        },
        "2009-10": {
            "month": "2009-10",
            "price": "9.35",
            "revenue": 79126
        },
        "2009-11": {
            "month": "2009-11",
            "price": "9.65",
            "revenue": 105715
        },
        "2009-12": {
            "month": "2009-12",
            "price": "10.26",
            "revenue": 110821
        },
        "2010-01": {
            "month": "2010-01",
            "price": "13.56",
            "revenue": 112336
        },
        "2010-02": {
            "month": "2010-02",
            "price": "15.68",
            "revenue": 33311
        },
        "2010-03": {
            "month": "2010-03",
            "price": "15.79",
            "revenue": 35122
        },
        "2010-04": {
            "month": "2010-04",
            "price": "16.37",
            "revenue": 32611
        },
        "2010-05": {
            "month": "2010-05",
            "price": "15.76",
            "revenue": 60014
        },
        "2010-06": {
            "month": "2010-06",
            "price": "16.07",
            "revenue": 50581
        },
        "2010-07": {
            "month": "2010-07",
            "price": "17.05",
            "revenue": 50058
        },
        "2010-08": {
            "month": "2010-08",
            "price": "17.73",
            "revenue": 61314
        },
        "2010-09": {
            "month": "2010-09",
            "price": "18.92",
            "revenue": 34882
        },
        "2010-10": {
            "month": "2010-10",
            "price": "16.66",
            "revenue": 92493
        },
        "2010-11": {
            "month": "2010-11",
            "price": "16.84",
            "revenue": 124675
        },
        "2010-12": {
            "month": "2010-12",
            "price": "16.71",
            "revenue": 374399
        },
        "2011-01": {
            "month": "2011-01",
            "price": "19.71",
            "revenue": 41021
        },
        "2011-02": {
            "month": "2011-02",
            "price": "22.43",
            "revenue": 37124
        },
        "2011-03": {
            "month": "2011-03",
            "price": "25.27",
            "revenue": 248354
        },
        "2011-04": {
            "month": "2011-04",
            "price": "26.80",
            "revenue": 82438
        },
        "2011-05": {
            "month": "2011-05",
            "price": "29.00",
            "revenue": 66825
        },
        "2011-06": {
            "month": "2011-06",
            "price": "29.01",
            "revenue": 189711
        },
        "2011-07": {
            "month": "2011-07",
            "price": "28.77",
            "revenue": 245276
        },
        "2011-08": {
            "month": "2011-08",
            "price": "31.64",
            "revenue": 95429
        },
        "2011-09": {
            "month": "2011-09",
            "price": "35.28",
            "revenue": 125808
        },
        "2011-10": {
            "month": "2011-10",
            "price": "49.09",
            "revenue": 109043
        },
        "2011-11": {
            "month": "2011-11",
            "price": "60.25",
            "revenue": 152398
        },
        "2011-12": {
            "month": "2011-12",
            "price": "59.18",
            "revenue": 284105
        },
        "2012-01": {
            "month": "2012-01",
            "price": "53.30",
            "revenue": 54102
        },
        "2012-02": {
            "month": "2012-02",
            "price": "68.87",
            "revenue": 64874
        },
        "2012-03": {
            "month": "2012-03",
            "price": "69.35",
            "revenue": 194286
        },
        "2012-04": {
            "month": "2012-04",
            "price": "59.71",
            "revenue": 58028
        },
        "2012-05": {
            "month": "2012-05",
            "price": "58.14",
            "revenue": 79695
        },
        "2012-06": {
            "month": "2012-06",
            "price": "51.91",
            "revenue": 148441
        },
        "2012-07": {
            "month": "2012-07",
            "price": "54.12",
            "revenue": 75185
        },
        "2012-08": {
            "month": "2012-08",
            "price": "52.93",
            "revenue": 91499
        },
        "2012-09": {
            "month": "2012-09",
            "price": "48.59",
            "revenue": 76840
        },
        "2012-10": {
            "month": "2012-10",
            "price": "41.95",
            "revenue": 127419
        },
        "2012-11": {
            "month": "2012-11",
            "price": "46.53",
            "revenue": 152517
        },
        "2012-12": {
            "month": "2012-12",
            "price": "47.68",
            "revenue": 128427
        },
        "2013-01": {
            "month": "2013-01",
            "price": "47.70",
            "revenue": 69620
        },
        "2013-02": {
            "month": "2013-02",
            "price": "48.14",
            "revenue": 62143
        },
        "2013-03": {
            "month": "2013-03",
            "price": "50.36",
            "revenue": 195807
        },
        "2013-04": {
            "month": "2013-04",
            "price": "49.76",
            "revenue": 45823
        },
        "2013-05": {
            "month": "2013-05",
            "price": "44.08",
            "revenue": 105925
        },
        "2013-06": {
            "month": "2013-06",
            "price": "41.91",
            "revenue": 105344
        },
        "2013-07": {
            "month": "2013-07",
            "price": "40.54",
            "revenue": 83913
        },
        "2013-08": {
            "month": "2013-08",
            "price": "35.89",
            "revenue": 38721
        },
        "2013-09": {
            "month": "2013-09",
            "price": "28.36",
            "revenue": 83022
        },
        "2013-10": {
            "month": "2013-10",
            "price": "27.28",
            "revenue": 35426
        },
        "2013-11": {
            "month": "2013-11",
            "price": "23.29",
            "revenue": 144002
        },
        "2013-12": {
            "month": "2013-12",
            "price": "22.58",
            "revenue": 219064
        },
        "2014-01": {
            "month": "2014-01",
            "price": "25.83",
            "revenue": 26338
        },
        "2014-02": {
            "month": "2014-02",
            "price": "26.30",
            "revenue": 64337
        },
        "2014-03": {
            "month": "2014-03",
            "price": "25.39",
            "revenue": 96572
        },
        "2014-04": {
            "month": "2014-04",
            "price": "25.51",
            "revenue": 49692
        },
        "2014-05": {
            "month": "2014-05",
            "price": "22.09",
            "revenue": 130453
        },
        "2014-06": {
            "month": "2014-06",
            "price": "23.72",
            "revenue": 135704
        },
        "2014-07": {
            "month": "2014-07",
            "price": "24.32",
            "revenue": 48403
        },
        "2014-08": {
            "month": "2014-08",
            "price": "22.06",
            "revenue": 53334
        },
        "2014-09": {
            "month": "2014-09",
            "price": "20.98",
            "revenue": 139063
        },
        "2014-10": {
            "month": "2014-10",
            "price": "19.94",
            "revenue": 35785
        },
        "2014-11": {
            "month": "2014-11",
            "price": "18.86",
            "revenue": 69571
        },
        "2014-12": {
            "month": "2014-12",
            "price": "18.99",
            "revenue": 426654
        },
        "2015-01": {
            "month": "2015-01",
            "price": "23.30",
            "revenue": 17580
        },
        "2015-02": {
            "month": "2015-02",
            "price": "23.76",
            "revenue": 35297
        },
        "2015-03": {
            "month": "2015-03",
            "price": "21.86",
            "revenue": 99046
        },
        "2015-04": {
            "month": "2015-04",
            "price": "22.13",
            "revenue": 43541
        },
        "2015-05": {
            "month": "2015-05",
            "price": "20.52",
            "revenue": 73223
        },
        "2015-06": {
            "month": "2015-06",
            "price": "17.87",
            "revenue": 123004
        },
        "2015-07": {
            "month": "2015-07",
            "price": "16.70",
            "revenue": 38275
        },
        "2015-08": {
            "month": "2015-08",
            "price": "13.23",
            "revenue": 295993
        },
        "2015-09": {
            "month": "2015-09",
            "price": "15.40",
            "revenue": 92382
        },
        "2015-10": {
            "month": "2015-10",
            "price": "16.86",
            "revenue": 71276
        },
        "2015-11": {
            "month": "2015-11",
            "price": "15.35",
            "revenue": 142415
        },
        "2015-12": {
            "month": "2015-12",
            "price": "13.75",
            "revenue": 106794
        },
        "2016-01": {
            "month": "2016-01",
            "price": "12.44",
            "revenue": 47331
        },
        "2016-02": {
            "month": "2016-02",
            "price": "12.34",
            "revenue": 19559
        },
        "2016-03": {
            "month": "2016-03",
            "price": "13.61",
            "revenue": 81222
        },
        "2016-04": {
            "month": "2016-04",
            "price": "13.32",
            "revenue": 59415
        },
        "2016-05": {
            "month": "2016-05",
            "price": "11.99",
            "revenue": 57766
        },
        "2016-06": {
            "month": "2016-06",
            "price": "11.81",
            "revenue": 48241
        },
        "2016-07": {
            "month": "2016-07",
            "price": "11.93",
            "revenue": 28702
        },
        "2016-08": {
            "month": "2016-08",
            "price": "11.04",
            "revenue": 17123
        },
        "2016-09": {
            "month": "2016-09",
            "price": "10.94",
            "revenue": 69282
        },
        "2016-10": {
            "month": "2016-10",
            "price": "10.60",
            "revenue": 55126
        },
        "2016-11": {
            "month": "2016-11",
            "price": "9.72",
            "revenue": 54477
        },
        "2016-12": {
            "month": "2016-12",
            "price": "9.17",
            "revenue": 175966
        },
        "2017-01": {
            "month": "2017-01",
            "price": "9.82",
            "revenue": 8761
        },
        "2017-02": {
            "month": "2017-02",
            "price": "10.82",
            "revenue": 12622
        },
        "2017-03": {
            "month": "2017-03",
            "price": "11.00",
            "revenue": 71307
        },
        "2017-04": {
            "month": "2017-04",
            "price": "10.66",
            "revenue": 22653
        },
        "2017-05": {
            "month": "2017-05",
            "price": "15.46",
            "revenue": 28693
        },
        "2017-06": {
            "month": "2017-06",
            "price": "14.33",
            "revenue": 47274
        },
        "2017-07": {
            "month": "2017-07",
            "price": "12.69",
            "revenue": 46820
        },
        "2017-08": {
            "month": "2017-08",
            "price": "12.21",
            "revenue": 30604
        },
        "2017-09": {
            "month": "2017-09",
            "price": "13.14",
            "revenue": 84330
        },
        "2017-10": {
            "month": "2017-10",
            "price": "12.75",
            "revenue": 38958
        },
        "2017-11": {
            "month": "2017-11",
            "price": "11.88",
            "revenue": 25203
        },
        "2017-12": {
            "month": "2017-12",
            "price": "11.06",
            "revenue": 204435
        },
        "2018-01": {
            "month": "2018-01",
            "price": "11.68",
            "revenue": 17335
        },
        "2018-02": {
            "month": "2018-02",
            "price": "10.67",
            "revenue": 19272
        },
        "2018-03": {
            "month": "2018-03",
            "price": "11.20",
            "revenue": 12297
        },
        "2018-04": {
            "month": "2018-04",
            "price": "13.73",
            "revenue": 38958
        },
        "2018-05": {
            "month": "2018-05",
            "price": "12.12",
            "revenue": 19271
        },
        "2018-06": {
            "month": "2018-06",
            "price": "12.62",
            "revenue": 43918
        },
        "2018-07": {
            "month": "2018-07",
            "price": "11.69",
            "revenue": 32402
        },
        "2018-08": {
            "month": "2018-08",
            "price": "11.74",
            "revenue": 30835
        },
        "2018-09": {
            "month": "2018-09",
            "price": "10.87",
            "revenue": 79048
        },
        "2018-10": {
            "month": "2018-10",
            "price": "9.57",
            "revenue": 26563
        },
        "2018-11": {
            "month": "2018-11",
            "price": "8.96",
            "revenue": 63723
        },
        "2018-12": {
            "month": "2018-12",
            "price": "9.28",
            "revenue": 146652
        },
        "2019-01": {
            "month": "2019-01",
            "price": "9.57",
            "revenue": 23559
        },
        "2019-02": {
            "month": "2019-02",
            "price": "10.26",
            "revenue": 31569
        },
        "2019-03": {
            "month": "2019-03",
            "price": "10.78",
            "revenue": 36304
        },
        "2019-04": {
            "month": "2019-04",
            "price": "11.01",
            "revenue": 15855
        },
        "2019-05": {
            "month": "2019-05",
            "price": "10.03",
            "revenue": 28648
        },
        "2019-06": {
            "month": "2019-06",
            "price": "9.70",
            "revenue": 84130
        },
        "2019-07": {
            "month": "2019-07",
            "price": "10.04",
            "revenue": 15281
        },
        "2019-08": {
            "month": "2019-08",
            "price": "9.74",
            "revenue": 22347
        },
        "2019-09": {
            "month": "2019-09",
            "price": "9.62",
            "revenue": 86991
        },
        "2019-10": {
            "month": "2019-10",
            "price": "9.88",
            "revenue": 36518
        },
        "2019-11": {
            "month": "2019-11",
            "price": "9.95",
            "revenue": 29114
        },
        "2019-12": {
            "month": "2019-12",
            "price": "10.02",
            "revenue": 93616
        },
        "2020-01": {
            "month": "2020-01",
            "price": "10.21",
            "revenue": 26510
        },
        "2020-02": {
            "month": "2020-02",
            "price": "9.95",
            "revenue": 25100
        },
        "2020-03": {
            "month": "2020-03",
            "price": "8.89",
            "revenue": 20692
        },
        "2020-04": {
            "month": "2020-04",
            "price": "8.52",
            "revenue": 15580
        },
        "2020-05": {
            "month": "2020-05",
            "price": "8.59",
            "revenue": 37411
        },
        "2020-06": {
            "month": "2020-06",
            "price": "8.79",
            "revenue": 39451
        },
        "2020-07": {
            "month": "2020-07",
            "price": "8.72",
            "revenue": 80803
        },
        "2020-08": {
            "month": "2020-08",
            "price": "10.97",
            "revenue": 25230
        },
        "2020-09": {
            "month": "2020-09",
            "price": "12.00",
            "revenue": 28220
        },
        "2020-10": {
            "month": "2020-10",
            "price": "11.79",
            "revenue": 41690
        },
        "2020-11": {
            "month": "2020-11",
            "price": "11.67",
            "revenue": 44688
        },
        "2020-12": {
            "month": "2020-12",
            "price": "12.39",
            "revenue": 119220
        },
        "2021-01": {
            "month": "2021-01",
            "price": "12.21",
            "revenue": 45985
        },
        "2021-02": {
            "month": "2021-02",
            "price": "12.00",
            "revenue": 28868
        },
        "2021-03": {
            "month": "2021-03",
            "price": "12.43",
            "revenue": 142959
        },
        "2021-04": {
            "month": "2021-04",
            "price": "15.75",
            "revenue": 34076
        },
        "2021-05": {
            "month": "2021-05",
            "price": "14.45",
            "revenue": 39084
        },
        "2021-06": {
            "month": "2021-06",
            "price": "13.05",
            "revenue": 94902
        },
        "2021-07": {
            "month": "2021-07",
            "price": "13.70",
            "revenue": 68441
        },
        "2021-08": {
            "month": "2021-08",
            "price": "12.35",
            "revenue": 24260
        },
        "2021-09": {
            "month": "2021-09",
            "price": "12.49",
            "revenue": 26430
        },
        "2021-10": {
            "month": "2021-10",
            "price": "12.30",
            "revenue": 69038
        },
        "2021-11": {
            "month": "2021-11",
            "price": "12.23",
            "revenue": 76354
        },
        "2021-12": {
            "month": "2021-12",
            "price": "12.52",
            "revenue": 55928
        },
        "2022-01": {
            "month": "2022-01",
            "price": "12.49",
            "revenue": 41327
        },
        "2022-02": {
            "month": "2022-02",
            "price": "12.25",
            "revenue": 34682
        },
        "2022-03": {
            "month": "2022-03",
            "price": "12.29",
            "revenue": 17546
        },
        "2022-04": {
            "month": "2022-04",
            "price": "12.65",
            "revenue": 12562
        },
        "2022-05": {
            "month": "2022-05",
            "price": "11.97",
            "revenue": 22853
        },
        "2022-06": {
            "month": "2022-06",
            "price": "11.91",
            "revenue": 132008
        },
        "2022-07": {
            "month": "2022-07",
            "price": "11.68",
            "revenue": 54426
        },
        "2022-08": {
            "month": "2022-08",
            "price": "12.18",
            "revenue": 22378
        },
        "2022-09": {
            "month": "2022-09",
            "price": "11.87",
            "revenue": 23971
        },
        "2022-10": {
            "month": "2022-10",
            "price": "11.41",
            "revenue": 39464
        },
        "2022-11": {
            "month": "2022-11",
            "price": "11.20",
            "revenue": 95317
        },
        "2022-12": {
            "month": "2022-12",
            "price": "11.75",
            "revenue": 85149
        },
        "2023-01": {
            "month": "2023-01",
            "price": "11.92",
            "revenue": 29650
        },
        "2023-02": {
            "month": "2023-02",
            "price": "11.88",
            "revenue": 20949
        },
        "2023-03": {
            "month": "2023-03",
            "price": "12.27",
            "revenue": 33747
        },
        "2023-04": {
            "month": "2023-04",
            "price": "12.49",
            "revenue": 18449
        },
        "2023-05": {
            "month": "2023-05",
            "price": "12.50",
            "revenue": 21371
        },
        "2023-06": {
            "month": "2023-06",
            "price": "12.54",
            "revenue": 118565
        },
        "2023-07": {
            "month": "2023-07",
            "price": "12.96",
            "revenue": 25328
        },
        "2023-08": {
            "month": "2023-08",
            "price": "12.35",
            "revenue": 40400
        },
        "2023-09": {
            "month": "2023-09",
            "price": "13.16",
            "revenue": 30970
        },
        "2023-10": {
            "month": "2023-10",
            "price": "13.87",
            "revenue": 24628
        },
        "2023-11": {
            "month": "2023-11",
            "price": "14.46",
            "revenue": 113556
        }
    }
}
