{
    "summary": {
        "stock_name": "明泰",
        "stock_id": "3380",
        "category": "通信網路",
        "main_business": "電信管制射頻器材製造業<br>電信管制射頻器材輸入業<br>無線通信機械器材製造業",
        "website_url": "http://www.alphanetworks.com",
        "ceo": "黃文芳",
        "pe_ratio": 22,
        "report_year_from": 2003,
        "report_year_to": 2023,
        "age": 20,
        "eps_negative_percentage": 10,
        "eps_growth_avg": {
            "last_all": -0.1,
            "last_2y": 59.48,
            "last_4y": 19.61,
            "last_8y": -8.84,
            "last_12y": -6.09,
            "last_16y": -8.49,
            "last_20y": null,
            "at_2006_last_3y": null,
            "at_2007_last_3y": 29.73,
            "at_2008_last_3y": -2.48,
            "at_2009_last_3y": -15.1,
            "at_2010_last_3y": -9.7,
            "at_2011_last_3y": -10.93,
            "at_2012_last_3y": -11.23,
            "at_2013_last_3y": -1.28,
            "at_2014_last_3y": -11.51,
            "at_2015_last_3y": -36.51,
            "at_2016_last_3y": -38.69,
            "at_2017_last_3y": -46.78,
            "at_2018_last_3y": -69.76,
            "at_2019_last_3y": -54.64,
            "at_2020_last_3y": -3.1,
            "at_2021_last_3y": -7.19,
            "at_2022_last_3y": 59.48,
            "at_2023_last_3y": 59.48,
            "at_2006_last_all": 37.99,
            "at_2007_last_all": 29.73,
            "at_2008_last_all": 18.02,
            "at_2009_last_all": 10.88,
            "at_2010_last_all": 10.74,
            "at_2011_last_all": 9.4,
            "at_2012_last_all": 5.02,
            "at_2013_last_all": 6.02,
            "at_2014_last_all": 2.65,
            "at_2015_last_all": -5.91,
            "at_2016_last_all": -5.91,
            "at_2017_last_all": -6.17,
            "at_2018_last_all": -12.87,
            "at_2019_last_all": -12.87,
            "at_2020_last_all": -5.34,
            "at_2021_last_all": -6.36,
            "at_2022_last_all": -0.1,
            "at_2023_last_all": -0.1
        },
        "latest_eps": 1.77,
        "latest_price": 39.1,
        "latest_roe": 9.49,
        "latest_gross_margin": 17.79,
        "latest_equity": 12589942,
        "latest_revenue": 7869340,
        "latest_gross_profit": 1399771,
        "latest_net_income": 186854,
        "latest_debt_ratio": 52.68,
        "latest_current_ratio": 151.61,
        "latest_account_receivable_turnover_ratio": 1.49,
        "latest_inventory_turnover_ratio": 0.69,
        "latest_reinvestment_rate": 112.18,
        "latest_research_to_sale_ratio": 5.89
    },
    "eps_dividends": {
        "2001": {
            "cash": 0,
            "stock": 0,
            "eps": 0
        },
        "2002": {
            "cash": 0,
            "stock": 0,
            "eps": 0
        },
        "2003": {
            "cash": 0,
            "stock": 0,
            "eps": 0.15
        },
        "2004": {
            "cash": 0,
            "stock": 0,
            "eps": 2.92
        },
        "2005": {
            "cash": 1,
            "stock": 1,
            "eps": 3.67
        },
        "2006": {
            "cash": 1.49,
            "stock": 0.99,
            "eps": 3.24
        },
        "2007": {
            "cash": 1.61,
            "stock": 0.28,
            "eps": 3.4
        },
        "2008": {
            "cash": 2,
            "stock": 0.3,
            "eps": 2.42
        },
        "2009": {
            "cash": 0.8,
            "stock": 0.2,
            "eps": 1.82
        },
        "2010": {
            "cash": 1.28,
            "stock": 0,
            "eps": 2
        },
        "2011": {
            "cash": 2.91,
            "stock": 0,
            "eps": 2
        },
        "2012": {
            "cash": 0,
            "stock": 0,
            "eps": 1.4
        },
        "2013": {
            "cash": 1.13,
            "stock": 0,
            "eps": 1.61
        },
        "2014": {
            "cash": 1.35,
            "stock": 0,
            "eps": 1.11
        },
        "2015": {
            "cash": 1.2,
            "stock": 0,
            "eps": -0.77
        },
        "2016": {
            "cash": 0.5,
            "stock": 0,
            "eps": 1.4
        },
        "2017": {
            "cash": 1.04,
            "stock": 0,
            "eps": 1.27
        },
        "2018": {
            "cash": 1,
            "stock": 0,
            "eps": -0.19
        },
        "2019": {
            "cash": 1,
            "stock": 0,
            "eps": 0.44
        },
        "2020": {
            "cash": 0.44,
            "stock": 0,
            "eps": 1.02
        },
        "2021": {
            "cash": 1,
            "stock": 0,
            "eps": 0.8
        },
        "2022": {
            "cash": 0.8,
            "stock": 0,
            "eps": 1.7
        },
        "2023": {
            "cash": 1.69,
            "stock": 0,
            "eps": 0.32
        }
    },
    "dividends": {
        "2005-03-25": {
            "cash": 1,
            "stock": 1
        },
        "2006-03-17": {
            "cash": 1.49,
            "stock": 0.99
        },
        "2007-04-27": {
            "cash": 1.61,
            "stock": 0.28
        },
        "2008-03-21": {
            "cash": 2,
            "stock": 0.3
        },
        "2009-03-23": {
            "cash": 0.8,
            "stock": 0.2
        },
        "2010-03-22": {
            "cash": 1.28,
            "stock": 0
        },
        "2011-01-01": {
            "cash": 1.41,
            "stock": 0
        },
        "2011-03-21": {
            "cash": 1.5,
            "stock": 0
        },
        "2013-03-04": {
            "cash": 1.13,
            "stock": 0
        },
        "2014-06-20": {
            "cash": 1.35,
            "stock": 0
        },
        "2015-08-12": {
            "cash": 1.2,
            "stock": 0
        },
        "2016-08-26": {
            "cash": 0.5,
            "stock": 0
        },
        "2017-09-26": {
            "cash": 1.04,
            "stock": 0
        },
        "2018-08-17": {
            "cash": 1,
            "stock": 0
        },
        "2019-08-16": {
            "cash": 1,
            "stock": 0
        },
        "2020-08-20": {
            "cash": 0.44,
            "stock": 0
        },
        "2021-09-24": {
            "cash": 1,
            "stock": 0
        },
        "2022-08-12": {
            "cash": 0.8,
            "stock": 0
        },
        "2023-02-24": {
            "cash": 1.69,
            "stock": 0
        }
    },
    "prices": {
        "200101": "無",
        "200102": "無",
        "200103": "無",
        "200104": "無",
        "200105": "無",
        "200106": "無",
        "200107": "無",
        "200108": "無",
        "200109": "無",
        "200110": "無",
        "200111": "無",
        "200112": "無",
        "200201": "無",
        "200202": "無",
        "200203": "無",
        "200204": "無",
        "200205": "無",
        "200206": "無",
        "200207": "無",
        "200208": "無",
        "200209": "無",
        "200210": "無",
        "200211": "無",
        "200212": "無",
        "200301": "無",
        "200302": "無",
        "200303": "無",
        "200304": "無",
        "200305": "無",
        "200306": "無",
        "200307": "無",
        "200308": "無",
        "200309": "無",
        "200310": "無",
        "200311": "無",
        "200312": "無",
        "200401": "無",
        "200402": "無",
        "200403": "無",
        "200404": "無",
        "200405": "無",
        "200406": "無",
        "200407": "無",
        "200408": "無",
        "200409": "無",
        "200410": "無",
        "200411": "無",
        "200412": "30.46",
        "200501": "29.17",
        "200502": "29.73",
        "200503": "31.22",
        "200504": "30.88",
        "200505": "27.25",
        "200506": "27.19",
        "200507": "27.72",
        "200508": "25.52",
        "200509": "30.33",
        "200510": "33.38",
        "200511": "31.65",
        "200512": "35.97",
        "200601": "35.94",
        "200602": "34.24",
        "200603": "34.29",
        "200604": "39.31",
        "200605": "37.01",
        "200606": "33.01",
        "200607": "32.69",
        "200608": "27.65",
        "200609": "26.64",
        "200610": "25.51",
        "200611": "26.86",
        "200612": "28.93",
        "200701": "30.65",
        "200702": "30.40",
        "200703": "33.95",
        "200704": "37.62",
        "200705": "42.46",
        "200706": "44.64",
        "200707": "45.73",
        "200708": "39.42",
        "200709": "39.38",
        "200710": "39.30",
        "200711": "32.05",
        "200712": "29.18",
        "200801": "26.74",
        "200802": "25.95",
        "200803": "27.80",
        "200804": "29.81",
        "200805": "29.04",
        "200806": "26.79",
        "200807": "26.64",
        "200808": "27.34",
        "200809": "25.17",
        "200810": "20.52",
        "200811": "16.19",
        "200812": "16.37",
        "200901": "17.55",
        "200902": "15.88",
        "200903": "20.13",
        "200904": "22.73",
        "200905": "26.44",
        "200906": "27.80",
        "200907": "28.31",
        "200908": "24.59",
        "200909": "24.57",
        "200910": "26.46",
        "200911": "26.01",
        "200912": "27.09",
        "201001": "28.58",
        "201002": "27.39",
        "201003": "29.80",
        "201004": "30.06",
        "201005": "26.96",
        "201006": "25.48",
        "201007": "25.46",
        "201008": "24.32",
        "201009": "24.72",
        "201010": "27.06",
        "201011": "26.11",
        "201012": "26.01",
        "201101": "25.60",
        "201102": "25.18",
        "201103": "24.38",
        "201104": "24.13",
        "201105": "22.39",
        "201106": "23.19",
        "201107": "23.12",
        "201108": "21.93",
        "201109": "21.81",
        "201110": "20.07",
        "201111": "20.64",
        "201112": "21.28",
        "201201": "23.34",
        "201202": "25.34",
        "201203": "25.95",
        "201204": "25.08",
        "201205": "24.23",
        "201206": "22.10",
        "201207": "21.48",
        "201208": "21.63",
        "201209": "21.29",
        "201210": "19.75",
        "201211": "17.75",
        "201212": "18.51",
        "201301": "19.45",
        "201302": "19.38",
        "201303": "19.45",
        "201304": "19.12",
        "201305": "20.02",
        "201306": "19.75",
        "201307": "18.86",
        "201308": "17.44",
        "201309": "18.70",
        "201310": "19.25",
        "201311": "19.55",
        "201312": "20.29",
        "201401": "23.62",
        "201402": "23.93",
        "201403": "24.90",
        "201404": "25.05",
        "201405": "23.49",
        "201406": "22.93",
        "201407": "22.67",
        "201408": "20.07",
        "201409": "19.07",
        "201410": "15.50",
        "201411": "15.03",
        "201412": "17.09",
        "201501": "18.22",
        "201502": "17.68",
        "201503": "19.84",
        "201504": "22.01",
        "201505": "23.23",
        "201506": "20.31",
        "201507": "17.05",
        "201508": "13.47",
        "201509": "12.63",
        "201510": "16.41",
        "201511": "17.46",
        "201512": "17.07",
        "201601": "15.51",
        "201602": "15.74",
        "201603": "16.60",
        "201604": "16.62",
        "201605": "16.06",
        "201606": "18.42",
        "201607": "20.14",
        "201608": "22.37",
        "201609": "21.06",
        "201610": "18.92",
        "201611": "18.00",
        "201612": "19.82",
        "201701": "20.05",
        "201702": "20.53",
        "201703": "22.58",
        "201704": "22.91",
        "201705": "26.92",
        "201706": "27.74",
        "201707": "25.69",
        "201708": "22.53",
        "201709": "22.47",
        "201710": "24.33",
        "201711": "24.00",
        "201712": "24.46",
        "201801": "25.46",
        "201802": "24.67",
        "201803": "24.35",
        "201804": "21.74",
        "201805": "20.18",
        "201806": "21.38",
        "201807": "21.75",
        "201808": "18.27",
        "201809": "15.84",
        "201810": "14.50",
        "201811": "15.24",
        "201812": "16.77",
        "201901": "17.70",
        "201902": "18.35",
        "201903": "19.66",
        "201904": "20.00",
        "201905": "18.59",
        "201906": "19.30",
        "201907": "20.80",
        "201908": "23.78",
        "201909": "24.47",
        "201910": "23.64",
        "201911": "22.72",
        "201912": "22.95",
        "202001": "22.30",
        "202002": "21.24",
        "202003": "17.88",
        "202004": "20.00",
        "202005": "26.23",
        "202006": "27.04",
        "202007": "26.99",
        "202008": "27.32",
        "202009": "27.49",
        "202010": "27.02",
        "202011": "27.32",
        "202012": "30.63",
        "202101": "36.66",
        "202102": "34.26",
        "202103": "35.79",
        "202104": "35.66",
        "202105": "27.86",
        "202106": "28.54",
        "202107": "29.01",
        "202108": "26.24",
        "202109": "25.02",
        "202110": "25.88",
        "202111": "28.76",
        "202112": "32.29",
        "202201": "31.33",
        "202202": "31.31",
        "202203": "30.88",
        "202204": "29.75",
        "202205": "27.28",
        "202206": "26.63",
        "202207": "28.80",
        "202208": "31.25",
        "202209": "31.63",
        "202210": "27.80",
        "202211": "29.45",
        "202212": "29.88",
        "202301": "29.75",
        "202302": "31.22",
        "202303": "34.33",
        "202304": "36.43",
        "202305": "35.68",
        "202306": "38.37"
    },
    "quarters": {
        "20011": {
            "year_quarter": 20011,
            "year": 2001,
            "quarter": 1,
            "eps": null,
            "eps_growth_year": null,
            "eps_4q": null,
            "eps_4q_growth_year": null,
            "roe": null,
            "roe_4q": 0,
            "gross_profit": null,
            "gross_margin": null,
            "gross_margin_4q_avg": 0,
            "net_income": null,
            "revenue": null,
            "common_shares": null,
            "book_valuer_per_share": null,
            "book_valuer_per_share_4q_avg": 0,
            "equity": null,
            "current_ratio": null,
            "debt_ratio": null,
            "inventory_turnover_ratio": null,
            "account_receivable_turnover_ratio": null,
            "reinvestment_rate": null,
            "research_to_sale_ratio": null,
            "price_fair": 0,
            "eps_avg_yearly": 0,
            "eps_latest_yearly": 0,
            "eps_growth_yearly": 0
        },
        "20012": {
            "year_quarter": 20012,
            "year": 2001,
            "quarter": 2,
            "eps": null,
            "eps_growth_year": null,
            "eps_4q": null,
            "eps_4q_growth_year": null,
            "roe": null,
            "roe_4q": 0,
            "gross_profit": null,
            "gross_margin": null,
            "gross_margin_4q_avg": 0,
            "net_income": null,
            "revenue": null,
            "common_shares": null,
            "book_valuer_per_share": null,
            "book_valuer_per_share_4q_avg": 0,
            "equity": null,
            "current_ratio": null,
            "debt_ratio": null,
            "inventory_turnover_ratio": null,
            "account_receivable_turnover_ratio": null,
            "reinvestment_rate": null,
            "research_to_sale_ratio": null,
            "price_fair": 0,
            "eps_avg_yearly": 0,
            "eps_latest_yearly": 0,
            "eps_growth_yearly": 0
        },
        "20013": {
            "year_quarter": 20013,
            "year": 2001,
            "quarter": 3,
            "eps": null,
            "eps_growth_year": null,
            "eps_4q": null,
            "eps_4q_growth_year": null,
            "roe": null,
            "roe_4q": 0,
            "gross_profit": null,
            "gross_margin": null,
            "gross_margin_4q_avg": 0,
            "net_income": null,
            "revenue": null,
            "common_shares": null,
            "book_valuer_per_share": null,
            "book_valuer_per_share_4q_avg": 0,
            "equity": null,
            "current_ratio": null,
            "debt_ratio": null,
            "inventory_turnover_ratio": null,
            "account_receivable_turnover_ratio": null,
            "reinvestment_rate": null,
            "research_to_sale_ratio": null,
            "price_fair": 0,
            "eps_avg_yearly": 0,
            "eps_latest_yearly": 0,
            "eps_growth_yearly": 0
        },
        "20014": {
            "year_quarter": 20014,
            "year": 2001,
            "quarter": 4,
            "eps": null,
            "eps_growth_year": null,
            "eps_4q": null,
            "eps_4q_growth_year": null,
            "roe": null,
            "roe_4q": 0,
            "gross_profit": null,
            "gross_margin": null,
            "gross_margin_4q_avg": 0,
            "net_income": null,
            "revenue": null,
            "common_shares": null,
            "book_valuer_per_share": null,
            "book_valuer_per_share_4q_avg": 0,
            "equity": null,
            "current_ratio": null,
            "debt_ratio": null,
            "inventory_turnover_ratio": null,
            "account_receivable_turnover_ratio": null,
            "reinvestment_rate": null,
            "research_to_sale_ratio": null,
            "price_fair": 0,
            "eps_avg_yearly": 0,
            "eps_latest_yearly": 0,
            "eps_growth_yearly": 0
        },
        "20021": {
            "year_quarter": 20021,
            "year": 2002,
            "quarter": 1,
            "eps": null,
            "eps_growth_year": null,
            "eps_4q": null,
            "eps_4q_growth_year": null,
            "roe": null,
            "roe_4q": 0,
            "gross_profit": null,
            "gross_margin": null,
            "gross_margin_4q_avg": 0,
            "net_income": null,
            "revenue": null,
            "common_shares": null,
            "book_valuer_per_share": null,
            "book_valuer_per_share_4q_avg": 0,
            "equity": null,
            "current_ratio": null,
            "debt_ratio": null,
            "inventory_turnover_ratio": null,
            "account_receivable_turnover_ratio": null,
            "reinvestment_rate": null,
            "research_to_sale_ratio": null,
            "price_fair": 0,
            "eps_avg_yearly": 0,
            "eps_latest_yearly": 0,
            "eps_growth_yearly": 0
        },
        "20022": {
            "year_quarter": 20022,
            "year": 2002,
            "quarter": 2,
            "eps": null,
            "eps_growth_year": null,
            "eps_4q": null,
            "eps_4q_growth_year": null,
            "roe": null,
            "roe_4q": 0,
            "gross_profit": null,
            "gross_margin": null,
            "gross_margin_4q_avg": 0,
            "net_income": null,
            "revenue": null,
            "common_shares": null,
            "book_valuer_per_share": null,
            "book_valuer_per_share_4q_avg": 0,
            "equity": null,
            "current_ratio": null,
            "debt_ratio": null,
            "inventory_turnover_ratio": null,
            "account_receivable_turnover_ratio": null,
            "reinvestment_rate": null,
            "research_to_sale_ratio": null,
            "price_fair": 0,
            "eps_avg_yearly": 0,
            "eps_latest_yearly": 0,
            "eps_growth_yearly": 0
        },
        "20023": {
            "year_quarter": 20023,
            "year": 2002,
            "quarter": 3,
            "eps": null,
            "eps_growth_year": null,
            "eps_4q": null,
            "eps_4q_growth_year": null,
            "roe": null,
            "roe_4q": 0,
            "gross_profit": null,
            "gross_margin": null,
            "gross_margin_4q_avg": 0,
            "net_income": null,
            "revenue": null,
            "common_shares": null,
            "book_valuer_per_share": null,
            "book_valuer_per_share_4q_avg": 0,
            "equity": null,
            "current_ratio": null,
            "debt_ratio": null,
            "inventory_turnover_ratio": null,
            "account_receivable_turnover_ratio": null,
            "reinvestment_rate": null,
            "research_to_sale_ratio": null,
            "price_fair": 0,
            "eps_avg_yearly": 0,
            "eps_latest_yearly": 0,
            "eps_growth_yearly": 0
        },
        "20024": {
            "year_quarter": 20024,
            "year": 2002,
            "quarter": 4,
            "eps": null,
            "eps_growth_year": null,
            "eps_4q": null,
            "eps_4q_growth_year": null,
            "roe": null,
            "roe_4q": 0,
            "gross_profit": null,
            "gross_margin": null,
            "gross_margin_4q_avg": 0,
            "net_income": null,
            "revenue": null,
            "common_shares": null,
            "book_valuer_per_share": null,
            "book_valuer_per_share_4q_avg": 0,
            "equity": null,
            "current_ratio": null,
            "debt_ratio": null,
            "inventory_turnover_ratio": null,
            "account_receivable_turnover_ratio": null,
            "reinvestment_rate": null,
            "research_to_sale_ratio": null,
            "price_fair": 0,
            "eps_avg_yearly": 0,
            "eps_latest_yearly": 0,
            "eps_growth_yearly": 0
        },
        "20031": {
            "year_quarter": 20031,
            "year": 2003,
            "quarter": 1,
            "eps": null,
            "eps_growth_year": null,
            "eps_4q": null,
            "eps_4q_growth_year": null,
            "roe": null,
            "roe_4q": 0,
            "gross_profit": null,
            "gross_margin": null,
            "gross_margin_4q_avg": 0,
            "net_income": null,
            "revenue": null,
            "common_shares": null,
            "book_valuer_per_share": null,
            "book_valuer_per_share_4q_avg": 0,
            "equity": null,
            "current_ratio": null,
            "debt_ratio": null,
            "inventory_turnover_ratio": null,
            "account_receivable_turnover_ratio": null,
            "reinvestment_rate": null,
            "research_to_sale_ratio": null,
            "price_fair": 0,
            "eps_avg_yearly": 0,
            "eps_latest_yearly": 0,
            "eps_growth_yearly": 0
        },
        "20032": {
            "year_quarter": 20032,
            "year": 2003,
            "quarter": 2,
            "eps": null,
            "eps_growth_year": null,
            "eps_4q": null,
            "eps_4q_growth_year": null,
            "roe": null,
            "roe_4q": 0,
            "gross_profit": null,
            "gross_margin": null,
            "gross_margin_4q_avg": 0,
            "net_income": null,
            "revenue": null,
            "common_shares": null,
            "book_valuer_per_share": null,
            "book_valuer_per_share_4q_avg": 0,
            "equity": null,
            "current_ratio": null,
            "debt_ratio": null,
            "inventory_turnover_ratio": null,
            "account_receivable_turnover_ratio": null,
            "reinvestment_rate": null,
            "research_to_sale_ratio": null,
            "price_fair": 0,
            "eps_avg_yearly": 0,
            "eps_latest_yearly": 0,
            "eps_growth_yearly": 0
        },
        "20033": {
            "year_quarter": 20033,
            "year": 2003,
            "quarter": 3,
            "eps": null,
            "eps_growth_year": null,
            "eps_4q": null,
            "eps_4q_growth_year": null,
            "roe": null,
            "roe_4q": 0,
            "gross_profit": null,
            "gross_margin": null,
            "gross_margin_4q_avg": 0,
            "net_income": null,
            "revenue": null,
            "common_shares": null,
            "book_valuer_per_share": null,
            "book_valuer_per_share_4q_avg": 0,
            "equity": null,
            "current_ratio": null,
            "debt_ratio": null,
            "inventory_turnover_ratio": null,
            "account_receivable_turnover_ratio": null,
            "reinvestment_rate": null,
            "research_to_sale_ratio": null,
            "price_fair": 0,
            "eps_avg_yearly": 0,
            "eps_latest_yearly": 0,
            "eps_growth_yearly": 0
        },
        "20034": {
            "year_quarter": 20034,
            "year": 2003,
            "quarter": 4,
            "eps": 0.15,
            "eps_growth_year": null,
            "eps_4q": null,
            "eps_4q_growth_year": null,
            "roe": 0.88,
            "roe_4q": 0.88,
            "gross_profit": 396565,
            "gross_margin": 58.6,
            "gross_margin_4q_avg": 14.65,
            "net_income": 29011,
            "revenue": 676690,
            "common_shares": 2000000,
            "book_valuer_per_share": 16.51,
            "book_valuer_per_share_4q_avg": 4.13,
            "equity": 3301074,
            "current_ratio": 10668.21,
            "debt_ratio": 7.42,
            "inventory_turnover_ratio": null,
            "account_receivable_turnover_ratio": null,
            "reinvestment_rate": null,
            "research_to_sale_ratio": null,
            "price_fair": 0,
            "eps_avg_yearly": 0,
            "eps_latest_yearly": 0,
            "eps_growth_yearly": 0
        },
        "20041": {
            "year_quarter": 20041,
            "year": 2004,
            "quarter": 1,
            "eps": 0.72,
            "eps_growth_year": null,
            "eps_4q": null,
            "eps_4q_growth_year": null,
            "roe": 4.98,
            "roe_4q": 5.86,
            "gross_profit": 552608,
            "gross_margin": 17.61,
            "gross_margin_4q_avg": 19.05,
            "net_income": 168424,
            "revenue": 3138540,
            "common_shares": 2500000,
            "book_valuer_per_share": 13.88,
            "book_valuer_per_share_4q_avg": 7.6,
            "equity": 3468993,
            "current_ratio": 158.87,
            "debt_ratio": 48.67,
            "inventory_turnover_ratio": 2.46,
            "account_receivable_turnover_ratio": null,
            "reinvestment_rate": null,
            "research_to_sale_ratio": null,
            "price_fair": 100.8,
            "eps_avg_yearly": 2.88,
            "eps_latest_yearly": 2.88,
            "eps_growth_yearly": 1520
        },
        "20042": {
            "year_quarter": 20042,
            "year": 2004,
            "quarter": 2,
            "eps": 0.82,
            "eps_growth_year": null,
            "eps_4q": null,
            "eps_4q_growth_year": null,
            "roe": 5.57,
            "roe_4q": 11.430000000000001,
            "gross_profit": 684329,
            "gross_margin": 17.48,
            "gross_margin_4q_avg": 23.42,
            "net_income": 198456,
            "revenue": 3915647,
            "common_shares": 2500000,
            "book_valuer_per_share": 14.64,
            "book_valuer_per_share_4q_avg": 11.26,
            "equity": 3660822,
            "current_ratio": 153.94,
            "debt_ratio": 52.23,
            "inventory_turnover_ratio": 1.78,
            "account_receivable_turnover_ratio": null,
            "reinvestment_rate": null,
            "research_to_sale_ratio": null,
            "price_fair": 107.8,
            "eps_avg_yearly": 3.08,
            "eps_latest_yearly": 3.28,
            "eps_growth_yearly": 787.78
        },
        "20043": {
            "year_quarter": 20043,
            "year": 2004,
            "quarter": 3,
            "eps": 0.83,
            "eps_growth_year": null,
            "eps_4q": 2.44,
            "eps_4q_growth_year": null,
            "roe": 5.42,
            "roe_4q": 16.85,
            "gross_profit": 683203,
            "gross_margin": 19.6,
            "gross_margin_4q_avg": 28.32,
            "net_income": 203953,
            "revenue": 3485110,
            "common_shares": 2500000,
            "book_valuer_per_share": 15.46,
            "book_valuer_per_share_4q_avg": 15.12,
            "equity": 3865328,
            "current_ratio": 169.98,
            "debt_ratio": 47.07,
            "inventory_turnover_ratio": 1.87,
            "account_receivable_turnover_ratio": null,
            "reinvestment_rate": null,
            "research_to_sale_ratio": null,
            "price_fair": 110.6,
            "eps_avg_yearly": 3.16,
            "eps_latest_yearly": 3.32,
            "eps_growth_yearly": 526.81
        },
        "20044": {
            "year_quarter": 20044,
            "year": 2004,
            "quarter": 4,
            "eps": 0.55,
            "eps_growth_year": 266.67,
            "eps_4q": 2.89,
            "eps_4q_growth_year": null,
            "roe": 3.41,
            "roe_4q": 19.380000000000003,
            "gross_profit": 623551,
            "gross_margin": 18.11,
            "gross_margin_4q_avg": 18.2,
            "net_income": 134188,
            "revenue": 3442203,
            "common_shares": 2500000,
            "book_valuer_per_share": 15.99,
            "book_valuer_per_share_4q_avg": 14.99,
            "equity": 3996325,
            "current_ratio": 150.05,
            "debt_ratio": 49.01,
            "inventory_turnover_ratio": 1.93,
            "account_receivable_turnover_ratio": null,
            "reinvestment_rate": null,
            "research_to_sale_ratio": null,
            "price_fair": 102.2,
            "eps_avg_yearly": 2.92,
            "eps_latest_yearly": 2.2,
            "eps_growth_yearly": 361.37
        },
        "20051": {
            "year_quarter": 20051,
            "year": 2005,
            "quarter": 1,
            "eps": 0.49,
            "eps_growth_year": -31.94,
            "eps_4q": 2.63,
            "eps_4q_growth_year": null,
            "roe": 3.03,
            "roe_4q": 17.43,
            "gross_profit": 595408,
            "gross_margin": 16.19,
            "gross_margin_4q_avg": 17.85,
            "net_income": 122913,
            "revenue": 3678601,
            "common_shares": 2500000,
            "book_valuer_per_share": 16.47,
            "book_valuer_per_share_4q_avg": 15.64,
            "equity": 4116792,
            "current_ratio": 167.47,
            "debt_ratio": 48.15,
            "inventory_turnover_ratio": 2.06,
            "account_receivable_turnover_ratio": null,
            "reinvestment_rate": null,
            "research_to_sale_ratio": null,
            "price_fair": 95.48,
            "eps_avg_yearly": 2.73,
            "eps_latest_yearly": 1.96,
            "eps_growth_yearly": 280.37
        },
        "20052": {
            "year_quarter": 20052,
            "year": 2005,
            "quarter": 2,
            "eps": 0.65,
            "eps_growth_year": -20.73,
            "eps_4q": 2.28,
            "eps_4q_growth_year": null,
            "roe": 4.51,
            "roe_4q": 16.369999999999997,
            "gross_profit": 635654,
            "gross_margin": 16.05,
            "gross_margin_4q_avg": 17.49,
            "net_income": 183969,
            "revenue": 3961516,
            "common_shares": 2500000,
            "book_valuer_per_share": 16.16,
            "book_valuer_per_share_4q_avg": 16.02,
            "equity": 4040760,
            "current_ratio": 147.75,
            "debt_ratio": 49.49,
            "inventory_turnover_ratio": 2.12,
            "account_receivable_turnover_ratio": null,
            "reinvestment_rate": null,
            "research_to_sale_ratio": null,
            "price_fair": 94.73,
            "eps_avg_yearly": 2.71,
            "eps_latest_yearly": 2.6,
            "eps_growth_yearly": 255.41
        },
        "20053": {
            "year_quarter": 20053,
            "year": 2005,
            "quarter": 3,
            "eps": 1.37,
            "eps_growth_year": 65.06,
            "eps_4q": 2.93,
            "eps_4q_growth_year": 20.07,
            "roe": 9.09,
            "roe_4q": 20.04,
            "gross_profit": 897550,
            "gross_margin": 18.02,
            "gross_margin_4q_avg": 17.09,
            "net_income": 387093,
            "revenue": 4981442,
            "common_shares": 2829000,
            "book_valuer_per_share": 15.81,
            "book_valuer_per_share_4q_avg": 16.11,
            "equity": 4473969,
            "current_ratio": 150.27,
            "debt_ratio": 51.24,
            "inventory_turnover_ratio": 2.29,
            "account_receivable_turnover_ratio": null,
            "reinvestment_rate": null,
            "research_to_sale_ratio": null,
            "price_fair": 108.6,
            "eps_avg_yearly": 3.1,
            "eps_latest_yearly": 5.48,
            "eps_growth_yearly": 282.22
        },
        "20054": {
            "year_quarter": 20054,
            "year": 2005,
            "quarter": 4,
            "eps": 1.16,
            "eps_growth_year": 110.91,
            "eps_4q": 3.61,
            "eps_4q_growth_year": 24.94,
            "roe": 7.09,
            "roe_4q": 23.72,
            "gross_profit": 979160,
            "gross_margin": 19.22,
            "gross_margin_4q_avg": 17.37,
            "net_income": 328510,
            "revenue": 5094954,
            "common_shares": 2829000,
            "book_valuer_per_share": 16.95,
            "book_valuer_per_share_4q_avg": 16.35,
            "equity": 4793983,
            "current_ratio": 171.96,
            "debt_ratio": 44.67,
            "inventory_turnover_ratio": 2.12,
            "account_receivable_turnover_ratio": null,
            "reinvestment_rate": null,
            "research_to_sale_ratio": null,
            "price_fair": 115.33,
            "eps_avg_yearly": 3.3,
            "eps_latest_yearly": 4.64,
            "eps_growth_yearly": 239.28
        },
        "20061": {
            "year_quarter": 20061,
            "year": 2006,
            "quarter": 1,
            "eps": 0.74,
            "eps_growth_year": 51.02,
            "eps_4q": 3.88,
            "eps_4q_growth_year": 47.76,
            "roe": 4.23,
            "roe_4q": 24.92,
            "gross_profit": 706781,
            "gross_margin": 15.28,
            "gross_margin_4q_avg": 17.14,
            "net_income": 211669,
            "revenue": 4624324,
            "common_shares": 2829000,
            "book_valuer_per_share": 18.43,
            "book_valuer_per_share_4q_avg": 16.84,
            "equity": 5215077,
            "current_ratio": 177.57,
            "debt_ratio": 55.36,
            "inventory_turnover_ratio": 1.66,
            "account_receivable_turnover_ratio": null,
            "reinvestment_rate": null,
            "research_to_sale_ratio": null,
            "price_fair": 114.02,
            "eps_avg_yearly": 3.26,
            "eps_latest_yearly": 2.96,
            "eps_growth_yearly": 196.6
        },
        "20062": {
            "year_quarter": 20062,
            "year": 2006,
            "quarter": 2,
            "eps": 0.43,
            "eps_growth_year": -33.85,
            "eps_4q": 3.2,
            "eps_4q_growth_year": 40.44,
            "roe": 2.84,
            "roe_4q": 23.25,
            "gross_profit": 708450,
            "gross_margin": 13.42,
            "gross_margin_4q_avg": 16.49,
            "net_income": 143911,
            "revenue": 5280604,
            "common_shares": 2908450,
            "book_valuer_per_share": 16.94,
            "book_valuer_per_share_4q_avg": 17.03,
            "equity": 4927366,
            "current_ratio": 164.88,
            "debt_ratio": 58.72,
            "inventory_turnover_ratio": 1.77,
            "account_receivable_turnover_ratio": null,
            "reinvestment_rate": null,
            "research_to_sale_ratio": null,
            "price_fair": 108.64,
            "eps_avg_yearly": 3.1,
            "eps_latest_yearly": 1.72,
            "eps_growth_yearly": 160.18
        },
        "20063": {
            "year_quarter": 20063,
            "year": 2006,
            "quarter": 3,
            "eps": 1.03,
            "eps_growth_year": -24.82,
            "eps_4q": 3.09,
            "eps_4q_growth_year": 5.41,
            "roe": 6.69,
            "roe_4q": 20.85,
            "gross_profit": 886574,
            "gross_margin": 15.58,
            "gross_margin_4q_avg": 15.88,
            "net_income": 342116,
            "revenue": 5691558,
            "common_shares": 3329621,
            "book_valuer_per_share": 15.91,
            "book_valuer_per_share_4q_avg": 17.06,
            "equity": 5298677,
            "current_ratio": 180.07,
            "debt_ratio": 53.81,
            "inventory_turnover_ratio": 2.12,
            "account_receivable_turnover_ratio": null,
            "reinvestment_rate": null,
            "research_to_sale_ratio": null,
            "price_fair": 111.87,
            "eps_avg_yearly": 3.2,
            "eps_latest_yearly": 4.12,
            "eps_growth_yearly": 196.36
        },
        "20064": {
            "year_quarter": 20064,
            "year": 2006,
            "quarter": 4,
            "eps": 1.04,
            "eps_growth_year": -10.34,
            "eps_4q": 3.11,
            "eps_4q_growth_year": -13.89,
            "roe": 6,
            "roe_4q": 19.76,
            "gross_profit": 934748,
            "gross_margin": 18.15,
            "gross_margin_4q_avg": 15.61,
            "net_income": 350700,
            "revenue": 5149538,
            "common_shares": 3552922,
            "book_valuer_per_share": 18,
            "book_valuer_per_share_4q_avg": 17.32,
            "equity": 6395277,
            "current_ratio": 197.3,
            "debt_ratio": 50.1,
            "inventory_turnover_ratio": 1.98,
            "account_receivable_turnover_ratio": null,
            "reinvestment_rate": null,
            "research_to_sale_ratio": null,
            "price_fair": 114.68,
            "eps_avg_yearly": 3.28,
            "eps_latest_yearly": 4.16,
            "eps_growth_yearly": 180.32
        },
        "20071": {
            "year_quarter": 20071,
            "year": 2007,
            "quarter": 1,
            "eps": 0.73,
            "eps_growth_year": -1.35,
            "eps_4q": 3.06,
            "eps_4q_growth_year": -21.18,
            "roe": 4,
            "roe_4q": 19.53,
            "gross_profit": 910834,
            "gross_margin": 19.78,
            "gross_margin_4q_avg": 16.73,
            "net_income": 261898,
            "revenue": 4603958,
            "common_shares": 3554372,
            "book_valuer_per_share": 18.89,
            "book_valuer_per_share_4q_avg": 17.44,
            "equity": 6715018,
            "current_ratio": 171.85,
            "debt_ratio": 46.61,
            "inventory_turnover_ratio": 1.55,
            "account_receivable_turnover_ratio": null,
            "reinvestment_rate": null,
            "research_to_sale_ratio": null,
            "price_fair": 113.72,
            "eps_avg_yearly": 3.25,
            "eps_latest_yearly": 2.92,
            "eps_growth_yearly": 157.28
        },
        "20072": {
            "year_quarter": 20072,
            "year": 2007,
            "quarter": 2,
            "eps": 0.68,
            "eps_growth_year": 58.14,
            "eps_4q": 3.3,
            "eps_4q_growth_year": 3.13,
            "roe": 3.66,
            "roe_4q": 20.35,
            "gross_profit": 879069,
            "gross_margin": 17.29,
            "gross_margin_4q_avg": 17.7,
            "net_income": 247718,
            "revenue": 5084024,
            "common_shares": 3592542,
            "book_valuer_per_share": 19.04,
            "book_valuer_per_share_4q_avg": 17.96,
            "equity": 6838596,
            "current_ratio": 177.64,
            "debt_ratio": 44.7,
            "inventory_turnover_ratio": 1.64,
            "account_receivable_turnover_ratio": null,
            "reinvestment_rate": null,
            "research_to_sale_ratio": null,
            "price_fair": 112.4,
            "eps_avg_yearly": 3.21,
            "eps_latest_yearly": 2.72,
            "eps_growth_yearly": 144.09
        },
        "20073": {
            "year_quarter": 20073,
            "year": 2007,
            "quarter": 3,
            "eps": 1.01,
            "eps_growth_year": -1.94,
            "eps_4q": 3.22,
            "eps_4q_growth_year": 4.09,
            "roe": 5.54,
            "roe_4q": 19.2,
            "gross_profit": 938618,
            "gross_margin": 16.7,
            "gross_margin_4q_avg": 17.98,
            "net_income": 393908,
            "revenue": 5621756,
            "common_shares": 4001007,
            "book_valuer_per_share": 18.48,
            "book_valuer_per_share_4q_avg": 18.6,
            "equity": 7393404,
            "current_ratio": 194.66,
            "debt_ratio": 41.09,
            "inventory_turnover_ratio": 2,
            "account_receivable_turnover_ratio": null,
            "reinvestment_rate": 31.49,
            "research_to_sale_ratio": null,
            "price_fair": 114.33,
            "eps_avg_yearly": 3.27,
            "eps_latest_yearly": 4.04,
            "eps_growth_yearly": 147.42
        },
        "20074": {
            "year_quarter": 20074,
            "year": 2007,
            "quarter": 4,
            "eps": 0.98,
            "eps_growth_year": -5.77,
            "eps_4q": 3.25,
            "eps_4q_growth_year": 4.5,
            "roe": 5.1,
            "roe_4q": 18.3,
            "gross_profit": 962976,
            "gross_margin": 17.85,
            "gross_margin_4q_avg": 17.91,
            "net_income": 390234,
            "revenue": 5396135,
            "common_shares": 4062872,
            "book_valuer_per_share": 19.45,
            "book_valuer_per_share_4q_avg": 18.97,
            "equity": 7909038,
            "current_ratio": 193.66,
            "debt_ratio": 42.21,
            "inventory_turnover_ratio": 2,
            "account_receivable_turnover_ratio": null,
            "reinvestment_rate": 24.07,
            "research_to_sale_ratio": null,
            "price_fair": 115.76,
            "eps_avg_yearly": 3.31,
            "eps_latest_yearly": 3.92,
            "eps_growth_yearly": 137.47
        },
        "20081": {
            "year_quarter": 20081,
            "year": 2008,
            "quarter": 1,
            "eps": 0.29,
            "eps_growth_year": -60.27,
            "eps_4q": 2.75,
            "eps_4q_growth_year": -10.21,
            "roe": 1.53,
            "roe_4q": 15.83,
            "gross_profit": 970912,
            "gross_margin": 18.19,
            "gross_margin_4q_avg": 17.51,
            "net_income": 121665,
            "revenue": 5337168,
            "common_shares": 4116036,
            "book_valuer_per_share": 19.47,
            "book_valuer_per_share_4q_avg": 19.11,
            "equity": 8019665,
            "current_ratio": 193.78,
            "debt_ratio": 42.03,
            "inventory_turnover_ratio": 2.09,
            "account_receivable_turnover_ratio": null,
            "reinvestment_rate": 21.77,
            "research_to_sale_ratio": null,
            "price_fair": 111.57,
            "eps_avg_yearly": 3.2,
            "eps_latest_yearly": 1.16,
            "eps_growth_yearly": 24.86
        },
        "20082": {
            "year_quarter": 20082,
            "year": 2008,
            "quarter": 2,
            "eps": 0.77,
            "eps_growth_year": 13.24,
            "eps_4q": 2.94,
            "eps_4q_growth_year": -10.79,
            "roe": 4.15,
            "roe_4q": 16.32,
            "gross_profit": 1080497,
            "gross_margin": 17.92,
            "gross_margin_4q_avg": 17.67,
            "net_income": 320729,
            "revenue": 6028900,
            "common_shares": 4168536,
            "book_valuer_per_share": 17.83,
            "book_valuer_per_share_4q_avg": 18.81,
            "equity": 7440091,
            "current_ratio": 169.07,
            "debt_ratio": 48.43,
            "inventory_turnover_ratio": 2.31,
            "account_receivable_turnover_ratio": null,
            "reinvestment_rate": 21.62,
            "research_to_sale_ratio": null,
            "price_fair": 111.56,
            "eps_avg_yearly": 3.19,
            "eps_latest_yearly": 3.08,
            "eps_growth_yearly": 62.77
        },
        "20083": {
            "year_quarter": 20083,
            "year": 2008,
            "quarter": 3,
            "eps": 1.13,
            "eps_growth_year": 11.88,
            "eps_4q": 2.99,
            "eps_4q_growth_year": -7.05,
            "roe": 6.59,
            "roe_4q": 17.369999999999997,
            "gross_profit": 1264026,
            "gross_margin": 16.82,
            "gross_margin_4q_avg": 17.7,
            "net_income": 506023,
            "revenue": 7512783,
            "common_shares": 4483127,
            "book_valuer_per_share": 17.66,
            "book_valuer_per_share_4q_avg": 18.6,
            "equity": 7923950,
            "current_ratio": 169.8,
            "debt_ratio": 49.05,
            "inventory_turnover_ratio": 2.66,
            "account_receivable_turnover_ratio": null,
            "reinvestment_rate": 25.24,
            "research_to_sale_ratio": null,
            "price_fair": 114.19,
            "eps_avg_yearly": 3.26,
            "eps_latest_yearly": 4.52,
            "eps_growth_yearly": 74.16
        },
        "20084": {
            "year_quarter": 20084,
            "year": 2008,
            "quarter": 4,
            "eps": 0.23,
            "eps_growth_year": -76.53,
            "eps_4q": 2.31,
            "eps_4q_growth_year": -28.98,
            "roe": 1.32,
            "roe_4q": 13.59,
            "gross_profit": 1056042,
            "gross_margin": 19.4,
            "gross_margin_4q_avg": 18.08,
            "net_income": 104918,
            "revenue": 5443356,
            "common_shares": 4487737,
            "book_valuer_per_share": 17.81,
            "book_valuer_per_share_4q_avg": 18.19,
            "equity": 8000445,
            "current_ratio": 215.16,
            "debt_ratio": 40.61,
            "inventory_turnover_ratio": 1.98,
            "account_receivable_turnover_ratio": 2.19,
            "reinvestment_rate": 10.56,
            "research_to_sale_ratio": null,
            "price_fair": 111.39,
            "eps_avg_yearly": 3.18,
            "eps_latest_yearly": 0.92,
            "eps_growth_yearly": 62.68
        },
        "20091": {
            "year_quarter": 20091,
            "year": 2009,
            "quarter": 1,
            "eps": 0.47,
            "eps_growth_year": 62.07,
            "eps_4q": 2.56,
            "eps_4q_growth_year": -6.9,
            "roe": 2.58,
            "roe_4q": 14.64,
            "gross_profit": 755947,
            "gross_margin": 23.92,
            "gross_margin_4q_avg": 19.52,
            "net_income": 209482,
            "revenue": 3160880,
            "common_shares": 4488347,
            "book_valuer_per_share": 18.38,
            "book_valuer_per_share_4q_avg": 17.92,
            "equity": 8255906,
            "current_ratio": 252.85,
            "debt_ratio": 35.18,
            "inventory_turnover_ratio": 1.2,
            "account_receivable_turnover_ratio": 0.82,
            "reinvestment_rate": 25.98,
            "research_to_sale_ratio": null,
            "price_fair": 111.21,
            "eps_avg_yearly": 3.18,
            "eps_latest_yearly": 1.88,
            "eps_growth_yearly": 91.49
        },
        "20092": {
            "year_quarter": 20092,
            "year": 2009,
            "quarter": 2,
            "eps": 0.16,
            "eps_growth_year": -79.22,
            "eps_4q": 1.96,
            "eps_4q_growth_year": -33.42,
            "roe": 0.89,
            "roe_4q": 11.379999999999999,
            "gross_profit": 772539,
            "gross_margin": 17.62,
            "gross_margin_4q_avg": 19.44,
            "net_income": 72900,
            "revenue": 4383900,
            "common_shares": 4489497,
            "book_valuer_per_share": 18.04,
            "book_valuer_per_share_4q_avg": 17.97,
            "equity": 8106449,
            "current_ratio": 220.22,
            "debt_ratio": 39.46,
            "inventory_turnover_ratio": 1.86,
            "account_receivable_turnover_ratio": 1.32,
            "reinvestment_rate": 25.12,
            "research_to_sale_ratio": null,
            "price_fair": 106.93,
            "eps_avg_yearly": 3.06,
            "eps_latest_yearly": 0.64,
            "eps_growth_yearly": 66.84
        },
        "20093": {
            "year_quarter": 20093,
            "year": 2009,
            "quarter": 3,
            "eps": 0.5,
            "eps_growth_year": -55.75,
            "eps_4q": 1.35,
            "eps_4q_growth_year": -54.98,
            "roe": 2.79,
            "roe_4q": 7.58,
            "gross_profit": 894830,
            "gross_margin": 18.45,
            "gross_margin_4q_avg": 19.85,
            "net_income": 229284,
            "revenue": 4849603,
            "common_shares": 4641195,
            "book_valuer_per_share": 17.94,
            "book_valuer_per_share_4q_avg": 18.04,
            "equity": 8334472,
            "current_ratio": 217.24,
            "debt_ratio": 40.64,
            "inventory_turnover_ratio": 2.11,
            "account_receivable_turnover_ratio": 1.17,
            "reinvestment_rate": 25.82,
            "research_to_sale_ratio": null,
            "price_fair": 99.31,
            "eps_avg_yearly": 2.84,
            "eps_latest_yearly": 2,
            "eps_growth_yearly": 92.27
        },
        "20094": {
            "year_quarter": 20094,
            "year": 2009,
            "quarter": 4,
            "eps": 0.69,
            "eps_growth_year": 200,
            "eps_4q": 1.79,
            "eps_4q_growth_year": -22.5,
            "roe": 3.7,
            "roe_4q": 9.96,
            "gross_profit": 936447,
            "gross_margin": 19.01,
            "gross_margin_4q_avg": 19.75,
            "net_income": 315417,
            "revenue": 4927312,
            "common_shares": 4642035,
            "book_valuer_per_share": 18.8,
            "book_valuer_per_share_4q_avg": 18.29,
            "equity": 8719459,
            "current_ratio": 210.56,
            "debt_ratio": 41.71,
            "inventory_turnover_ratio": 1.85,
            "account_receivable_turnover_ratio": 2.13,
            "reinvestment_rate": 45.95,
            "research_to_sale_ratio": null,
            "price_fair": 95.2,
            "eps_avg_yearly": 2.72,
            "eps_latest_yearly": 2.76,
            "eps_growth_yearly": 105.6
        },
        "20101": {
            "year_quarter": 20101,
            "year": 2010,
            "quarter": 1,
            "eps": 0.33,
            "eps_growth_year": -29.79,
            "eps_4q": 1.66,
            "eps_4q_growth_year": -35.32,
            "roe": 1.73,
            "roe_4q": 9.11,
            "gross_profit": 792229,
            "gross_margin": 16.53,
            "gross_margin_4q_avg": 17.9,
            "net_income": 152966,
            "revenue": 4792805,
            "common_shares": 4654575,
            "book_valuer_per_share": 19.11,
            "book_valuer_per_share_4q_avg": 18.47,
            "equity": 8922588,
            "current_ratio": 191.82,
            "debt_ratio": 43,
            "inventory_turnover_ratio": 1.35,
            "account_receivable_turnover_ratio": 1.06,
            "reinvestment_rate": 79.44,
            "research_to_sale_ratio": 8.27,
            "price_fair": 91.61,
            "eps_avg_yearly": 2.62,
            "eps_latest_yearly": 1.32,
            "eps_growth_yearly": 101.61
        },
        "20102": {
            "year_quarter": 20102,
            "year": 2010,
            "quarter": 2,
            "eps": 0.69,
            "eps_growth_year": 331.98,
            "eps_4q": 2.18,
            "eps_4q_growth_year": 11.32,
            "roe": 3.68,
            "roe_4q": 11.899999999999999,
            "gross_profit": 1053030,
            "gross_margin": 14.03,
            "gross_margin_4q_avg": 17.01,
            "net_income": 323560,
            "revenue": 7505819,
            "common_shares": 4685184,
            "book_valuer_per_share": 18.45,
            "book_valuer_per_share_4q_avg": 18.58,
            "equity": 8657084,
            "current_ratio": 164.46,
            "debt_ratio": 50.63,
            "inventory_turnover_ratio": 1.72,
            "account_receivable_turnover_ratio": 1.29,
            "reinvestment_rate": 96.09,
            "research_to_sale_ratio": 6.26,
            "price_fair": 93.89,
            "eps_avg_yearly": 2.68,
            "eps_latest_yearly": 2.76,
            "eps_growth_yearly": 139.36
        },
        "20103": {
            "year_quarter": 20103,
            "year": 2010,
            "quarter": 3,
            "eps": 0.72,
            "eps_growth_year": 44.1,
            "eps_4q": 2.43,
            "eps_4q_growth_year": 80.67,
            "roe": 3.79,
            "roe_4q": 12.900000000000002,
            "gross_profit": 1207765,
            "gross_margin": 16.76,
            "gross_margin_4q_avg": 16.58,
            "net_income": 333382,
            "revenue": 7207470,
            "common_shares": 4709557,
            "book_valuer_per_share": 19.25,
            "book_valuer_per_share_4q_avg": 18.9,
            "equity": 8933339,
            "current_ratio": 172.57,
            "debt_ratio": 47.25,
            "inventory_turnover_ratio": 1.48,
            "account_receivable_turnover_ratio": 1.03,
            "reinvestment_rate": 94.96,
            "research_to_sale_ratio": 6.84,
            "price_fair": 91.18,
            "eps_avg_yearly": 2.61,
            "eps_latest_yearly": 2.88,
            "eps_growth_yearly": 105.56
        },
        "20104": {
            "year_quarter": 20104,
            "year": 2010,
            "quarter": 4,
            "eps": 0.26,
            "eps_growth_year": -61.77,
            "eps_4q": 1.99,
            "eps_4q_growth_year": 11.26,
            "roe": 1.37,
            "roe_4q": 10.57,
            "gross_profit": 944506,
            "gross_margin": 14.89,
            "gross_margin_4q_avg": 15.55,
            "net_income": 123138,
            "revenue": 6345302,
            "common_shares": 4711143,
            "book_valuer_per_share": 19.3,
            "book_valuer_per_share_4q_avg": 19.03,
            "equity": 9082780,
            "current_ratio": 175.45,
            "debt_ratio": 45.83,
            "inventory_turnover_ratio": 1.32,
            "account_receivable_turnover_ratio": 1,
            "reinvestment_rate": 74.14,
            "research_to_sale_ratio": 3.75,
            "price_fair": 84.35,
            "eps_avg_yearly": 2.41,
            "eps_latest_yearly": 1.04,
            "eps_growth_yearly": 89.35
        },
        "20111": {
            "year_quarter": 20111,
            "year": 2011,
            "quarter": 1,
            "eps": 0.17,
            "eps_growth_year": -48.48,
            "eps_4q": 1.82,
            "eps_4q_growth_year": 9.86,
            "roe": 0.85,
            "roe_4q": 9.69,
            "gross_profit": 831730,
            "gross_margin": 14.68,
            "gross_margin_4q_avg": 15.09,
            "net_income": 77799,
            "revenue": 5666640,
            "common_shares": 4756184,
            "book_valuer_per_share": 19.5,
            "book_valuer_per_share_4q_avg": 19.13,
            "equity": 9234597,
            "current_ratio": 182.94,
            "debt_ratio": 42.86,
            "inventory_turnover_ratio": 1.2,
            "account_receivable_turnover_ratio": 1.02,
            "reinvestment_rate": 112.58,
            "research_to_sale_ratio": 6.54,
            "price_fair": 79.45,
            "eps_avg_yearly": 2.27,
            "eps_latest_yearly": 0.68,
            "eps_growth_yearly": 88.14
        },
        "20112": {
            "year_quarter": 20112,
            "year": 2011,
            "quarter": 2,
            "eps": 0.49,
            "eps_growth_year": -29.69,
            "eps_4q": 1.62,
            "eps_4q_growth_year": -25.76,
            "roe": 2.56,
            "roe_4q": 8.57,
            "gross_profit": 875329,
            "gross_margin": 13.98,
            "gross_margin_4q_avg": 15.08,
            "net_income": 229394,
            "revenue": 6260270,
            "common_shares": 4756784,
            "book_valuer_per_share": 18.42,
            "book_valuer_per_share_4q_avg": 19.12,
            "equity": 8721214,
            "current_ratio": 163.38,
            "debt_ratio": 48.04,
            "inventory_turnover_ratio": 1.36,
            "account_receivable_turnover_ratio": 1.14,
            "reinvestment_rate": 111.87,
            "research_to_sale_ratio": 5.5,
            "price_fair": 77.79,
            "eps_avg_yearly": 2.22,
            "eps_latest_yearly": 1.96,
            "eps_growth_yearly": 136.92
        },
        "20113": {
            "year_quarter": 20113,
            "year": 2011,
            "quarter": 3,
            "eps": 0.67,
            "eps_growth_year": -6.33,
            "eps_4q": 1.59,
            "eps_4q_growth_year": -34.65,
            "roe": 3.57,
            "roe_4q": 8.35,
            "gross_profit": 1059656,
            "gross_margin": 16.6,
            "gross_margin_4q_avg": 15.04,
            "net_income": 318663,
            "revenue": 6383408,
            "common_shares": 4756784,
            "book_valuer_per_share": 19.28,
            "book_valuer_per_share_4q_avg": 19.13,
            "equity": 9128280,
            "current_ratio": 162.85,
            "debt_ratio": 48.31,
            "inventory_turnover_ratio": 1.22,
            "account_receivable_turnover_ratio": 1.08,
            "reinvestment_rate": 122.13,
            "research_to_sale_ratio": 5.72,
            "price_fair": 74.81,
            "eps_avg_yearly": 2.14,
            "eps_latest_yearly": 2.68,
            "eps_growth_yearly": 133.97
        },
        "20114": {
            "year_quarter": 20114,
            "year": 2011,
            "quarter": 4,
            "eps": 0.67,
            "eps_growth_year": 155.38,
            "eps_4q": 1.99,
            "eps_4q_growth_year": -0.17,
            "roe": 3.43,
            "roe_4q": 10.41,
            "gross_profit": 1000196,
            "gross_margin": 13.97,
            "gross_margin_4q_avg": 14.81,
            "net_income": 321922,
            "revenue": 7157926,
            "common_shares": 4756784,
            "book_valuer_per_share": 20.15,
            "book_valuer_per_share_4q_avg": 19.34,
            "equity": 9642668,
            "current_ratio": 170.52,
            "debt_ratio": 51.87,
            "inventory_turnover_ratio": 1.29,
            "account_receivable_turnover_ratio": 1.06,
            "reinvestment_rate": 104.15,
            "research_to_sale_ratio": 5.53,
            "price_fair": 72.1,
            "eps_avg_yearly": 2.06,
            "eps_latest_yearly": 2.68,
            "eps_growth_yearly": 134.71
        },
        "20121": {
            "year_quarter": 20121,
            "year": 2012,
            "quarter": 1,
            "eps": 0.27,
            "eps_growth_year": 58.82,
            "eps_4q": 1.95,
            "eps_4q_growth_year": 6.96,
            "roe": 1.36,
            "roe_4q": 10.92,
            "gross_profit": 996204,
            "gross_margin": 15.76,
            "gross_margin_4q_avg": 15.08,
            "net_income": 136441,
            "revenue": 6322300,
            "common_shares": 4785667,
            "book_valuer_per_share": 20.24,
            "book_valuer_per_share_4q_avg": 19.52,
            "equity": 10447406,
            "current_ratio": 179.48,
            "debt_ratio": 47.73,
            "inventory_turnover_ratio": 1.07,
            "account_receivable_turnover_ratio": 0.87,
            "reinvestment_rate": 106.5,
            "research_to_sale_ratio": 5.73,
            "price_fair": 71.93,
            "eps_avg_yearly": 2.06,
            "eps_latest_yearly": 1.08,
            "eps_growth_yearly": 137.39
        },
        "20122": {
            "year_quarter": 20122,
            "year": 2012,
            "quarter": 2,
            "eps": 0.5,
            "eps_growth_year": 3.71,
            "eps_4q": 2.01,
            "eps_4q_growth_year": 24.11,
            "roe": 2.54,
            "roe_4q": 10.9,
            "gross_profit": 1075809,
            "gross_margin": 15.73,
            "gross_margin_4q_avg": 15.52,
            "net_income": 260188,
            "revenue": 6838291,
            "common_shares": 5162358,
            "book_valuer_per_share": 19.37,
            "book_valuer_per_share_4q_avg": 19.76,
            "equity": 10004800,
            "current_ratio": 177.69,
            "debt_ratio": 47.41,
            "inventory_turnover_ratio": 1.14,
            "account_receivable_turnover_ratio": 1.02,
            "reinvestment_rate": 116.4,
            "research_to_sale_ratio": 5.2,
            "price_fair": 69.56,
            "eps_avg_yearly": 1.99,
            "eps_latest_yearly": 2,
            "eps_growth_yearly": 117.3
        },
        "20123": {
            "year_quarter": 20123,
            "year": 2012,
            "quarter": 3,
            "eps": 0.28,
            "eps_growth_year": -58.66,
            "eps_4q": 1.68,
            "eps_4q_growth_year": 5.76,
            "roe": 1.42,
            "roe_4q": 8.75,
            "gross_profit": 930380,
            "gross_margin": 14.98,
            "gross_margin_4q_avg": 15.11,
            "net_income": 142761,
            "revenue": 6210736,
            "common_shares": 5169474,
            "book_valuer_per_share": 19.58,
            "book_valuer_per_share_4q_avg": 19.84,
            "equity": 10058681,
            "current_ratio": 177.06,
            "debt_ratio": 47.31,
            "inventory_turnover_ratio": 1.09,
            "account_receivable_turnover_ratio": 0.94,
            "reinvestment_rate": 126.09,
            "research_to_sale_ratio": 6.33,
            "price_fair": 62.13,
            "eps_avg_yearly": 1.78,
            "eps_latest_yearly": 1.12,
            "eps_growth_yearly": 94.61
        },
        "20124": {
            "year_quarter": 20124,
            "year": 2012,
            "quarter": 4,
            "eps": 0.35,
            "eps_growth_year": -47.34,
            "eps_4q": 1.45,
            "eps_4q_growth_year": -26.99,
            "roe": 1.77,
            "roe_4q": 7.090000000000001,
            "gross_profit": 864155,
            "gross_margin": 15.61,
            "gross_margin_4q_avg": 15.52,
            "net_income": 176790,
            "revenue": 5535817,
            "common_shares": 5136764,
            "book_valuer_per_share": 19.97,
            "book_valuer_per_share_4q_avg": 19.79,
            "equity": 9863933,
            "current_ratio": 202.02,
            "debt_ratio": 41.04,
            "inventory_turnover_ratio": 1.11,
            "account_receivable_turnover_ratio": 0.86,
            "reinvestment_rate": 120.85,
            "research_to_sale_ratio": 5.88,
            "price_fair": 63.18,
            "eps_avg_yearly": 1.81,
            "eps_latest_yearly": 1.4,
            "eps_growth_yearly": 120.78
        },
        "20131": {
            "year_quarter": 20131,
            "year": 2013,
            "quarter": 1,
            "eps": 0.1,
            "eps_growth_year": -62.96,
            "eps_4q": 1.28,
            "eps_4q_growth_year": -34.43,
            "roe": 0.5,
            "roe_4q": 6.23,
            "gross_profit": 762371,
            "gross_margin": 15.72,
            "gross_margin_4q_avg": 15.51,
            "net_income": 48281,
            "revenue": 4849274,
            "common_shares": 4917520,
            "book_valuer_per_share": 19.47,
            "book_valuer_per_share_4q_avg": 19.6,
            "equity": 9572613,
            "current_ratio": 196.85,
            "debt_ratio": 43.97,
            "inventory_turnover_ratio": 1.09,
            "account_receivable_turnover_ratio": 0.87,
            "reinvestment_rate": 43.87,
            "research_to_sale_ratio": 7.47,
            "price_fair": 59.94,
            "eps_avg_yearly": 1.71,
            "eps_latest_yearly": 0.4,
            "eps_growth_yearly": 76.83
        },
        "20132": {
            "year_quarter": 20132,
            "year": 2013,
            "quarter": 2,
            "eps": 0.41,
            "eps_growth_year": -18.66,
            "eps_4q": 1.17,
            "eps_4q_growth_year": -41.7,
            "roe": 2.15,
            "roe_4q": 5.84,
            "gross_profit": 910748,
            "gross_margin": 14.99,
            "gross_margin_4q_avg": 15.33,
            "net_income": 201208,
            "revenue": 6075095,
            "common_shares": 4917520,
            "book_valuer_per_share": 18.83,
            "book_valuer_per_share_4q_avg": 19.46,
            "equity": 9125696,
            "current_ratio": 188.76,
            "debt_ratio": 46.24,
            "inventory_turnover_ratio": 1.39,
            "account_receivable_turnover_ratio": 1.16,
            "reinvestment_rate": 44.44,
            "research_to_sale_ratio": 6.2,
            "price_fair": 62.13,
            "eps_avg_yearly": 1.78,
            "eps_latest_yearly": 1.64,
            "eps_growth_yearly": 170.82
        },
        "20133": {
            "year_quarter": 20133,
            "year": 2013,
            "quarter": 3,
            "eps": 0.5,
            "eps_growth_year": 79.22,
            "eps_4q": 1.38,
            "eps_4q_growth_year": -17.85,
            "roe": 2.62,
            "roe_4q": 7.039999999999999,
            "gross_profit": 1037417,
            "gross_margin": 16.29,
            "gross_margin_4q_avg": 15.65,
            "net_income": 241234,
            "revenue": 6369945,
            "common_shares": 4917727,
            "book_valuer_per_share": 19.24,
            "book_valuer_per_share_4q_avg": 19.38,
            "equity": 9282432,
            "current_ratio": 191.98,
            "debt_ratio": 45.26,
            "inventory_turnover_ratio": 1.44,
            "account_receivable_turnover_ratio": 1.19,
            "reinvestment_rate": 44.8,
            "research_to_sale_ratio": 5.79,
            "price_fair": 62.13,
            "eps_avg_yearly": 1.78,
            "eps_latest_yearly": 2,
            "eps_growth_yearly": 123.18
        },
        "20134": {
            "year_quarter": 20134,
            "year": 2013,
            "quarter": 4,
            "eps": 0.6,
            "eps_growth_year": 67.84,
            "eps_4q": 1.61,
            "eps_4q_growth_year": 10.84,
            "roe": 3.03,
            "roe_4q": 8.3,
            "gross_profit": 999675,
            "gross_margin": 14.68,
            "gross_margin_4q_avg": 15.42,
            "net_income": 288794,
            "revenue": 6809441,
            "common_shares": 4917727,
            "book_valuer_per_share": 20.18,
            "book_valuer_per_share_4q_avg": 19.43,
            "equity": 9787000,
            "current_ratio": 192.37,
            "debt_ratio": 45.78,
            "inventory_turnover_ratio": 1.4,
            "account_receivable_turnover_ratio": 1.19,
            "reinvestment_rate": -1.97,
            "research_to_sale_ratio": 5.38,
            "price_fair": 61.34,
            "eps_avg_yearly": 1.75,
            "eps_latest_yearly": 2.4,
            "eps_growth_yearly": 118.68
        },
        "20141": {
            "year_quarter": 20141,
            "year": 2014,
            "quarter": 1,
            "eps": 0.1,
            "eps_growth_year": 0,
            "eps_4q": 1.59,
            "eps_4q_growth_year": 24.84,
            "roe": 0.5,
            "roe_4q": 8.3,
            "gross_profit": 754944,
            "gross_margin": 13.89,
            "gross_margin_4q_avg": 14.96,
            "net_income": 48738,
            "revenue": 5436943,
            "common_shares": 4943441,
            "book_valuer_per_share": 20.21,
            "book_valuer_per_share_4q_avg": 19.62,
            "equity": 9895427,
            "current_ratio": 202.01,
            "debt_ratio": 41.98,
            "inventory_turnover_ratio": 1.03,
            "account_receivable_turnover_ratio": 1,
            "reinvestment_rate": -20.16,
            "research_to_sale_ratio": 6.53,
            "price_fair": 59.33,
            "eps_avg_yearly": 1.7,
            "eps_latest_yearly": 0.4,
            "eps_growth_yearly": 110.89
        },
        "20142": {
            "year_quarter": 20142,
            "year": 2014,
            "quarter": 2,
            "eps": 0.2,
            "eps_growth_year": -51.22,
            "eps_4q": 1.39,
            "eps_4q_growth_year": 18.14,
            "roe": 1.01,
            "roe_4q": 7.16,
            "gross_profit": 862615,
            "gross_margin": 14.38,
            "gross_margin_4q_avg": 14.81,
            "net_income": 96786,
            "revenue": 5996966,
            "common_shares": 4971271,
            "book_valuer_per_share": 18.89,
            "book_valuer_per_share_4q_avg": 19.63,
            "equity": 9211234,
            "current_ratio": 170.19,
            "debt_ratio": 50.1,
            "inventory_turnover_ratio": 1.11,
            "account_receivable_turnover_ratio": 1.19,
            "reinvestment_rate": -54.29,
            "research_to_sale_ratio": 5.59,
            "price_fair": 55.04,
            "eps_avg_yearly": 1.57,
            "eps_latest_yearly": 0.8,
            "eps_growth_yearly": 108.62
        },
        "20143": {
            "year_quarter": 20143,
            "year": 2014,
            "quarter": 3,
            "eps": 0.28,
            "eps_growth_year": -44,
            "eps_4q": 1.17,
            "eps_4q_growth_year": -15.4,
            "roe": 1.45,
            "roe_4q": 5.99,
            "gross_profit": 753731,
            "gross_margin": 13.55,
            "gross_margin_4q_avg": 14.13,
            "net_income": 135301,
            "revenue": 5563737,
            "common_shares": 4971271,
            "book_valuer_per_share": 19.31,
            "book_valuer_per_share_4q_avg": 19.65,
            "equity": 9417995,
            "current_ratio": 171.37,
            "debt_ratio": 50.15,
            "inventory_turnover_ratio": 1.1,
            "account_receivable_turnover_ratio": 1.09,
            "reinvestment_rate": -58.94,
            "research_to_sale_ratio": 6.05,
            "price_fair": 51.19,
            "eps_avg_yearly": 1.46,
            "eps_latest_yearly": 1.12,
            "eps_growth_yearly": 117.53
        },
        "20144": {
            "year_quarter": 20144,
            "year": 2014,
            "quarter": 4,
            "eps": 0.53,
            "eps_growth_year": -11.39,
            "eps_4q": 1.11,
            "eps_4q_growth_year": -31.01,
            "roe": 2.67,
            "roe_4q": 5.63,
            "gross_profit": 894089,
            "gross_margin": 14.24,
            "gross_margin_4q_avg": 14.02,
            "net_income": 254948,
            "revenue": 6279866,
            "common_shares": 4971271,
            "book_valuer_per_share": 20.04,
            "book_valuer_per_share_4q_avg": 19.61,
            "equity": 9683098,
            "current_ratio": 203.1,
            "debt_ratio": 42.11,
            "inventory_turnover_ratio": 1.3,
            "account_receivable_turnover_ratio": 1.21,
            "reinvestment_rate": -52.1,
            "research_to_sale_ratio": 5.78,
            "price_fair": 53.55,
            "eps_avg_yearly": 1.53,
            "eps_latest_yearly": 2.12,
            "eps_growth_yearly": 155.83
        },
        "20151": {
            "year_quarter": 20151,
            "year": 2015,
            "quarter": 1,
            "eps": 0.14,
            "eps_growth_year": 40,
            "eps_4q": 1.15,
            "eps_4q_growth_year": -27.94,
            "roe": 0.69,
            "roe_4q": 5.819999999999999,
            "gross_profit": 805713,
            "gross_margin": 13.76,
            "gross_margin_4q_avg": 13.98,
            "net_income": 66963,
            "revenue": 5857024,
            "common_shares": 4921271,
            "book_valuer_per_share": 20.06,
            "book_valuer_per_share_4q_avg": 19.58,
            "equity": 9685107,
            "current_ratio": 185.98,
            "debt_ratio": 48.66,
            "inventory_turnover_ratio": 1.24,
            "account_receivable_turnover_ratio": 1.17,
            "reinvestment_rate": -72.09,
            "research_to_sale_ratio": 6.1,
            "price_fair": 53.29,
            "eps_avg_yearly": 1.52,
            "eps_latest_yearly": 0.56,
            "eps_growth_yearly": 146.09
        },
        "20152": {
            "year_quarter": 20152,
            "year": 2015,
            "quarter": 2,
            "eps": 0,
            "eps_growth_year": -100,
            "eps_4q": 0.95,
            "eps_4q_growth_year": -31.62,
            "roe": 0,
            "roe_4q": 4.81,
            "gross_profit": 728375,
            "gross_margin": 11.56,
            "gross_margin_4q_avg": 13.28,
            "net_income": 0,
            "revenue": 6301168,
            "common_shares": 4921271,
            "book_valuer_per_share": 18.69,
            "book_valuer_per_share_4q_avg": 19.53,
            "equity": 9021036,
            "current_ratio": 195.04,
            "debt_ratio": 44.5,
            "inventory_turnover_ratio": 1.4,
            "account_receivable_turnover_ratio": 1.28,
            "reinvestment_rate": -80.43,
            "research_to_sale_ratio": 5.71,
            "price_fair": 52.27,
            "eps_avg_yearly": 1.49,
            "eps_latest_yearly": 0.56,
            "eps_growth_yearly": 105.63
        },
        "20153": {
            "year_quarter": 20153,
            "year": 2015,
            "quarter": 3,
            "eps": -0.65,
            "eps_growth_year": -332.14,
            "eps_4q": 0.07,
            "eps_4q_growth_year": -94.17,
            "roe": -3.31,
            "roe_4q": 0.04999999999999982,
            "gross_profit": 725570,
            "gross_margin": 13.27,
            "gross_margin_4q_avg": 13.21,
            "net_income": -292323,
            "revenue": 5467399,
            "common_shares": 4429144,
            "book_valuer_per_share": 19.91,
            "book_valuer_per_share_4q_avg": 19.68,
            "equity": 8652246,
            "current_ratio": 181.41,
            "debt_ratio": 49.97,
            "inventory_turnover_ratio": 1.15,
            "account_receivable_turnover_ratio": 1.09,
            "reinvestment_rate": -118.87,
            "research_to_sale_ratio": 6.48,
            "price_fair": 49.3,
            "eps_avg_yearly": 1.41,
            "eps_latest_yearly": 0.56,
            "eps_growth_yearly": 102.68
        },
        "20154": {
            "year_quarter": 20154,
            "year": 2015,
            "quarter": 4,
            "eps": -0.26,
            "eps_growth_year": -150.07,
            "eps_4q": -0.78,
            "eps_4q_growth_year": -170.62,
            "roe": -1.34,
            "roe_4q": -3.9600000000000004,
            "gross_profit": 640109,
            "gross_margin": 11.92,
            "gross_margin_4q_avg": 12.63,
            "net_income": -114748,
            "revenue": 5369647,
            "common_shares": 4429144,
            "book_valuer_per_share": 19.37,
            "book_valuer_per_share_4q_avg": 19.51,
            "equity": 8411088,
            "current_ratio": 225.12,
            "debt_ratio": 41.24,
            "inventory_turnover_ratio": 1.15,
            "account_receivable_turnover_ratio": 1.24,
            "reinvestment_rate": -176.93,
            "research_to_sale_ratio": 6.49,
            "price_fair": 45.88,
            "eps_avg_yearly": 1.31,
            "eps_latest_yearly": 0.56,
            "eps_growth_yearly": 110.58
        },
        "20161": {
            "year_quarter": 20161,
            "year": 2016,
            "quarter": 1,
            "eps": 0.18,
            "eps_growth_year": 28.57,
            "eps_4q": -0.76,
            "eps_4q_growth_year": -166.07,
            "roe": 0.92,
            "roe_4q": -3.73,
            "gross_profit": 746101,
            "gross_margin": 14.38,
            "gross_margin_4q_avg": 12.78,
            "net_income": 77783,
            "revenue": 5189594,
            "common_shares": 4429144,
            "book_valuer_per_share": 19.57,
            "book_valuer_per_share_4q_avg": 19.39,
            "equity": 8497333,
            "current_ratio": 225.85,
            "debt_ratio": 41.62,
            "inventory_turnover_ratio": 1.17,
            "account_receivable_turnover_ratio": 1.34,
            "reinvestment_rate": -191.51,
            "research_to_sale_ratio": 6.89,
            "price_fair": 46.55,
            "eps_avg_yearly": 1.33,
            "eps_latest_yearly": 0.56,
            "eps_growth_yearly": 139.69
        },
        "20162": {
            "year_quarter": 20162,
            "year": 2016,
            "quarter": 2,
            "eps": 0.72,
            "eps_growth_year": null,
            "eps_4q": -0.04,
            "eps_4q_growth_year": -104.32,
            "roe": 3.67,
            "roe_4q": -0.06000000000000005,
            "gross_profit": 962385,
            "gross_margin": 14.97,
            "gross_margin_4q_avg": 13.64,
            "net_income": 311504,
            "revenue": 6430561,
            "common_shares": 4429144,
            "book_valuer_per_share": 19.52,
            "book_valuer_per_share_4q_avg": 19.59,
            "equity": 8475959,
            "current_ratio": 215.31,
            "debt_ratio": 44.22,
            "inventory_turnover_ratio": 1.55,
            "account_receivable_turnover_ratio": 1.52,
            "reinvestment_rate": -218.55,
            "research_to_sale_ratio": 5.82,
            "price_fair": 49.12,
            "eps_avg_yearly": 1.4,
            "eps_latest_yearly": 2.88,
            "eps_growth_yearly": 211.3
        },
        "20163": {
            "year_quarter": 20163,
            "year": 2016,
            "quarter": 3,
            "eps": 0.22,
            "eps_growth_year": null,
            "eps_4q": 0.86,
            "eps_4q_growth_year": 1155.9,
            "roe": 1.14,
            "roe_4q": 4.39,
            "gross_profit": 752433,
            "gross_margin": 14.83,
            "gross_margin_4q_avg": 14.03,
            "net_income": 96875,
            "revenue": 5075048,
            "common_shares": 4344697,
            "book_valuer_per_share": 19.45,
            "book_valuer_per_share_4q_avg": 19.48,
            "equity": 8446518,
            "current_ratio": 243.07,
            "debt_ratio": 40.4,
            "inventory_turnover_ratio": 1.4,
            "account_receivable_turnover_ratio": 1.24,
            "reinvestment_rate": -238.71,
            "research_to_sale_ratio": 6.39,
            "price_fair": 48.42,
            "eps_avg_yearly": 1.38,
            "eps_latest_yearly": 0.88,
            "eps_growth_yearly": 202.82
        },
        "20164": {
            "year_quarter": 20164,
            "year": 2016,
            "quarter": 4,
            "eps": 0.28,
            "eps_growth_year": null,
            "eps_4q": 1.4,
            "eps_4q_growth_year": null,
            "roe": 1.44,
            "roe_4q": 7.17,
            "gross_profit": 722552,
            "gross_margin": 14.07,
            "gross_margin_4q_avg": 14.56,
            "net_income": 121877,
            "revenue": 5135527,
            "common_shares": 4344697,
            "book_valuer_per_share": 19.62,
            "book_valuer_per_share_4q_avg": 19.54,
            "equity": 8518656,
            "current_ratio": 214.89,
            "debt_ratio": 40.27,
            "inventory_turnover_ratio": 1.46,
            "account_receivable_turnover_ratio": 1.43,
            "reinvestment_rate": -249.43,
            "research_to_sale_ratio": 6.29,
            "price_fair": 47.6,
            "eps_avg_yearly": 1.36,
            "eps_latest_yearly": 1.12,
            "eps_growth_yearly": 203.57
        },
        "20171": {
            "year_quarter": 20171,
            "year": 2017,
            "quarter": 1,
            "eps": 0.4,
            "eps_growth_year": 122.22,
            "eps_4q": 1.62,
            "eps_4q_growth_year": null,
            "roe": 2.01,
            "roe_4q": 8.26,
            "gross_profit": 815962,
            "gross_margin": 17.12,
            "gross_margin_4q_avg": 15.25,
            "net_income": 171896,
            "revenue": 4764912,
            "common_shares": 4344697,
            "book_valuer_per_share": 19.7,
            "book_valuer_per_share_4q_avg": 19.57,
            "equity": 8554724,
            "current_ratio": 230.84,
            "debt_ratio": 37.75,
            "inventory_turnover_ratio": 1.3,
            "account_receivable_turnover_ratio": 1.36,
            "reinvestment_rate": -78.88,
            "research_to_sale_ratio": 6.69,
            "price_fair": 51.1,
            "eps_avg_yearly": 1.46,
            "eps_latest_yearly": 1.6,
            "eps_growth_yearly": 241.67
        },
        "20172": {
            "year_quarter": 20172,
            "year": 2017,
            "quarter": 2,
            "eps": 0.34,
            "eps_growth_year": -52.78,
            "eps_4q": 1.24,
            "eps_4q_growth_year": null,
            "roe": 1.74,
            "roe_4q": 6.329999999999999,
            "gross_profit": 757589,
            "gross_margin": 14.88,
            "gross_margin_4q_avg": 15.23,
            "net_income": 146559,
            "revenue": 5091771,
            "common_shares": 4344697,
            "book_valuer_per_share": 19.14,
            "book_valuer_per_share_4q_avg": 19.48,
            "equity": 8310435,
            "current_ratio": 213.82,
            "debt_ratio": 41.11,
            "inventory_turnover_ratio": 1.49,
            "account_receivable_turnover_ratio": 1.49,
            "reinvestment_rate": -88.94,
            "research_to_sale_ratio": 6.35,
            "price_fair": 50.28,
            "eps_avg_yearly": 1.44,
            "eps_latest_yearly": 1.36,
            "eps_growth_yearly": 133.33
        },
        "20173": {
            "year_quarter": 20173,
            "year": 2017,
            "quarter": 3,
            "eps": 0.37,
            "eps_growth_year": 68.18,
            "eps_4q": 1.38,
            "eps_4q_growth_year": 61.65,
            "roe": 1.9,
            "roe_4q": 7.09,
            "gross_profit": 764061,
            "gross_margin": 15.79,
            "gross_margin_4q_avg": 15.47,
            "net_income": 160062,
            "revenue": 4838315,
            "common_shares": 4344697,
            "book_valuer_per_share": 19.68,
            "book_valuer_per_share_4q_avg": 19.54,
            "equity": 8546264,
            "current_ratio": 228.12,
            "debt_ratio": 38.78,
            "inventory_turnover_ratio": 1.3,
            "account_receivable_turnover_ratio": 1.39,
            "reinvestment_rate": -94.7,
            "research_to_sale_ratio": 6.58,
            "price_fair": 48.77,
            "eps_avg_yearly": 1.39,
            "eps_latest_yearly": 1.48,
            "eps_growth_yearly": 128.96
        },
        "20174": {
            "year_quarter": 20174,
            "year": 2017,
            "quarter": 4,
            "eps": 0.16,
            "eps_growth_year": -43.83,
            "eps_4q": 1.23,
            "eps_4q_growth_year": -11.8,
            "roe": 0.81,
            "roe_4q": 6.46,
            "gross_profit": 554753,
            "gross_margin": 12.72,
            "gross_margin_4q_avg": 15.13,
            "net_income": 70021,
            "revenue": 4362111,
            "common_shares": 4444697,
            "book_valuer_per_share": 19.58,
            "book_valuer_per_share_4q_avg": 19.53,
            "equity": 8694960,
            "current_ratio": 240.76,
            "debt_ratio": 36.65,
            "inventory_turnover_ratio": 1.12,
            "account_receivable_turnover_ratio": 1.36,
            "reinvestment_rate": -118.06,
            "research_to_sale_ratio": 6.9,
            "price_fair": 43.63,
            "eps_avg_yearly": 1.25,
            "eps_latest_yearly": 0.64,
            "eps_growth_yearly": 103.37
        },
        "20181": {
            "year_quarter": 20181,
            "year": 2018,
            "quarter": 1,
            "eps": -0.13,
            "eps_growth_year": -132.5,
            "eps_4q": 0.58,
            "eps_4q_growth_year": -63.99,
            "roe": -0.61,
            "roe_4q": 3.84,
            "gross_profit": 500683,
            "gross_margin": 12.55,
            "gross_margin_4q_avg": 13.99,
            "net_income": -60033,
            "revenue": 3988548,
            "common_shares": 5439527,
            "book_valuer_per_share": 20.29,
            "book_valuer_per_share_4q_avg": 19.67,
            "equity": 11030231,
            "current_ratio": 320,
            "debt_ratio": 28.34,
            "inventory_turnover_ratio": 1.06,
            "account_receivable_turnover_ratio": 1.45,
            "reinvestment_rate": -135.86,
            "research_to_sale_ratio": 7.81,
            "price_fair": 46.33,
            "eps_avg_yearly": 1.32,
            "eps_latest_yearly": 0.64,
            "eps_growth_yearly": 143.07
        },
        "20182": {
            "year_quarter": 20182,
            "year": 2018,
            "quarter": 2,
            "eps": -0.31,
            "eps_growth_year": -191.18,
            "eps_4q": 0.01,
            "eps_4q_growth_year": -99.02,
            "roe": -1.53,
            "roe_4q": 0.5699999999999998,
            "gross_profit": 417728,
            "gross_margin": 10.58,
            "gross_margin_4q_avg": 12.91,
            "net_income": -163458,
            "revenue": 3949758,
            "common_shares": 5439527,
            "book_valuer_per_share": 18.99,
            "book_valuer_per_share_4q_avg": 19.64,
            "equity": 10328195,
            "current_ratio": 274.71,
            "debt_ratio": 32.75,
            "inventory_turnover_ratio": 1.15,
            "account_receivable_turnover_ratio": 1.59,
            "reinvestment_rate": -162.39,
            "research_to_sale_ratio": 8.31,
            "price_fair": 48.16,
            "eps_avg_yearly": 1.38,
            "eps_latest_yearly": 0.64,
            "eps_growth_yearly": 117.38
        },
        "20183": {
            "year_quarter": 20183,
            "year": 2018,
            "quarter": 3,
            "eps": 0.04,
            "eps_growth_year": -89.19,
            "eps_4q": -0.24,
            "eps_4q_growth_year": -117.54,
            "roe": 0.21,
            "roe_4q": -1.12,
            "gross_profit": 520827,
            "gross_margin": 14.53,
            "gross_margin_4q_avg": 12.6,
            "net_income": 21665,
            "revenue": 3584193,
            "common_shares": 5439527,
            "book_valuer_per_share": 18.78,
            "book_valuer_per_share_4q_avg": 19.41,
            "equity": 10211646,
            "current_ratio": 299.24,
            "debt_ratio": 30.38,
            "inventory_turnover_ratio": 0.96,
            "account_receivable_turnover_ratio": 1.55,
            "reinvestment_rate": -196.44,
            "research_to_sale_ratio": 8.72,
            "price_fair": 49.16,
            "eps_avg_yearly": 1.4,
            "eps_latest_yearly": 0.64,
            "eps_growth_yearly": 112.65
        },
        "20184": {
            "year_quarter": 20184,
            "year": 2018,
            "quarter": 4,
            "eps": 0.21,
            "eps_growth_year": 32.84,
            "eps_4q": -0.16,
            "eps_4q_growth_year": -113.11,
            "roe": 1.1,
            "roe_4q": -0.83,
            "gross_profit": 664440,
            "gross_margin": 16.26,
            "gross_margin_4q_avg": 13.48,
            "net_income": 113817,
            "revenue": 4085723,
            "common_shares": 5435172,
            "book_valuer_per_share": 19.12,
            "book_valuer_per_share_4q_avg": 19.3,
            "equity": 10393751,
            "current_ratio": 299.94,
            "debt_ratio": 30.38,
            "inventory_turnover_ratio": 0.95,
            "account_receivable_turnover_ratio": 1.89,
            "reinvestment_rate": -243.51,
            "research_to_sale_ratio": 8.03,
            "price_fair": 44.18,
            "eps_avg_yearly": 1.26,
            "eps_latest_yearly": 0.84,
            "eps_growth_yearly": 261.85
        },
        "20191": {
            "year_quarter": 20191,
            "year": 2019,
            "quarter": 1,
            "eps": 0,
            "eps_growth_year": null,
            "eps_4q": -0.05,
            "eps_4q_growth_year": -108.5,
            "roe": 0.01,
            "roe_4q": -0.20999999999999996,
            "gross_profit": 527856,
            "gross_margin": 16.41,
            "gross_margin_4q_avg": 14.45,
            "net_income": 1081,
            "revenue": 3215854,
            "common_shares": 5432617,
            "book_valuer_per_share": 19.36,
            "book_valuer_per_share_4q_avg": 19.06,
            "equity": 10518443,
            "current_ratio": 338.46,
            "debt_ratio": 27.99,
            "inventory_turnover_ratio": 0.68,
            "account_receivable_turnover_ratio": 1.61,
            "reinvestment_rate": -245.59,
            "research_to_sale_ratio": 9.69,
            "price_fair": 47.25,
            "eps_avg_yearly": 1.35,
            "eps_latest_yearly": 0.84,
            "eps_growth_yearly": 331.38
        },
        "20192": {
            "year_quarter": 20192,
            "year": 2019,
            "quarter": 2,
            "eps": 0.16,
            "eps_growth_year": null,
            "eps_4q": 0.41,
            "eps_4q_growth_year": 3252.09,
            "roe": 0.82,
            "roe_4q": 2.14,
            "gross_profit": 728311,
            "gross_margin": 18.44,
            "gross_margin_4q_avg": 16.41,
            "net_income": 84122,
            "revenue": 3949436,
            "common_shares": 5431287,
            "book_valuer_per_share": 18.43,
            "book_valuer_per_share_4q_avg": 18.92,
            "equity": 10012091,
            "current_ratio": 312.18,
            "debt_ratio": 30.19,
            "inventory_turnover_ratio": 0.82,
            "account_receivable_turnover_ratio": 1.95,
            "reinvestment_rate": -212.5,
            "research_to_sale_ratio": 9.29,
            "price_fair": 47.25,
            "eps_avg_yearly": 1.35,
            "eps_latest_yearly": 0.84,
            "eps_growth_yearly": 331.38
        },
        "20193": {
            "year_quarter": 20193,
            "year": 2019,
            "quarter": 3,
            "eps": 0.16,
            "eps_growth_year": 300,
            "eps_4q": 0.53,
            "eps_4q_growth_year": null,
            "roe": 0.88,
            "roe_4q": 2.81,
            "gross_profit": 655613,
            "gross_margin": 16.46,
            "gross_margin_4q_avg": 16.89,
            "net_income": 87741,
            "revenue": 3982148,
            "common_shares": 5428907,
            "book_valuer_per_share": 18.28,
            "book_valuer_per_share_4q_avg": 18.8,
            "equity": 9925707,
            "current_ratio": 304.57,
            "debt_ratio": 31.08,
            "inventory_turnover_ratio": 0.9,
            "account_receivable_turnover_ratio": 1.79,
            "reinvestment_rate": -146.1,
            "research_to_sale_ratio": 8.62,
            "price_fair": 44.49,
            "eps_avg_yearly": 1.27,
            "eps_latest_yearly": 0.64,
            "eps_growth_yearly": 294.56
        },
        "20194": {
            "year_quarter": 20194,
            "year": 2019,
            "quarter": 4,
            "eps": 0.12,
            "eps_growth_year": -41.95,
            "eps_4q": 0.44,
            "eps_4q_growth_year": null,
            "roe": 0.55,
            "roe_4q": 2.26,
            "gross_profit": 702221,
            "gross_margin": 15.01,
            "gross_margin_4q_avg": 16.58,
            "net_income": 65959,
            "revenue": 4678370,
            "common_shares": 5427273,
            "book_valuer_per_share": 18.39,
            "book_valuer_per_share_4q_avg": 18.62,
            "equity": 14047294,
            "current_ratio": 199.78,
            "debt_ratio": 43.81,
            "inventory_turnover_ratio": 0.9,
            "account_receivable_turnover_ratio": 1.44,
            "reinvestment_rate": 5.45,
            "research_to_sale_ratio": 7.08,
            "price_fair": 41.72,
            "eps_avg_yearly": 1.19,
            "eps_latest_yearly": 0.48,
            "eps_growth_yearly": 255.1
        },
        "20201": {
            "year_quarter": 20201,
            "year": 2020,
            "quarter": 1,
            "eps": -0.24,
            "eps_growth_year": null,
            "eps_4q": 0.2,
            "eps_4q_growth_year": null,
            "roe": -1.06,
            "roe_4q": 1.19,
            "gross_profit": 845132,
            "gross_margin": 16.96,
            "gross_margin_4q_avg": 16.72,
            "net_income": -137934,
            "revenue": 4984120,
            "common_shares": 5424825,
            "book_valuer_per_share": 16.37,
            "book_valuer_per_share_4q_avg": 17.87,
            "equity": 12031612,
            "current_ratio": 184.94,
            "debt_ratio": 44.65,
            "inventory_turnover_ratio": 0.73,
            "account_receivable_turnover_ratio": 1.34,
            "reinvestment_rate": 28.33,
            "research_to_sale_ratio": 7.98,
            "price_fair": 41.72,
            "eps_avg_yearly": 1.19,
            "eps_latest_yearly": 0.48,
            "eps_growth_yearly": 255.1
        },
        "20202": {
            "year_quarter": 20202,
            "year": 2020,
            "quarter": 2,
            "eps": 0.39,
            "eps_growth_year": 143.75,
            "eps_4q": 0.44,
            "eps_4q_growth_year": 7.08,
            "roe": 2.3,
            "roe_4q": 2.67,
            "gross_profit": 1266313,
            "gross_margin": 16.39,
            "gross_margin_4q_avg": 16.21,
            "net_income": 277056,
            "revenue": 7725035,
            "common_shares": 5422477,
            "book_valuer_per_share": 16.77,
            "book_valuer_per_share_4q_avg": 17.45,
            "equity": 12074376,
            "current_ratio": 160.83,
            "debt_ratio": 50.6,
            "inventory_turnover_ratio": 0.99,
            "account_receivable_turnover_ratio": 1.84,
            "reinvestment_rate": 88.13,
            "research_to_sale_ratio": 5.27,
            "price_fair": 35.16,
            "eps_avg_yearly": 1,
            "eps_latest_yearly": 0.48,
            "eps_growth_yearly": 150.11
        },
        "20203": {
            "year_quarter": 20203,
            "year": 2020,
            "quarter": 3,
            "eps": 0.44,
            "eps_growth_year": 175,
            "eps_4q": 0.72,
            "eps_4q_growth_year": 35.65,
            "roe": 2.16,
            "roe_4q": 3.95,
            "gross_profit": 1458192,
            "gross_margin": 15.08,
            "gross_margin_4q_avg": 15.86,
            "net_income": 263820,
            "revenue": 9671497,
            "common_shares": 5418177,
            "book_valuer_per_share": 17.32,
            "book_valuer_per_share_4q_avg": 17.21,
            "equity": 12344551,
            "current_ratio": 153.97,
            "debt_ratio": 53.57,
            "inventory_turnover_ratio": 1.22,
            "account_receivable_turnover_ratio": 1.56,
            "reinvestment_rate": 103.07,
            "research_to_sale_ratio": 4.27,
            "price_fair": 38.58,
            "eps_avg_yearly": 1.1,
            "eps_latest_yearly": 1.76,
            "eps_growth_yearly": 186.67
        },
        "20204": {
            "year_quarter": 20204,
            "year": 2020,
            "quarter": 4,
            "eps": 0.43,
            "eps_growth_year": 256.56,
            "eps_4q": 1.03,
            "eps_4q_growth_year": 133.52,
            "roe": 2.57,
            "roe_4q": 5.970000000000001,
            "gross_profit": 1436656,
            "gross_margin": 14.67,
            "gross_margin_4q_avg": 15.78,
            "net_income": 322161,
            "revenue": 9789997,
            "common_shares": 5417185,
            "book_valuer_per_share": 17.91,
            "book_valuer_per_share_4q_avg": 17.09,
            "equity": 12738331,
            "current_ratio": 150.97,
            "debt_ratio": 52.83,
            "inventory_turnover_ratio": 1.21,
            "account_receivable_turnover_ratio": 1.41,
            "reinvestment_rate": 111.59,
            "research_to_sale_ratio": 3.95,
            "price_fair": 40.91,
            "eps_avg_yearly": 1.17,
            "eps_latest_yearly": 1.72,
            "eps_growth_yearly": 173.54
        },
        "20211": {
            "year_quarter": 20211,
            "year": 2021,
            "quarter": 1,
            "eps": 0.21,
            "eps_growth_year": null,
            "eps_4q": 1.48,
            "eps_4q_growth_year": 637.81,
            "roe": 0.91,
            "roe_4q": 7.94,
            "gross_profit": 1074005,
            "gross_margin": 14.93,
            "gross_margin_4q_avg": 15.27,
            "net_income": 117363,
            "revenue": 7193287,
            "common_shares": 5417185,
            "book_valuer_per_share": 18.2,
            "book_valuer_per_share_4q_avg": 17.55,
            "equity": 12965418,
            "current_ratio": 160.21,
            "debt_ratio": 49.27,
            "inventory_turnover_ratio": 0.85,
            "account_receivable_turnover_ratio": 1.21,
            "reinvestment_rate": 118.7,
            "research_to_sale_ratio": 4.89,
            "price_fair": 37.96,
            "eps_avg_yearly": 1.08,
            "eps_latest_yearly": 0.84,
            "eps_growth_yearly": 131.76
        },
        "20212": {
            "year_quarter": 20212,
            "year": 2021,
            "quarter": 2,
            "eps": 0.21,
            "eps_growth_year": -46.15,
            "eps_4q": 1.3,
            "eps_4q_growth_year": 198.78,
            "roe": 1.08,
            "roe_4q": 6.720000000000001,
            "gross_profit": 1154818,
            "gross_margin": 15.29,
            "gross_margin_4q_avg": 14.99,
            "net_income": 137107,
            "revenue": 7555030,
            "common_shares": 5417185,
            "book_valuer_per_share": 17.31,
            "book_valuer_per_share_4q_avg": 17.69,
            "equity": 12372975,
            "current_ratio": 152.3,
            "debt_ratio": 51.79,
            "inventory_turnover_ratio": 0.86,
            "account_receivable_turnover_ratio": 1.48,
            "reinvestment_rate": 128.55,
            "research_to_sale_ratio": 5.18,
            "price_fair": 35.93,
            "eps_avg_yearly": 1.03,
            "eps_latest_yearly": 0.84,
            "eps_growth_yearly": 138.42
        },
        "20213": {
            "year_quarter": 20213,
            "year": 2021,
            "quarter": 3,
            "eps": 0.21,
            "eps_growth_year": -52.27,
            "eps_4q": 1.06,
            "eps_4q_growth_year": 48.4,
            "roe": 1.13,
            "roe_4q": 5.6899999999999995,
            "gross_profit": 1146231,
            "gross_margin": 17.09,
            "gross_margin_4q_avg": 15.5,
            "net_income": 140208,
            "revenue": 6705956,
            "common_shares": 5417185,
            "book_valuer_per_share": 17.5,
            "book_valuer_per_share_4q_avg": 17.73,
            "equity": 12382114,
            "current_ratio": 159.53,
            "debt_ratio": 49.15,
            "inventory_turnover_ratio": 0.68,
            "account_receivable_turnover_ratio": 1.35,
            "reinvestment_rate": 132.77,
            "research_to_sale_ratio": 5.33,
            "price_fair": 33.44,
            "eps_avg_yearly": 0.96,
            "eps_latest_yearly": 0.84,
            "eps_growth_yearly": 134.5
        },
        "20214": {
            "year_quarter": 20214,
            "year": 2021,
            "quarter": 4,
            "eps": 0.17,
            "eps_growth_year": -60.54,
            "eps_4q": 0.8,
            "eps_4q_growth_year": -22.1,
            "roe": 1.17,
            "roe_4q": 4.29,
            "gross_profit": 1210845,
            "gross_margin": 18.9,
            "gross_margin_4q_avg": 16.55,
            "net_income": 145734,
            "revenue": 6408063,
            "common_shares": 5417185,
            "book_valuer_per_share": 17.73,
            "book_valuer_per_share_4q_avg": 17.69,
            "equity": 12559104,
            "current_ratio": 161.44,
            "debt_ratio": 49.22,
            "inventory_turnover_ratio": 0.58,
            "account_receivable_turnover_ratio": 1.44,
            "reinvestment_rate": 127.56,
            "research_to_sale_ratio": 5.82,
            "price_fair": 33.6,
            "eps_avg_yearly": 0.96,
            "eps_latest_yearly": 0.68,
            "eps_growth_yearly": 151.26
        },
        "20221": {
            "year_quarter": 20221,
            "year": 2022,
            "quarter": 1,
            "eps": 0.25,
            "eps_growth_year": 19.05,
            "eps_4q": 0.84,
            "eps_4q_growth_year": -43.15,
            "roe": 1.29,
            "roe_4q": 4.67,
            "gross_profit": 1301269,
            "gross_margin": 18.93,
            "gross_margin_4q_avg": 17.55,
            "net_income": 161051,
            "revenue": 6874890,
            "common_shares": 5417185,
            "book_valuer_per_share": 17.58,
            "book_valuer_per_share_4q_avg": 17.53,
            "equity": 12368282,
            "current_ratio": 146.13,
            "debt_ratio": 54.85,
            "inventory_turnover_ratio": 0.54,
            "account_receivable_turnover_ratio": 1.55,
            "reinvestment_rate": 137.57,
            "research_to_sale_ratio": 6.07,
            "price_fair": 33.74,
            "eps_avg_yearly": 0.96,
            "eps_latest_yearly": 1,
            "eps_growth_yearly": 154.96
        },
        "20222": {
            "year_quarter": 20222,
            "year": 2022,
            "quarter": 2,
            "eps": 0.45,
            "eps_growth_year": 114.29,
            "eps_4q": 1.07,
            "eps_4q_growth_year": -17.46,
            "roe": 2.55,
            "roe_4q": 6.14,
            "gross_profit": 1588061,
            "gross_margin": 19.16,
            "gross_margin_4q_avg": 18.52,
            "net_income": 320040,
            "revenue": 8287178,
            "common_shares": 5417185,
            "book_valuer_per_share": 18.05,
            "book_valuer_per_share_4q_avg": 17.72,
            "equity": 12735392,
            "current_ratio": 143.47,
            "debt_ratio": 56.47,
            "inventory_turnover_ratio": 0.59,
            "account_receivable_turnover_ratio": 1.54,
            "reinvestment_rate": 105.31,
            "research_to_sale_ratio": 5.59,
            "price_fair": 36.4,
            "eps_avg_yearly": 1.04,
            "eps_latest_yearly": 1.8,
            "eps_growth_yearly": 169.96
        },
        "20223": {
            "year_quarter": 20223,
            "year": 2022,
            "quarter": 3,
            "eps": 0.58,
            "eps_growth_year": 176.19,
            "eps_4q": 1.45,
            "eps_4q_growth_year": 36.24,
            "roe": 2.74,
            "roe_4q": 7.75,
            "gross_profit": 1595792,
            "gross_margin": 17.29,
            "gross_margin_4q_avg": 18.57,
            "net_income": 358424,
            "revenue": 9230870,
            "common_shares": 5417185,
            "book_valuer_per_share": 19.04,
            "book_valuer_per_share_4q_avg": 18.1,
            "equity": 13437315,
            "current_ratio": 150.04,
            "debt_ratio": 53.59,
            "inventory_turnover_ratio": 0.69,
            "account_receivable_turnover_ratio": 1.5,
            "reinvestment_rate": 99.33,
            "research_to_sale_ratio": 5.14,
            "price_fair": 40.13,
            "eps_avg_yearly": 1.15,
            "eps_latest_yearly": 2.32,
            "eps_growth_yearly": 165.43
        },
        "20224": {
            "year_quarter": 20224,
            "year": 2022,
            "quarter": 4,
            "eps": 0.42,
            "eps_growth_year": 142.79,
            "eps_4q": 1.69,
            "eps_4q_growth_year": 111.36,
            "roe": 2.36,
            "roe_4q": 8.94,
            "gross_profit": 1768119,
            "gross_margin": 19.13,
            "gross_margin_4q_avg": 18.63,
            "net_income": 318656,
            "revenue": 9241259,
            "common_shares": 5417185,
            "book_valuer_per_share": 19.15,
            "book_valuer_per_share_4q_avg": 18.46,
            "equity": 13556619,
            "current_ratio": 155.15,
            "debt_ratio": 50.04,
            "inventory_turnover_ratio": 0.73,
            "account_receivable_turnover_ratio": 1.55,
            "reinvestment_rate": 110.04,
            "research_to_sale_ratio": 5.18,
            "price_fair": 29.89,
            "eps_avg_yearly": 1.22,
            "eps_latest_yearly": 1.68,
            "eps_growth_yearly": 14.57
        },
        "20231": {
            "year_quarter": 20231,
            "year": 2023,
            "quarter": 1,
            "eps": 0.32,
            "eps_growth_year": 28,
            "eps_4q": 1.77,
            "eps_4q_growth_year": 110.59,
            "roe": 1.43,
            "roe_4q": 9.08,
            "gross_profit": 1399771,
            "gross_margin": 17.79,
            "gross_margin_4q_avg": 18.34,
            "net_income": 186854,
            "revenue": 7869340,
            "common_shares": 5417185,
            "book_valuer_per_share": 17.84,
            "book_valuer_per_share_4q_avg": 18.52,
            "equity": 12589942,
            "current_ratio": 151.61,
            "debt_ratio": 52.68,
            "inventory_turnover_ratio": 0.69,
            "account_receivable_turnover_ratio": 1.49,
            "reinvestment_rate": 112.18,
            "research_to_sale_ratio": 5.89,
            "price_fair": 19.69,
            "eps_avg_yearly": 1.22,
            "eps_latest_yearly": 1.28,
            "eps_growth_yearly": 6.12
        }
    },
    "months": {
        "2004-12": {
            "month": "2004-12",
            "price": "30.46",
            "revenue": 1229152
        },
        "2005-01": {
            "month": "2005-01",
            "price": "29.17",
            "revenue": 1212358
        },
        "2005-02": {
            "month": "2005-02",
            "price": "29.73",
            "revenue": 935106
        },
        "2005-03": {
            "month": "2005-03",
            "price": "31.22",
            "revenue": 1531137
        },
        "2005-04": {
            "month": "2005-04",
            "price": "30.88",
            "revenue": 1269304
        },
        "2005-05": {
            "month": "2005-05",
            "price": "27.25",
            "revenue": 1345194
        },
        "2005-06": {
            "month": "2005-06",
            "price": "27.19",
            "revenue": 1347019
        },
        "2005-07": {
            "month": "2005-07",
            "price": "27.72",
            "revenue": 1346009
        },
        "2005-08": {
            "month": "2005-08",
            "price": "25.52",
            "revenue": 1725122
        },
        "2005-09": {
            "month": "2005-09",
            "price": "30.33",
            "revenue": 1976538
        },
        "2005-10": {
            "month": "2005-10",
            "price": "33.38",
            "revenue": 1680016
        },
        "2005-11": {
            "month": "2005-11",
            "price": "31.65",
            "revenue": 1938240
        },
        "2005-12": {
            "month": "2005-12",
            "price": "35.97",
            "revenue": 1479180
        },
        "2006-01": {
            "month": "2006-01",
            "price": "35.94",
            "revenue": 1334436
        },
        "2006-02": {
            "month": "2006-02",
            "price": "34.24",
            "revenue": 1230837
        },
        "2006-03": {
            "month": "2006-03",
            "price": "34.29",
            "revenue": 1980297
        },
        "2006-04": {
            "month": "2006-04",
            "price": "39.31",
            "revenue": 1748963
        },
        "2006-05": {
            "month": "2006-05",
            "price": "37.01",
            "revenue": 1566046
        },
        "2006-06": {
            "month": "2006-06",
            "price": "33.01",
            "revenue": 1993777
        },
        "2006-07": {
            "month": "2006-07",
            "price": "32.69",
            "revenue": 1521047
        },
        "2006-08": {
            "month": "2006-08",
            "price": "27.65",
            "revenue": 2412289
        },
        "2006-09": {
            "month": "2006-09",
            "price": "26.64",
            "revenue": 2074934
        },
        "2006-10": {
            "month": "2006-10",
            "price": "25.51",
            "revenue": 1708482
        },
        "2006-11": {
            "month": "2006-11",
            "price": "26.86",
            "revenue": 1913606
        },
        "2006-12": {
            "month": "2006-12",
            "price": "28.93",
            "revenue": 1893418
        },
        "2007-01": {
            "month": "2007-01",
            "price": "30.65",
            "revenue": 1635646
        },
        "2007-02": {
            "month": "2007-02",
            "price": "30.40",
            "revenue": 1479080
        },
        "2007-03": {
            "month": "2007-03",
            "price": "33.95",
            "revenue": 1919949
        },
        "2007-04": {
            "month": "2007-04",
            "price": "37.62",
            "revenue": 1817788
        },
        "2007-05": {
            "month": "2007-05",
            "price": "42.46",
            "revenue": 1588848
        },
        "2007-06": {
            "month": "2007-06",
            "price": "44.64",
            "revenue": 2137669
        },
        "2007-07": {
            "month": "2007-07",
            "price": "45.73",
            "revenue": 1684845
        },
        "2007-08": {
            "month": "2007-08",
            "price": "39.42",
            "revenue": 2121699
        },
        "2007-09": {
            "month": "2007-09",
            "price": "39.38",
            "revenue": 2255000
        },
        "2007-10": {
            "month": "2007-10",
            "price": "39.30",
            "revenue": 1911304
        },
        "2007-11": {
            "month": "2007-11",
            "price": "32.05",
            "revenue": 1963707
        },
        "2007-12": {
            "month": "2007-12",
            "price": "29.18",
            "revenue": 2012727
        },
        "2008-01": {
            "month": "2008-01",
            "price": "26.74",
            "revenue": 1965517
        },
        "2008-02": {
            "month": "2008-02",
            "price": "25.95",
            "revenue": 1423155
        },
        "2008-03": {
            "month": "2008-03",
            "price": "27.80",
            "revenue": 1948496
        },
        "2008-04": {
            "month": "2008-04",
            "price": "29.81",
            "revenue": 1902662
        },
        "2008-05": {
            "month": "2008-05",
            "price": "29.04",
            "revenue": 2023060
        },
        "2008-06": {
            "month": "2008-06",
            "price": "26.79",
            "revenue": 2103178
        },
        "2008-07": {
            "month": "2008-07",
            "price": "26.64",
            "revenue": 2137430
        },
        "2008-08": {
            "month": "2008-08",
            "price": "27.34",
            "revenue": 2558747
        },
        "2008-09": {
            "month": "2008-09",
            "price": "25.17",
            "revenue": 2816606
        },
        "2008-10": {
            "month": "2008-10",
            "price": "20.52",
            "revenue": 2295652
        },
        "2008-11": {
            "month": "2008-11",
            "price": "16.19",
            "revenue": 1613334
        },
        "2008-12": {
            "month": "2008-12",
            "price": "16.37",
            "revenue": 1580257
        },
        "2009-01": {
            "month": "2009-01",
            "price": "17.55",
            "revenue": 912552
        },
        "2009-02": {
            "month": "2009-02",
            "price": "15.88",
            "revenue": 970819
        },
        "2009-03": {
            "month": "2009-03",
            "price": "20.13",
            "revenue": 1277509
        },
        "2009-04": {
            "month": "2009-04",
            "price": "22.73",
            "revenue": 1442752
        },
        "2009-05": {
            "month": "2009-05",
            "price": "26.44",
            "revenue": 1220234
        },
        "2009-06": {
            "month": "2009-06",
            "price": "27.80",
            "revenue": 1720914
        },
        "2009-07": {
            "month": "2009-07",
            "price": "28.31",
            "revenue": 1550451
        },
        "2009-08": {
            "month": "2009-08",
            "price": "24.59",
            "revenue": 1540870
        },
        "2009-09": {
            "month": "2009-09",
            "price": "24.57",
            "revenue": 1887072
        },
        "2009-10": {
            "month": "2009-10",
            "price": "26.46",
            "revenue": 1527083
        },
        "2009-11": {
            "month": "2009-11",
            "price": "26.01",
            "revenue": 1435308
        },
        "2009-12": {
            "month": "2009-12",
            "price": "27.09",
            "revenue": 2071607
        },
        "2010-01": {
            "month": "2010-01",
            "price": "28.58",
            "revenue": 1656558
        },
        "2010-02": {
            "month": "2010-02",
            "price": "27.39",
            "revenue": 1051234
        },
        "2010-03": {
            "month": "2010-03",
            "price": "29.80",
            "revenue": 2085013
        },
        "2010-04": {
            "month": "2010-04",
            "price": "30.06",
            "revenue": 2394156
        },
        "2010-05": {
            "month": "2010-05",
            "price": "26.96",
            "revenue": 2261498
        },
        "2010-06": {
            "month": "2010-06",
            "price": "25.48",
            "revenue": 2865366
        },
        "2010-07": {
            "month": "2010-07",
            "price": "25.46",
            "revenue": 2094068
        },
        "2010-08": {
            "month": "2010-08",
            "price": "24.32",
            "revenue": 2468747
        },
        "2010-09": {
            "month": "2010-09",
            "price": "24.72",
            "revenue": 2644655
        },
        "2010-10": {
            "month": "2010-10",
            "price": "27.06",
            "revenue": 2022067
        },
        "2010-11": {
            "month": "2010-11",
            "price": "26.11",
            "revenue": 1910559
        },
        "2010-12": {
            "month": "2010-12",
            "price": "26.01",
            "revenue": 2416544
        },
        "2011-01": {
            "month": "2011-01",
            "price": "25.60",
            "revenue": 2243352
        },
        "2011-02": {
            "month": "2011-02",
            "price": "25.18",
            "revenue": 1209073
        },
        "2011-03": {
            "month": "2011-03",
            "price": "24.38",
            "revenue": 2213401
        },
        "2011-04": {
            "month": "2011-04",
            "price": "24.13",
            "revenue": 1987514
        },
        "2011-05": {
            "month": "2011-05",
            "price": "22.39",
            "revenue": 2005745
        },
        "2011-06": {
            "month": "2011-06",
            "price": "23.19",
            "revenue": 2267011
        },
        "2011-07": {
            "month": "2011-07",
            "price": "23.12",
            "revenue": 1958459
        },
        "2011-08": {
            "month": "2011-08",
            "price": "21.93",
            "revenue": 2339885
        },
        "2011-09": {
            "month": "2011-09",
            "price": "21.81",
            "revenue": 2085063
        },
        "2011-10": {
            "month": "2011-10",
            "price": "20.07",
            "revenue": 2345071
        },
        "2011-11": {
            "month": "2011-11",
            "price": "20.64",
            "revenue": 2504066
        },
        "2011-12": {
            "month": "2011-12",
            "price": "21.28",
            "revenue": 2306152
        },
        "2012-01": {
            "month": "2012-01",
            "price": "23.34",
            "revenue": 1833452
        },
        "2012-02": {
            "month": "2012-02",
            "price": "25.34",
            "revenue": 1944964
        },
        "2012-03": {
            "month": "2012-03",
            "price": "25.95",
            "revenue": 2543884
        },
        "2012-04": {
            "month": "2012-04",
            "price": "25.08",
            "revenue": 2411813
        },
        "2012-05": {
            "month": "2012-05",
            "price": "24.23",
            "revenue": 2329572
        },
        "2012-06": {
            "month": "2012-06",
            "price": "22.10",
            "revenue": 2106978
        },
        "2012-07": {
            "month": "2012-07",
            "price": "21.48",
            "revenue": 2008045
        },
        "2012-08": {
            "month": "2012-08",
            "price": "21.63",
            "revenue": 2096504
        },
        "2012-09": {
            "month": "2012-09",
            "price": "21.29",
            "revenue": 2106186
        },
        "2012-10": {
            "month": "2012-10",
            "price": "19.75",
            "revenue": 1862644
        },
        "2012-11": {
            "month": "2012-11",
            "price": "17.75",
            "revenue": 1813623
        },
        "2012-12": {
            "month": "2012-12",
            "price": "18.51",
            "revenue": 1859825
        },
        "2013-01": {
            "month": "2013-01",
            "price": "19.45",
            "revenue": 1689830
        },
        "2013-02": {
            "month": "2013-02",
            "price": "19.38",
            "revenue": 1162514
        },
        "2013-03": {
            "month": "2013-03",
            "price": "19.45",
            "revenue": 1996930
        },
        "2013-04": {
            "month": "2013-04",
            "price": "19.12",
            "revenue": 2118807
        },
        "2013-05": {
            "month": "2013-05",
            "price": "20.02",
            "revenue": 2140362
        },
        "2013-06": {
            "month": "2013-06",
            "price": "19.75",
            "revenue": 1815926
        },
        "2013-07": {
            "month": "2013-07",
            "price": "18.86",
            "revenue": 2058652
        },
        "2013-08": {
            "month": "2013-08",
            "price": "17.44",
            "revenue": 2058253
        },
        "2013-09": {
            "month": "2013-09",
            "price": "18.70",
            "revenue": 2253041
        },
        "2013-10": {
            "month": "2013-10",
            "price": "19.25",
            "revenue": 1947694
        },
        "2013-11": {
            "month": "2013-11",
            "price": "19.55",
            "revenue": 2097106
        },
        "2013-12": {
            "month": "2013-12",
            "price": "20.29",
            "revenue": 2764640
        },
        "2014-01": {
            "month": "2014-01",
            "price": "23.62",
            "revenue": 1682193
        },
        "2014-02": {
            "month": "2014-02",
            "price": "23.93",
            "revenue": 1420187
        },
        "2014-03": {
            "month": "2014-03",
            "price": "24.90",
            "revenue": 2334563
        },
        "2014-04": {
            "month": "2014-04",
            "price": "25.05",
            "revenue": 1883571
        },
        "2014-05": {
            "month": "2014-05",
            "price": "23.49",
            "revenue": 1929422
        },
        "2014-06": {
            "month": "2014-06",
            "price": "22.93",
            "revenue": 2183973
        },
        "2014-07": {
            "month": "2014-07",
            "price": "22.67",
            "revenue": 1715109
        },
        "2014-08": {
            "month": "2014-08",
            "price": "20.07",
            "revenue": 1842958
        },
        "2014-09": {
            "month": "2014-09",
            "price": "19.07",
            "revenue": 2005670
        },
        "2014-10": {
            "month": "2014-10",
            "price": "15.50",
            "revenue": 1804623
        },
        "2014-11": {
            "month": "2014-11",
            "price": "15.03",
            "revenue": 2036228
        },
        "2014-12": {
            "month": "2014-12",
            "price": "17.09",
            "revenue": 2439015
        },
        "2015-01": {
            "month": "2015-01",
            "price": "18.22",
            "revenue": 2159108
        },
        "2015-02": {
            "month": "2015-02",
            "price": "17.68",
            "revenue": 1428252
        },
        "2015-03": {
            "month": "2015-03",
            "price": "19.84",
            "revenue": 2269664
        },
        "2015-04": {
            "month": "2015-04",
            "price": "22.01",
            "revenue": 2052550
        },
        "2015-05": {
            "month": "2015-05",
            "price": "23.23",
            "revenue": 1786289
        },
        "2015-06": {
            "month": "2015-06",
            "price": "20.31",
            "revenue": 2462329
        },
        "2015-07": {
            "month": "2015-07",
            "price": "17.05",
            "revenue": 1569028
        },
        "2015-08": {
            "month": "2015-08",
            "price": "13.47",
            "revenue": 1683955
        },
        "2015-09": {
            "month": "2015-09",
            "price": "12.63",
            "revenue": 2214416
        },
        "2015-10": {
            "month": "2015-10",
            "price": "16.41",
            "revenue": 1636509
        },
        "2015-11": {
            "month": "2015-11",
            "price": "17.46",
            "revenue": 1621381
        },
        "2015-12": {
            "month": "2015-12",
            "price": "17.07",
            "revenue": 2111757
        },
        "2016-01": {
            "month": "2016-01",
            "price": "15.51",
            "revenue": 1853170
        },
        "2016-02": {
            "month": "2016-02",
            "price": "15.74",
            "revenue": 1144607
        },
        "2016-03": {
            "month": "2016-03",
            "price": "16.60",
            "revenue": 2191817
        },
        "2016-04": {
            "month": "2016-04",
            "price": "16.62",
            "revenue": 1860590
        },
        "2016-05": {
            "month": "2016-05",
            "price": "16.06",
            "revenue": 2094127
        },
        "2016-06": {
            "month": "2016-06",
            "price": "18.42",
            "revenue": 2475844
        },
        "2016-07": {
            "month": "2016-07",
            "price": "20.14",
            "revenue": 1607962
        },
        "2016-08": {
            "month": "2016-08",
            "price": "22.37",
            "revenue": 1612970
        },
        "2016-09": {
            "month": "2016-09",
            "price": "21.06",
            "revenue": 1854116
        },
        "2016-10": {
            "month": "2016-10",
            "price": "18.92",
            "revenue": 1461428
        },
        "2016-11": {
            "month": "2016-11",
            "price": "18.00",
            "revenue": 1571745
        },
        "2016-12": {
            "month": "2016-12",
            "price": "19.82",
            "revenue": 2102353
        },
        "2017-01": {
            "month": "2017-01",
            "price": "20.05",
            "revenue": 1385783
        },
        "2017-02": {
            "month": "2017-02",
            "price": "20.53",
            "revenue": 1345734
        },
        "2017-03": {
            "month": "2017-03",
            "price": "22.58",
            "revenue": 2033395
        },
        "2017-04": {
            "month": "2017-04",
            "price": "22.91",
            "revenue": 1531118
        },
        "2017-05": {
            "month": "2017-05",
            "price": "26.92",
            "revenue": 1672830
        },
        "2017-06": {
            "month": "2017-06",
            "price": "27.74",
            "revenue": 1887823
        },
        "2017-07": {
            "month": "2017-07",
            "price": "25.69",
            "revenue": 1341339
        },
        "2017-08": {
            "month": "2017-08",
            "price": "22.53",
            "revenue": 1688223
        },
        "2017-09": {
            "month": "2017-09",
            "price": "22.47",
            "revenue": 1808752
        },
        "2017-10": {
            "month": "2017-10",
            "price": "24.33",
            "revenue": 1233479
        },
        "2017-11": {
            "month": "2017-11",
            "price": "24.00",
            "revenue": 1450723
        },
        "2017-12": {
            "month": "2017-12",
            "price": "24.46",
            "revenue": 1677910
        },
        "2018-01": {
            "month": "2018-01",
            "price": "25.46",
            "revenue": 1316721
        },
        "2018-02": {
            "month": "2018-02",
            "price": "24.67",
            "revenue": 988417
        },
        "2018-03": {
            "month": "2018-03",
            "price": "24.35",
            "revenue": 1683411
        },
        "2018-04": {
            "month": "2018-04",
            "price": "21.74",
            "revenue": 1162406
        },
        "2018-05": {
            "month": "2018-05",
            "price": "20.18",
            "revenue": 1406807
        },
        "2018-06": {
            "month": "2018-06",
            "price": "21.38",
            "revenue": 1380544
        },
        "2018-07": {
            "month": "2018-07",
            "price": "21.75",
            "revenue": 1027128
        },
        "2018-08": {
            "month": "2018-08",
            "price": "18.27",
            "revenue": 1142440
        },
        "2018-09": {
            "month": "2018-09",
            "price": "15.84",
            "revenue": 1414624
        },
        "2018-10": {
            "month": "2018-10",
            "price": "14.50",
            "revenue": 1155076
        },
        "2018-11": {
            "month": "2018-11",
            "price": "15.24",
            "revenue": 1413731
        },
        "2018-12": {
            "month": "2018-12",
            "price": "16.77",
            "revenue": 1516917
        },
        "2019-01": {
            "month": "2019-01",
            "price": "17.70",
            "revenue": 1092287
        },
        "2019-02": {
            "month": "2019-02",
            "price": "18.35",
            "revenue": 902877
        },
        "2019-03": {
            "month": "2019-03",
            "price": "19.66",
            "revenue": 1220690
        },
        "2019-04": {
            "month": "2019-04",
            "price": "20.00",
            "revenue": 1155380
        },
        "2019-05": {
            "month": "2019-05",
            "price": "18.59",
            "revenue": 1302493
        },
        "2019-06": {
            "month": "2019-06",
            "price": "19.30",
            "revenue": 1491563
        },
        "2019-07": {
            "month": "2019-07",
            "price": "20.80",
            "revenue": 1242398
        },
        "2019-08": {
            "month": "2019-08",
            "price": "23.78",
            "revenue": 1300864
        },
        "2019-09": {
            "month": "2019-09",
            "price": "24.47",
            "revenue": 1438886
        },
        "2019-10": {
            "month": "2019-10",
            "price": "23.64",
            "revenue": 1365937
        },
        "2019-11": {
            "month": "2019-11",
            "price": "22.72",
            "revenue": 1555615
        },
        "2019-12": {
            "month": "2019-12",
            "price": "22.95",
            "revenue": 1756818
        },
        "2020-01": {
            "month": "2020-01",
            "price": "22.30",
            "revenue": 1643660
        },
        "2020-02": {
            "month": "2020-02",
            "price": "21.24",
            "revenue": 1045653
        },
        "2020-03": {
            "month": "2020-03",
            "price": "17.88",
            "revenue": 2291356
        },
        "2020-04": {
            "month": "2020-04",
            "price": "20.00",
            "revenue": 2102528
        },
        "2020-05": {
            "month": "2020-05",
            "price": "26.23",
            "revenue": 2651164
        },
        "2020-06": {
            "month": "2020-06",
            "price": "27.04",
            "revenue": 2975305
        },
        "2020-07": {
            "month": "2020-07",
            "price": "26.99",
            "revenue": 3020293
        },
        "2020-08": {
            "month": "2020-08",
            "price": "27.32",
            "revenue": 3177062
        },
        "2020-09": {
            "month": "2020-09",
            "price": "27.49",
            "revenue": 3473927
        },
        "2020-10": {
            "month": "2020-10",
            "price": "27.02",
            "revenue": 2659263
        },
        "2020-11": {
            "month": "2020-11",
            "price": "27.32",
            "revenue": 3530100
        },
        "2020-12": {
            "month": "2020-12",
            "price": "30.63",
            "revenue": 3600333
        },
        "2021-01": {
            "month": "2021-01",
            "price": "36.66",
            "revenue": 2394050
        },
        "2021-02": {
            "month": "2021-02",
            "price": "34.26",
            "revenue": 2311866
        },
        "2021-03": {
            "month": "2021-03",
            "price": "35.79",
            "revenue": 2487371
        },
        "2021-04": {
            "month": "2021-04",
            "price": "35.66",
            "revenue": 2143116
        },
        "2021-05": {
            "month": "2021-05",
            "price": "27.86",
            "revenue": 2687151
        },
        "2021-06": {
            "month": "2021-06",
            "price": "28.54",
            "revenue": 2724763
        },
        "2021-07": {
            "month": "2021-07",
            "price": "29.01",
            "revenue": 2063004
        },
        "2021-08": {
            "month": "2021-08",
            "price": "26.24",
            "revenue": 1958472
        },
        "2021-09": {
            "month": "2021-09",
            "price": "25.02",
            "revenue": 2684480
        },
        "2021-10": {
            "month": "2021-10",
            "price": "25.88",
            "revenue": 1844315
        },
        "2021-11": {
            "month": "2021-11",
            "price": "28.76",
            "revenue": 1789060
        },
        "2021-12": {
            "month": "2021-12",
            "price": "32.29",
            "revenue": 2774688
        },
        "2022-01": {
            "month": "2022-01",
            "price": "31.33",
            "revenue": 1916949
        },
        "2022-02": {
            "month": "2022-02",
            "price": "31.31",
            "revenue": 2081184
        },
        "2022-03": {
            "month": "2022-03",
            "price": "30.88",
            "revenue": 2876756
        },
        "2022-04": {
            "month": "2022-04",
            "price": "29.75",
            "revenue": 2086051
        },
        "2022-05": {
            "month": "2022-05",
            "price": "27.28",
            "revenue": 2354336
        },
        "2022-06": {
            "month": "2022-06",
            "price": "26.63",
            "revenue": 3846791
        },
        "2022-07": {
            "month": "2022-07",
            "price": "28.80",
            "revenue": 2756213
        },
        "2022-08": {
            "month": "2022-08",
            "price": "31.25",
            "revenue": 3058273
        },
        "2022-09": {
            "month": "2022-09",
            "price": "31.63",
            "revenue": 3416384
        },
        "2022-10": {
            "month": "2022-10",
            "price": "27.80",
            "revenue": 2546527
        },
        "2022-11": {
            "month": "2022-11",
            "price": "29.45",
            "revenue": 3048388
        },
        "2022-12": {
            "month": "2022-12",
            "price": "29.88",
            "revenue": 3646345
        },
        "2023-01": {
            "month": "2023-01",
            "price": "29.75",
            "revenue": 2122691
        },
        "2023-02": {
            "month": "2023-02",
            "price": "31.22",
            "revenue": 2389233
        },
        "2023-03": {
            "month": "2023-03",
            "price": "34.33",
            "revenue": 3357415
        },
        "2023-04": {
            "month": "2023-04",
            "price": "36.43",
            "revenue": 2554068
        },
        "2023-05": {
            "month": "2023-05",
            "price": "35.68",
            "revenue": 2455804
        }
    }
}
