{
    "summary": {
        "stock_name": "新世紀",
        "stock_id": "3383",
        "category": "光電",
        "main_business": "高亮度氮化鎵藍、綠光發光二極體磊晶片及晶粒之研發、製造及銷售<br>氮化鎵紫外光發光二極體磊晶片及晶粒之研發、製造及銷售<br>氮化鎵量子點發光二極體磊晶片及晶粒之研發、製造及銷售",
        "website_url": "http://www.gpiled.com",
        "ceo": "鍾寬仁",
        "pe_ratio": -1,
        "report_year_from": 2003,
        "report_year_to": 2022,
        "age": 21,
        "eps_negative_percentage": 65,
        "eps_growth_avg": {
            "last_all": -55.5,
            "last_2y": null,
            "last_4y": null,
            "last_8y": -100,
            "last_12y": -87.76,
            "last_16y": null,
            "last_20y": null,
            "at_2006_last_3y": null,
            "at_2007_last_3y": null,
            "at_2008_last_3y": null,
            "at_2009_last_3y": null,
            "at_2010_last_3y": -23.25,
            "at_2011_last_3y": -63.64,
            "at_2012_last_3y": -87.76,
            "at_2013_last_3y": -81.63,
            "at_2014_last_3y": -81.63,
            "at_2015_last_3y": -100,
            "at_2016_last_3y": -100,
            "at_2017_last_3y": -100,
            "at_2018_last_3y": -100,
            "at_2019_last_3y": null,
            "at_2020_last_3y": null,
            "at_2021_last_3y": null,
            "at_2022_last_3y": null,
            "at_2023_last_3y": null,
            "at_2024_last_3y": null,
            "at_2006_last_all": null,
            "at_2007_last_all": null,
            "at_2008_last_all": 15.13,
            "at_2009_last_all": -23.25,
            "at_2010_last_all": -23.25,
            "at_2011_last_all": -33.25,
            "at_2012_last_all": -46.6,
            "at_2013_last_all": -46.6,
            "at_2014_last_all": -46.6,
            "at_2015_last_all": -55.5,
            "at_2016_last_all": -55.5,
            "at_2017_last_all": -55.5,
            "at_2018_last_all": -55.5,
            "at_2019_last_all": -55.5,
            "at_2020_last_all": -55.5,
            "at_2021_last_all": -55.5,
            "at_2022_last_all": -55.5,
            "at_2023_last_all": -55.5,
            "at_2024_last_all": -55.5
        },
        "latest_eps": -2.7,
        "latest_price": 1.7,
        "latest_roe": -787.53,
        "latest_gross_margin": -61.93,
        "latest_equity": -59148,
        "latest_revenue": 93086,
        "latest_gross_profit": -57644,
        "latest_net_income": -121395,
        "latest_debt_ratio": 102.34,
        "latest_current_ratio": 149.69,
        "latest_account_receivable_turnover_ratio": 0.85,
        "latest_inventory_turnover_ratio": 0.61,
        "latest_reinvestment_rate": null,
        "latest_research_to_sale_ratio": 13.82
    },
    "eps_dividends": {
        "2001": {
            "cash": 0,
            "stock": 0,
            "eps": 0
        },
        "2002": {
            "cash": 0,
            "stock": 0,
            "eps": 0
        },
        "2003": {
            "cash": 0,
            "stock": 0,
            "eps": 0
        },
        "2004": {
            "cash": 0,
            "stock": 0,
            "eps": 0
        },
        "2005": {
            "cash": 0,
            "stock": 0,
            "eps": 0
        },
        "2006": {
            "cash": 0,
            "stock": 0,
            "eps": 3.09
        },
        "2007": {
            "cash": 0,
            "stock": 2.09,
            "eps": 4.88
        },
        "2008": {
            "cash": 0,
            "stock": 4.3,
            "eps": 3.53
        },
        "2009": {
            "cash": 0.49,
            "stock": 1.97,
            "eps": -1.78
        },
        "2010": {
            "cash": 0,
            "stock": 0,
            "eps": 3.43
        },
        "2011": {
            "cash": 0,
            "stock": 2.85,
            "eps": 1.26
        },
        "2012": {
            "cash": 0,
            "stock": 0,
            "eps": -2.64
        },
        "2013": {
            "cash": 0,
            "stock": 0,
            "eps": -1.64
        },
        "2014": {
            "cash": 0,
            "stock": 0,
            "eps": 0.4
        },
        "2015": {
            "cash": 0,
            "stock": 0,
            "eps": -5.87
        },
        "2016": {
            "cash": 0,
            "stock": 0,
            "eps": -6.82
        },
        "2017": {
            "cash": 0,
            "stock": 0,
            "eps": -2
        },
        "2018": {
            "cash": 0,
            "stock": 0,
            "eps": -1.12
        },
        "2019": {
            "cash": 0,
            "stock": 0,
            "eps": -1.58
        },
        "2020": {
            "cash": 0,
            "stock": 0,
            "eps": -4.08
        },
        "2021": {
            "cash": 0,
            "stock": 0,
            "eps": -1.48
        },
        "2022": {
            "cash": 0,
            "stock": 0,
            "eps": -2.62
        }
    },
    "dividends": {
        "2007-02-12": {
            "cash": 0,
            "stock": 2.09
        },
        "2008-02-28": {
            "cash": 0,
            "stock": 4.3
        },
        "2009-03-23": {
            "cash": 0.49,
            "stock": 1.97
        },
        "2011-01-01": {
            "cash": 0,
            "stock": 0.6
        },
        "2011-03-10": {
            "cash": 0,
            "stock": 2.25
        }
    },
    "prices": {
        "200101": "無",
        "200102": "無",
        "200103": "無",
        "200104": "無",
        "200105": "無",
        "200106": "無",
        "200107": "無",
        "200108": "無",
        "200109": "無",
        "200110": "無",
        "200111": "無",
        "200112": "無",
        "200201": "無",
        "200202": "無",
        "200203": "無",
        "200204": "無",
        "200205": "無",
        "200206": "無",
        "200207": "無",
        "200208": "無",
        "200209": "無",
        "200210": "無",
        "200211": "無",
        "200212": "無",
        "200301": "無",
        "200302": "無",
        "200303": "無",
        "200304": "無",
        "200305": "無",
        "200306": "無",
        "200307": "無",
        "200308": "無",
        "200309": "無",
        "200310": "無",
        "200311": "無",
        "200312": "無",
        "200401": "無",
        "200402": "無",
        "200403": "無",
        "200404": "無",
        "200405": "無",
        "200406": "無",
        "200407": "無",
        "200408": "無",
        "200409": "無",
        "200410": "無",
        "200411": "無",
        "200412": "無",
        "200501": "無",
        "200502": "無",
        "200503": "無",
        "200504": "無",
        "200505": "無",
        "200506": "無",
        "200507": "無",
        "200508": "無",
        "200509": "無",
        "200510": "無",
        "200511": "無",
        "200512": "無",
        "200601": "無",
        "200602": "無",
        "200603": "無",
        "200604": "無",
        "200605": "無",
        "200606": "無",
        "200607": "無",
        "200608": "無",
        "200609": "無",
        "200610": "無",
        "200611": "無",
        "200612": "無",
        "200701": "53.74",
        "200702": "50.42",
        "200703": "57.55",
        "200704": "71.51",
        "200705": "75.66",
        "200706": "103.22",
        "200707": "112.07",
        "200708": "116.37",
        "200709": "111.95",
        "200710": "100.50",
        "200711": "95.38",
        "200712": "92.58",
        "200801": "78.75",
        "200802": "72.63",
        "200803": "81.99",
        "200804": "91.42",
        "200805": "107.96",
        "200806": "102.41",
        "200807": "77.45",
        "200808": "76.01",
        "200809": "60.54",
        "200810": "48.99",
        "200811": "40.65",
        "200812": "35.19",
        "200901": "34.71",
        "200902": "39.82",
        "200903": "46.84",
        "200904": "46.01",
        "200905": "48.48",
        "200906": "49.26",
        "200907": "50.54",
        "200908": "43.80",
        "200909": "37.57",
        "200910": "37.43",
        "200911": "35.83",
        "200912": "41.38",
        "201001": "44.82",
        "201002": "40.95",
        "201003": "47.56",
        "201004": "49.66",
        "201005": "46.84",
        "201006": "41.83",
        "201007": "42.44",
        "201008": "43.62",
        "201009": "47.53",
        "201010": "52.03",
        "201011": "49.93",
        "201012": "51.21",
        "201101": "69.70",
        "201102": "84.44",
        "201103": "91.06",
        "201104": "98.62",
        "201105": "90.22",
        "201106": "86.54",
        "201107": "83.57",
        "201108": "55.18",
        "201109": "45.28",
        "201110": "43.14",
        "201111": "44.72",
        "201112": "37.42",
        "201201": "36.25",
        "201202": "44.97",
        "201203": "44.95",
        "201204": "39.78",
        "201205": "32.80",
        "201206": "28.26",
        "201207": "26.31",
        "201208": "24.08",
        "201209": "25.45",
        "201210": "23.28",
        "201211": "19.60",
        "201212": "20.06",
        "201301": "22.72",
        "201302": "22.00",
        "201303": "22.58",
        "201304": "20.46",
        "201305": "20.77",
        "201306": "20.34",
        "201307": "18.25",
        "201308": "17.39",
        "201309": "17.00",
        "201310": "17.33",
        "201311": "14.65",
        "201312": "15.36",
        "201401": "16.71",
        "201402": "16.23",
        "201403": "22.73",
        "201404": "22.76",
        "201405": "20.33",
        "201406": "22.60",
        "201407": "23.03",
        "201408": "20.60",
        "201409": "18.42",
        "201410": "15.70",
        "201411": "15.00",
        "201412": "16.28",
        "201501": "16.15",
        "201502": "15.44",
        "201503": "15.79",
        "201504": "14.83",
        "201505": "13.59",
        "201506": "10.90",
        "201507": "10.30",
        "201508": "8.20",
        "201509": "7.92",
        "201510": "8.62",
        "201511": "8.37",
        "201512": "8.41",
        "201601": "7.84",
        "201602": "7.49",
        "201603": "7.20",
        "201604": "6.38",
        "201605": "4.31",
        "201606": "4.65",
        "201607": "5.23",
        "201608": "4.77",
        "201609": "4.99",
        "201610": "4.78",
        "201611": "3.53",
        "201612": "2.56",
        "201701": "2.62",
        "201702": "3.48",
        "201703": "3.38",
        "201704": "4.01",
        "201705": "3.39",
        "201706": "3.01",
        "201707": "2.78",
        "201708": "2.55",
        "201709": "2.72",
        "201710": "2.66",
        "201711": "3.05",
        "201712": "3.73",
        "201801": "3.42",
        "201802": "3.66",
        "201803": "3.61",
        "201804": "3.19",
        "201805": "3.08",
        "201806": "3.42",
        "201807": "3.05",
        "201808": "2.84",
        "201809": "2.53",
        "201810": "2.22",
        "201811": "2.03",
        "201812": "1.81",
        "201901": "1.72",
        "201902": "1.83",
        "201903": "1.37",
        "201904": "1.17",
        "201905": "1.08",
        "201906": "1.03",
        "201907": "0.93",
        "201908": "1.00",
        "201909": "1.03",
        "201910": "1.08",
        "201911": "4.17",
        "201912": "4.22",
        "202001": "5.00",
        "202002": "5.59",
        "202003": "4.61",
        "202004": "4.55",
        "202005": "4.46",
        "202006": "4.16",
        "202007": "4.18",
        "202008": "3.61",
        "202009": "4.20",
        "202010": "4.50",
        "202011": "3.82",
        "202012": "3.73",
        "202101": "3.84",
        "202102": "3.59",
        "202103": "4.63",
        "202104": "5.14",
        "202105": "4.78",
        "202106": "4.57",
        "202107": "5.58",
        "202108": "5.00",
        "202109": "4.41",
        "202110": "4.19",
        "202111": "4.14",
        "202112": "4.78",
        "202201": "7.93",
        "202202": "6.54",
        "202203": "7.46",
        "202204": "6.97",
        "202205": "6.35",
        "202206": "7.05",
        "202207": "6.20",
        "202208": "4.52",
        "202209": "1.60",
        "202210": "無",
        "202211": "無",
        "202212": "無",
        "202301": "無",
        "202302": "無",
        "202303": "無",
        "202304": "無",
        "202305": "無",
        "202306": "無",
        "202307": "無",
        "202308": "無",
        "202309": "無",
        "202310": "無",
        "202311": "無",
        "202312": "無",
        "202401": "無",
        "202402": "無",
        "202403": "無",
        "202404": "無"
    },
    "quarters": {
        "20011": {
            "year_quarter": 20011,
            "year": 2001,
            "quarter": 1,
            "eps": null,
            "eps_growth_year": null,
            "eps_4q": null,
            "eps_4q_growth_year": null,
            "roe": null,
            "roe_4q": 0,
            "gross_profit": null,
            "gross_margin": null,
            "gross_margin_4q_avg": 0,
            "net_income": null,
            "net_income_4q": null,
            "revenue": null,
            "revenue_4q": null,
            "common_shares": null,
            "book_valuer_per_share": null,
            "book_valuer_per_share_4q_avg": 0,
            "equity": null,
            "current_ratio": null,
            "debt_ratio": null,
            "inventory_turnover_ratio": null,
            "account_receivable_turnover_ratio": null,
            "reinvestment_rate": null,
            "research_to_sale_ratio": null,
            "price_fair": 0,
            "eps_avg_yearly": 0,
            "eps_latest_yearly": 0,
            "eps_growth_yearly": 0
        },
        "20012": {
            "year_quarter": 20012,
            "year": 2001,
            "quarter": 2,
            "eps": null,
            "eps_growth_year": null,
            "eps_4q": null,
            "eps_4q_growth_year": null,
            "roe": null,
            "roe_4q": 0,
            "gross_profit": null,
            "gross_margin": null,
            "gross_margin_4q_avg": 0,
            "net_income": null,
            "net_income_4q": null,
            "revenue": null,
            "revenue_4q": null,
            "common_shares": null,
            "book_valuer_per_share": null,
            "book_valuer_per_share_4q_avg": 0,
            "equity": null,
            "current_ratio": null,
            "debt_ratio": null,
            "inventory_turnover_ratio": null,
            "account_receivable_turnover_ratio": null,
            "reinvestment_rate": null,
            "research_to_sale_ratio": null,
            "price_fair": 0,
            "eps_avg_yearly": 0,
            "eps_latest_yearly": 0,
            "eps_growth_yearly": 0
        },
        "20013": {
            "year_quarter": 20013,
            "year": 2001,
            "quarter": 3,
            "eps": null,
            "eps_growth_year": null,
            "eps_4q": null,
            "eps_4q_growth_year": null,
            "roe": null,
            "roe_4q": 0,
            "gross_profit": null,
            "gross_margin": null,
            "gross_margin_4q_avg": 0,
            "net_income": null,
            "net_income_4q": null,
            "revenue": null,
            "revenue_4q": null,
            "common_shares": null,
            "book_valuer_per_share": null,
            "book_valuer_per_share_4q_avg": 0,
            "equity": null,
            "current_ratio": null,
            "debt_ratio": null,
            "inventory_turnover_ratio": null,
            "account_receivable_turnover_ratio": null,
            "reinvestment_rate": null,
            "research_to_sale_ratio": null,
            "price_fair": 0,
            "eps_avg_yearly": 0,
            "eps_latest_yearly": 0,
            "eps_growth_yearly": 0
        },
        "20014": {
            "year_quarter": 20014,
            "year": 2001,
            "quarter": 4,
            "eps": null,
            "eps_growth_year": null,
            "eps_4q": null,
            "eps_4q_growth_year": null,
            "roe": null,
            "roe_4q": 0,
            "gross_profit": null,
            "gross_margin": null,
            "gross_margin_4q_avg": 0,
            "net_income": null,
            "net_income_4q": null,
            "revenue": null,
            "revenue_4q": null,
            "common_shares": null,
            "book_valuer_per_share": null,
            "book_valuer_per_share_4q_avg": 0,
            "equity": null,
            "current_ratio": null,
            "debt_ratio": null,
            "inventory_turnover_ratio": null,
            "account_receivable_turnover_ratio": null,
            "reinvestment_rate": null,
            "research_to_sale_ratio": null,
            "price_fair": 0,
            "eps_avg_yearly": 0,
            "eps_latest_yearly": 0,
            "eps_growth_yearly": 0
        },
        "20021": {
            "year_quarter": 20021,
            "year": 2002,
            "quarter": 1,
            "eps": null,
            "eps_growth_year": null,
            "eps_4q": null,
            "eps_4q_growth_year": null,
            "roe": null,
            "roe_4q": 0,
            "gross_profit": null,
            "gross_margin": null,
            "gross_margin_4q_avg": 0,
            "net_income": null,
            "net_income_4q": null,
            "revenue": null,
            "revenue_4q": null,
            "common_shares": null,
            "book_valuer_per_share": null,
            "book_valuer_per_share_4q_avg": 0,
            "equity": null,
            "current_ratio": null,
            "debt_ratio": null,
            "inventory_turnover_ratio": null,
            "account_receivable_turnover_ratio": null,
            "reinvestment_rate": null,
            "research_to_sale_ratio": null,
            "price_fair": 0,
            "eps_avg_yearly": 0,
            "eps_latest_yearly": 0,
            "eps_growth_yearly": 0
        },
        "20022": {
            "year_quarter": 20022,
            "year": 2002,
            "quarter": 2,
            "eps": null,
            "eps_growth_year": null,
            "eps_4q": null,
            "eps_4q_growth_year": null,
            "roe": null,
            "roe_4q": 0,
            "gross_profit": null,
            "gross_margin": null,
            "gross_margin_4q_avg": 0,
            "net_income": null,
            "net_income_4q": null,
            "revenue": null,
            "revenue_4q": null,
            "common_shares": null,
            "book_valuer_per_share": null,
            "book_valuer_per_share_4q_avg": 0,
            "equity": null,
            "current_ratio": null,
            "debt_ratio": null,
            "inventory_turnover_ratio": null,
            "account_receivable_turnover_ratio": null,
            "reinvestment_rate": null,
            "research_to_sale_ratio": null,
            "price_fair": 0,
            "eps_avg_yearly": 0,
            "eps_latest_yearly": 0,
            "eps_growth_yearly": 0
        },
        "20023": {
            "year_quarter": 20023,
            "year": 2002,
            "quarter": 3,
            "eps": null,
            "eps_growth_year": null,
            "eps_4q": null,
            "eps_4q_growth_year": null,
            "roe": null,
            "roe_4q": 0,
            "gross_profit": null,
            "gross_margin": null,
            "gross_margin_4q_avg": 0,
            "net_income": null,
            "net_income_4q": null,
            "revenue": null,
            "revenue_4q": null,
            "common_shares": null,
            "book_valuer_per_share": null,
            "book_valuer_per_share_4q_avg": 0,
            "equity": null,
            "current_ratio": null,
            "debt_ratio": null,
            "inventory_turnover_ratio": null,
            "account_receivable_turnover_ratio": null,
            "reinvestment_rate": null,
            "research_to_sale_ratio": null,
            "price_fair": 0,
            "eps_avg_yearly": 0,
            "eps_latest_yearly": 0,
            "eps_growth_yearly": 0
        },
        "20024": {
            "year_quarter": 20024,
            "year": 2002,
            "quarter": 4,
            "eps": null,
            "eps_growth_year": null,
            "eps_4q": null,
            "eps_4q_growth_year": null,
            "roe": null,
            "roe_4q": 0,
            "gross_profit": null,
            "gross_margin": null,
            "gross_margin_4q_avg": 0,
            "net_income": null,
            "net_income_4q": null,
            "revenue": null,
            "revenue_4q": null,
            "common_shares": 200000,
            "book_valuer_per_share": 9.64,
            "book_valuer_per_share_4q_avg": 2.41,
            "equity": 192852,
            "current_ratio": 2844.21,
            "debt_ratio": 2.48,
            "inventory_turnover_ratio": null,
            "account_receivable_turnover_ratio": null,
            "reinvestment_rate": null,
            "research_to_sale_ratio": null,
            "price_fair": 0,
            "eps_avg_yearly": 0,
            "eps_latest_yearly": 0,
            "eps_growth_yearly": 0
        },
        "20031": {
            "year_quarter": 20031,
            "year": 2003,
            "quarter": 1,
            "eps": null,
            "eps_growth_year": null,
            "eps_4q": null,
            "eps_4q_growth_year": null,
            "roe": null,
            "roe_4q": 0,
            "gross_profit": null,
            "gross_margin": null,
            "gross_margin_4q_avg": 0,
            "net_income": null,
            "net_income_4q": null,
            "revenue": null,
            "revenue_4q": null,
            "common_shares": null,
            "book_valuer_per_share": null,
            "book_valuer_per_share_4q_avg": 2.41,
            "equity": null,
            "current_ratio": null,
            "debt_ratio": null,
            "inventory_turnover_ratio": null,
            "account_receivable_turnover_ratio": null,
            "reinvestment_rate": null,
            "research_to_sale_ratio": null,
            "price_fair": 0,
            "eps_avg_yearly": 0,
            "eps_latest_yearly": 0,
            "eps_growth_yearly": 0
        },
        "20032": {
            "year_quarter": 20032,
            "year": 2003,
            "quarter": 2,
            "eps": null,
            "eps_growth_year": null,
            "eps_4q": null,
            "eps_4q_growth_year": null,
            "roe": null,
            "roe_4q": 0,
            "gross_profit": null,
            "gross_margin": null,
            "gross_margin_4q_avg": 0,
            "net_income": null,
            "net_income_4q": null,
            "revenue": null,
            "revenue_4q": null,
            "common_shares": null,
            "book_valuer_per_share": null,
            "book_valuer_per_share_4q_avg": 2.41,
            "equity": null,
            "current_ratio": null,
            "debt_ratio": null,
            "inventory_turnover_ratio": null,
            "account_receivable_turnover_ratio": null,
            "reinvestment_rate": null,
            "research_to_sale_ratio": null,
            "price_fair": 0,
            "eps_avg_yearly": 0,
            "eps_latest_yearly": 0,
            "eps_growth_yearly": 0
        },
        "20033": {
            "year_quarter": 20033,
            "year": 2003,
            "quarter": 3,
            "eps": null,
            "eps_growth_year": null,
            "eps_4q": null,
            "eps_4q_growth_year": null,
            "roe": null,
            "roe_4q": 0,
            "gross_profit": null,
            "gross_margin": null,
            "gross_margin_4q_avg": 0,
            "net_income": null,
            "net_income_4q": null,
            "revenue": null,
            "revenue_4q": null,
            "common_shares": null,
            "book_valuer_per_share": null,
            "book_valuer_per_share_4q_avg": 2.41,
            "equity": null,
            "current_ratio": null,
            "debt_ratio": null,
            "inventory_turnover_ratio": null,
            "account_receivable_turnover_ratio": null,
            "reinvestment_rate": null,
            "research_to_sale_ratio": null,
            "price_fair": 0,
            "eps_avg_yearly": 0,
            "eps_latest_yearly": 0,
            "eps_growth_yearly": 0
        },
        "20034": {
            "year_quarter": 20034,
            "year": 2003,
            "quarter": 4,
            "eps": null,
            "eps_growth_year": null,
            "eps_4q": null,
            "eps_4q_growth_year": null,
            "roe": null,
            "roe_4q": 0,
            "gross_profit": null,
            "gross_margin": null,
            "gross_margin_4q_avg": 0,
            "net_income": null,
            "net_income_4q": null,
            "revenue": null,
            "revenue_4q": null,
            "common_shares": 320000,
            "book_valuer_per_share": 8.93,
            "book_valuer_per_share_4q_avg": 2.23,
            "equity": 285750,
            "current_ratio": 100.22,
            "debt_ratio": 45.47,
            "inventory_turnover_ratio": null,
            "account_receivable_turnover_ratio": null,
            "reinvestment_rate": null,
            "research_to_sale_ratio": null,
            "price_fair": 0,
            "eps_avg_yearly": 0,
            "eps_latest_yearly": 0,
            "eps_growth_yearly": 0
        },
        "20041": {
            "year_quarter": 20041,
            "year": 2004,
            "quarter": 1,
            "eps": null,
            "eps_growth_year": null,
            "eps_4q": null,
            "eps_4q_growth_year": null,
            "roe": null,
            "roe_4q": 0,
            "gross_profit": null,
            "gross_margin": null,
            "gross_margin_4q_avg": 0,
            "net_income": null,
            "net_income_4q": null,
            "revenue": null,
            "revenue_4q": null,
            "common_shares": null,
            "book_valuer_per_share": null,
            "book_valuer_per_share_4q_avg": 2.23,
            "equity": null,
            "current_ratio": null,
            "debt_ratio": null,
            "inventory_turnover_ratio": null,
            "account_receivable_turnover_ratio": null,
            "reinvestment_rate": null,
            "research_to_sale_ratio": null,
            "price_fair": 0,
            "eps_avg_yearly": 0,
            "eps_latest_yearly": 0,
            "eps_growth_yearly": 0
        },
        "20042": {
            "year_quarter": 20042,
            "year": 2004,
            "quarter": 2,
            "eps": null,
            "eps_growth_year": null,
            "eps_4q": null,
            "eps_4q_growth_year": null,
            "roe": null,
            "roe_4q": 0,
            "gross_profit": null,
            "gross_margin": null,
            "gross_margin_4q_avg": 0,
            "net_income": null,
            "net_income_4q": null,
            "revenue": null,
            "revenue_4q": null,
            "common_shares": null,
            "book_valuer_per_share": null,
            "book_valuer_per_share_4q_avg": 2.23,
            "equity": null,
            "current_ratio": null,
            "debt_ratio": null,
            "inventory_turnover_ratio": null,
            "account_receivable_turnover_ratio": null,
            "reinvestment_rate": null,
            "research_to_sale_ratio": null,
            "price_fair": 0,
            "eps_avg_yearly": 0,
            "eps_latest_yearly": 0,
            "eps_growth_yearly": 0
        },
        "20043": {
            "year_quarter": 20043,
            "year": 2004,
            "quarter": 3,
            "eps": null,
            "eps_growth_year": null,
            "eps_4q": null,
            "eps_4q_growth_year": null,
            "roe": null,
            "roe_4q": 0,
            "gross_profit": null,
            "gross_margin": null,
            "gross_margin_4q_avg": 0,
            "net_income": null,
            "net_income_4q": null,
            "revenue": null,
            "revenue_4q": null,
            "common_shares": null,
            "book_valuer_per_share": null,
            "book_valuer_per_share_4q_avg": 2.23,
            "equity": null,
            "current_ratio": null,
            "debt_ratio": null,
            "inventory_turnover_ratio": null,
            "account_receivable_turnover_ratio": null,
            "reinvestment_rate": null,
            "research_to_sale_ratio": null,
            "price_fair": 0,
            "eps_avg_yearly": 0,
            "eps_latest_yearly": 0,
            "eps_growth_yearly": 0
        },
        "20044": {
            "year_quarter": 20044,
            "year": 2004,
            "quarter": 4,
            "eps": null,
            "eps_growth_year": null,
            "eps_4q": null,
            "eps_4q_growth_year": null,
            "roe": null,
            "roe_4q": 0,
            "gross_profit": null,
            "gross_margin": null,
            "gross_margin_4q_avg": 0,
            "net_income": null,
            "net_income_4q": null,
            "revenue": null,
            "revenue_4q": null,
            "common_shares": 420000,
            "book_valuer_per_share": 8.43,
            "book_valuer_per_share_4q_avg": 2.11,
            "equity": 354124,
            "current_ratio": 76.89,
            "debt_ratio": 52.94,
            "inventory_turnover_ratio": null,
            "account_receivable_turnover_ratio": null,
            "reinvestment_rate": null,
            "research_to_sale_ratio": null,
            "price_fair": 0,
            "eps_avg_yearly": 0,
            "eps_latest_yearly": 0,
            "eps_growth_yearly": 0
        },
        "20051": {
            "year_quarter": 20051,
            "year": 2005,
            "quarter": 1,
            "eps": null,
            "eps_growth_year": null,
            "eps_4q": null,
            "eps_4q_growth_year": null,
            "roe": null,
            "roe_4q": 0,
            "gross_profit": null,
            "gross_margin": null,
            "gross_margin_4q_avg": 0,
            "net_income": null,
            "net_income_4q": null,
            "revenue": null,
            "revenue_4q": null,
            "common_shares": null,
            "book_valuer_per_share": null,
            "book_valuer_per_share_4q_avg": 2.11,
            "equity": null,
            "current_ratio": null,
            "debt_ratio": null,
            "inventory_turnover_ratio": null,
            "account_receivable_turnover_ratio": null,
            "reinvestment_rate": null,
            "research_to_sale_ratio": null,
            "price_fair": 0,
            "eps_avg_yearly": 0,
            "eps_latest_yearly": 0,
            "eps_growth_yearly": 0
        },
        "20052": {
            "year_quarter": 20052,
            "year": 2005,
            "quarter": 2,
            "eps": null,
            "eps_growth_year": null,
            "eps_4q": null,
            "eps_4q_growth_year": null,
            "roe": null,
            "roe_4q": 0,
            "gross_profit": null,
            "gross_margin": null,
            "gross_margin_4q_avg": 0,
            "net_income": null,
            "net_income_4q": null,
            "revenue": null,
            "revenue_4q": null,
            "common_shares": null,
            "book_valuer_per_share": null,
            "book_valuer_per_share_4q_avg": 2.11,
            "equity": null,
            "current_ratio": null,
            "debt_ratio": null,
            "inventory_turnover_ratio": null,
            "account_receivable_turnover_ratio": null,
            "reinvestment_rate": null,
            "research_to_sale_ratio": null,
            "price_fair": 0,
            "eps_avg_yearly": 0,
            "eps_latest_yearly": 0,
            "eps_growth_yearly": 0
        },
        "20053": {
            "year_quarter": 20053,
            "year": 2005,
            "quarter": 3,
            "eps": null,
            "eps_growth_year": null,
            "eps_4q": null,
            "eps_4q_growth_year": null,
            "roe": null,
            "roe_4q": 0,
            "gross_profit": null,
            "gross_margin": null,
            "gross_margin_4q_avg": 0,
            "net_income": null,
            "net_income_4q": null,
            "revenue": null,
            "revenue_4q": null,
            "common_shares": null,
            "book_valuer_per_share": null,
            "book_valuer_per_share_4q_avg": 2.11,
            "equity": null,
            "current_ratio": null,
            "debt_ratio": null,
            "inventory_turnover_ratio": null,
            "account_receivable_turnover_ratio": null,
            "reinvestment_rate": null,
            "research_to_sale_ratio": null,
            "price_fair": 0,
            "eps_avg_yearly": 0,
            "eps_latest_yearly": 0,
            "eps_growth_yearly": 0
        },
        "20054": {
            "year_quarter": 20054,
            "year": 2005,
            "quarter": 4,
            "eps": null,
            "eps_growth_year": null,
            "eps_4q": null,
            "eps_4q_growth_year": null,
            "roe": null,
            "roe_4q": 0,
            "gross_profit": null,
            "gross_margin": null,
            "gross_margin_4q_avg": 0,
            "net_income": null,
            "net_income_4q": null,
            "revenue": null,
            "revenue_4q": null,
            "common_shares": 500000,
            "book_valuer_per_share": 8.76,
            "book_valuer_per_share_4q_avg": 2.19,
            "equity": 437887,
            "current_ratio": 112.39,
            "debt_ratio": 48.27,
            "inventory_turnover_ratio": null,
            "account_receivable_turnover_ratio": null,
            "reinvestment_rate": null,
            "research_to_sale_ratio": null,
            "price_fair": 0,
            "eps_avg_yearly": 0,
            "eps_latest_yearly": 0,
            "eps_growth_yearly": 0
        },
        "20061": {
            "year_quarter": 20061,
            "year": 2006,
            "quarter": 1,
            "eps": null,
            "eps_growth_year": null,
            "eps_4q": null,
            "eps_4q_growth_year": null,
            "roe": null,
            "roe_4q": 0,
            "gross_profit": null,
            "gross_margin": null,
            "gross_margin_4q_avg": 0,
            "net_income": null,
            "net_income_4q": null,
            "revenue": null,
            "revenue_4q": null,
            "common_shares": null,
            "book_valuer_per_share": null,
            "book_valuer_per_share_4q_avg": 2.19,
            "equity": null,
            "current_ratio": null,
            "debt_ratio": null,
            "inventory_turnover_ratio": null,
            "account_receivable_turnover_ratio": null,
            "reinvestment_rate": null,
            "research_to_sale_ratio": null,
            "price_fair": 0,
            "eps_avg_yearly": 0,
            "eps_latest_yearly": 0,
            "eps_growth_yearly": 0
        },
        "20062": {
            "year_quarter": 20062,
            "year": 2006,
            "quarter": 2,
            "eps": null,
            "eps_growth_year": null,
            "eps_4q": null,
            "eps_4q_growth_year": null,
            "roe": null,
            "roe_4q": 0,
            "gross_profit": null,
            "gross_margin": null,
            "gross_margin_4q_avg": 0,
            "net_income": null,
            "net_income_4q": null,
            "revenue": null,
            "revenue_4q": null,
            "common_shares": null,
            "book_valuer_per_share": null,
            "book_valuer_per_share_4q_avg": 2.19,
            "equity": null,
            "current_ratio": null,
            "debt_ratio": null,
            "inventory_turnover_ratio": null,
            "account_receivable_turnover_ratio": null,
            "reinvestment_rate": null,
            "research_to_sale_ratio": null,
            "price_fair": 0,
            "eps_avg_yearly": 0,
            "eps_latest_yearly": 0,
            "eps_growth_yearly": 0
        },
        "20063": {
            "year_quarter": 20063,
            "year": 2006,
            "quarter": 3,
            "eps": 1.99,
            "eps_growth_year": null,
            "eps_4q": null,
            "eps_4q_growth_year": null,
            "roe": 17.15,
            "roe_4q": 17.15,
            "gross_profit": 102697,
            "gross_margin": 52.64,
            "gross_margin_4q_avg": 13.16,
            "net_income": 99430,
            "net_income_4q": null,
            "revenue": 195089,
            "revenue_4q": null,
            "common_shares": 500000,
            "book_valuer_per_share": 11.6,
            "book_valuer_per_share_4q_avg": 5.09,
            "equity": 579893,
            "current_ratio": 111.49,
            "debt_ratio": 48.54,
            "inventory_turnover_ratio": 1.38,
            "account_receivable_turnover_ratio": null,
            "reinvestment_rate": null,
            "research_to_sale_ratio": null,
            "price_fair": 0,
            "eps_avg_yearly": 0,
            "eps_latest_yearly": 0,
            "eps_growth_yearly": 0
        },
        "20064": {
            "year_quarter": 20064,
            "year": 2006,
            "quarter": 4,
            "eps": 1.1,
            "eps_growth_year": null,
            "eps_4q": null,
            "eps_4q_growth_year": null,
            "roe": 9.07,
            "roe_4q": 26.22,
            "gross_profit": 89105,
            "gross_margin": 48.17,
            "gross_margin_4q_avg": 25.2,
            "net_income": 55087,
            "net_income_4q": null,
            "revenue": 184973,
            "revenue_4q": null,
            "common_shares": 500000,
            "book_valuer_per_share": 12.7,
            "book_valuer_per_share_4q_avg": 6.08,
            "equity": 634980,
            "current_ratio": 102.8,
            "debt_ratio": 49.48,
            "inventory_turnover_ratio": 1.39,
            "account_receivable_turnover_ratio": null,
            "reinvestment_rate": null,
            "research_to_sale_ratio": null,
            "price_fair": 13.2,
            "eps_avg_yearly": 4.4,
            "eps_latest_yearly": 4.4,
            "eps_growth_yearly": -178.89
        },
        "20071": {
            "year_quarter": 20071,
            "year": 2007,
            "quarter": 1,
            "eps": 0.87,
            "eps_growth_year": null,
            "eps_4q": null,
            "eps_4q_growth_year": null,
            "roe": 8.12,
            "roe_4q": 34.339999999999996,
            "gross_profit": 92945,
            "gross_margin": 48.22,
            "gross_margin_4q_avg": 37.26,
            "net_income": 53739,
            "net_income_4q": null,
            "revenue": 192738,
            "revenue_4q": null,
            "common_shares": 500000,
            "book_valuer_per_share": 13.77,
            "book_valuer_per_share_4q_avg": 9.52,
            "equity": 688719,
            "current_ratio": 110.53,
            "debt_ratio": 54.94,
            "inventory_turnover_ratio": 1.25,
            "account_receivable_turnover_ratio": null,
            "reinvestment_rate": null,
            "research_to_sale_ratio": null,
            "price_fair": 11.82,
            "eps_avg_yearly": 3.94,
            "eps_latest_yearly": 3.48,
            "eps_growth_yearly": -131.27
        },
        "20072": {
            "year_quarter": 20072,
            "year": 2007,
            "quarter": 2,
            "eps": 1.16,
            "eps_growth_year": null,
            "eps_4q": 4.53,
            "eps_4q_growth_year": null,
            "roe": 9.92,
            "roe_4q": 44.26,
            "gross_profit": 121824,
            "gross_margin": 47.23,
            "gross_margin_4q_avg": 49.07,
            "net_income": 71742,
            "net_income_4q": null,
            "revenue": 257918,
            "revenue_4q": null,
            "common_shares": 620500,
            "book_valuer_per_share": 12.22,
            "book_valuer_per_share_4q_avg": 12.57,
            "equity": 758274,
            "current_ratio": 135.77,
            "debt_ratio": 59.59,
            "inventory_turnover_ratio": 1.29,
            "account_receivable_turnover_ratio": null,
            "reinvestment_rate": null,
            "research_to_sale_ratio": null,
            "price_fair": 12.52,
            "eps_avg_yearly": 4.17,
            "eps_latest_yearly": 4.64,
            "eps_growth_yearly": -43.07
        },
        "20073": {
            "year_quarter": 20073,
            "year": 2007,
            "quarter": 3,
            "eps": 1.41,
            "eps_growth_year": -29.15,
            "eps_4q": 4.32,
            "eps_4q_growth_year": null,
            "roe": 10.9,
            "roe_4q": 38.01,
            "gross_profit": 132168,
            "gross_margin": 46.36,
            "gross_margin_4q_avg": 47.5,
            "net_income": 87413,
            "net_income_4q": null,
            "revenue": 285095,
            "revenue_4q": null,
            "common_shares": 620500,
            "book_valuer_per_share": 13.63,
            "book_valuer_per_share_4q_avg": 13.08,
            "equity": 845687,
            "current_ratio": 124.46,
            "debt_ratio": 59.64,
            "inventory_turnover_ratio": 1.08,
            "account_receivable_turnover_ratio": null,
            "reinvestment_rate": null,
            "research_to_sale_ratio": null,
            "price_fair": 13.62,
            "eps_avg_yearly": 4.54,
            "eps_latest_yearly": 5.64,
            "eps_growth_yearly": -10.75
        },
        "20074": {
            "year_quarter": 20074,
            "year": 2007,
            "quarter": 4,
            "eps": 1.44,
            "eps_growth_year": 30.91,
            "eps_4q": 4.85,
            "eps_4q_growth_year": null,
            "roe": 7.86,
            "roe_4q": 36.8,
            "gross_profit": 130803,
            "gross_margin": 42.83,
            "gross_margin_4q_avg": 46.16,
            "net_income": 89944,
            "net_income_4q": null,
            "revenue": 305435,
            "revenue_4q": null,
            "common_shares": 695900,
            "book_valuer_per_share": 20.74,
            "book_valuer_per_share_4q_avg": 15.09,
            "equity": 1443351,
            "current_ratio": 242.49,
            "debt_ratio": 43.38,
            "inventory_turnover_ratio": 1.01,
            "account_receivable_turnover_ratio": null,
            "reinvestment_rate": null,
            "research_to_sale_ratio": null,
            "price_fair": 14.35,
            "eps_avg_yearly": 4.78,
            "eps_latest_yearly": 5.76,
            "eps_growth_yearly": -6.9
        },
        "20081": {
            "year_quarter": 20081,
            "year": 2008,
            "quarter": 1,
            "eps": 1.25,
            "eps_growth_year": 43.68,
            "eps_4q": 4.82,
            "eps_4q_growth_year": null,
            "roe": 5.86,
            "roe_4q": 34.54,
            "gross_profit": 136018,
            "gross_margin": 46.57,
            "gross_margin_4q_avg": 45.75,
            "net_income": 87152,
            "net_income_4q": null,
            "revenue": 292043,
            "revenue_4q": null,
            "common_shares": 695900,
            "book_valuer_per_share": 21.99,
            "book_valuer_per_share_4q_avg": 17.15,
            "equity": 1530503,
            "current_ratio": 200.82,
            "debt_ratio": 42.52,
            "inventory_turnover_ratio": 0.7,
            "account_receivable_turnover_ratio": null,
            "reinvestment_rate": null,
            "research_to_sale_ratio": null,
            "price_fair": 14.46,
            "eps_avg_yearly": 4.82,
            "eps_latest_yearly": 5,
            "eps_growth_yearly": -14.54
        },
        "20082": {
            "year_quarter": 20082,
            "year": 2008,
            "quarter": 2,
            "eps": 1.04,
            "eps_growth_year": -10.34,
            "eps_4q": 3.67,
            "eps_4q_growth_year": -18.97,
            "roe": 6.53,
            "roe_4q": 31.15,
            "gross_profit": 166152,
            "gross_margin": 43.25,
            "gross_margin_4q_avg": 44.75,
            "net_income": 104661,
            "net_income_4q": null,
            "revenue": 384179,
            "revenue_4q": null,
            "common_shares": 695900,
            "book_valuer_per_share": 24.05,
            "book_valuer_per_share_4q_avg": 20.1,
            "equity": 1673369,
            "current_ratio": 336.41,
            "debt_ratio": 40.08,
            "inventory_turnover_ratio": 0.8,
            "account_receivable_turnover_ratio": null,
            "reinvestment_rate": null,
            "research_to_sale_ratio": null,
            "price_fair": 14.18,
            "eps_avg_yearly": 4.73,
            "eps_latest_yearly": 4.16,
            "eps_growth_yearly": -22.07
        },
        "20083": {
            "year_quarter": 20083,
            "year": 2008,
            "quarter": 3,
            "eps": 1.13,
            "eps_growth_year": -19.86,
            "eps_4q": 3.92,
            "eps_4q_growth_year": -9.37,
            "roe": 6.58,
            "roe_4q": 26.83,
            "gross_profit": 168019,
            "gross_margin": 40.81,
            "gross_margin_4q_avg": 43.37,
            "net_income": 114207,
            "net_income_4q": null,
            "revenue": 411668,
            "revenue_4q": null,
            "common_shares": 1010542,
            "book_valuer_per_share": 17.79,
            "book_valuer_per_share_4q_avg": 21.14,
            "equity": 1797550,
            "current_ratio": 258.49,
            "debt_ratio": 41.4,
            "inventory_turnover_ratio": 0.82,
            "account_receivable_turnover_ratio": null,
            "reinvestment_rate": null,
            "research_to_sale_ratio": null,
            "price_fair": 14.1,
            "eps_avg_yearly": 4.7,
            "eps_latest_yearly": 4.52,
            "eps_growth_yearly": -14.98
        },
        "20084": {
            "year_quarter": 20084,
            "year": 2008,
            "quarter": 4,
            "eps": 0.11,
            "eps_growth_year": -92.36,
            "eps_4q": 3.11,
            "eps_4q_growth_year": -35.81,
            "roe": 0.62,
            "roe_4q": 19.59,
            "gross_profit": 74735,
            "gross_margin": 24.74,
            "gross_margin_4q_avg": 38.84,
            "net_income": 11212,
            "net_income_4q": null,
            "revenue": 302072,
            "revenue_4q": null,
            "common_shares": 1010542,
            "book_valuer_per_share": 17.8,
            "book_valuer_per_share_4q_avg": 20.41,
            "equity": 1798662,
            "current_ratio": 289.12,
            "debt_ratio": 46.75,
            "inventory_turnover_ratio": 0.75,
            "account_receivable_turnover_ratio": 0.87,
            "reinvestment_rate": null,
            "research_to_sale_ratio": null,
            "price_fair": 12.68,
            "eps_avg_yearly": 4.23,
            "eps_latest_yearly": 0.44,
            "eps_growth_yearly": -53.43
        },
        "20091": {
            "year_quarter": 20091,
            "year": 2009,
            "quarter": 1,
            "eps": -0.61,
            "eps_growth_year": -148.8,
            "eps_4q": 1.67,
            "eps_4q_growth_year": -65.36,
            "roe": -3.46,
            "roe_4q": 10.27,
            "gross_profit": -10140,
            "gross_margin": -5.7,
            "gross_margin_4q_avg": 25.78,
            "net_income": -61245,
            "net_income_4q": null,
            "revenue": 177906,
            "revenue_4q": null,
            "common_shares": 1010542,
            "book_valuer_per_share": 17.2,
            "book_valuer_per_share_4q_avg": 19.21,
            "equity": 1737985,
            "current_ratio": 278.18,
            "debt_ratio": 48.26,
            "inventory_turnover_ratio": 0.64,
            "account_receivable_turnover_ratio": 0.52,
            "reinvestment_rate": null,
            "research_to_sale_ratio": null,
            "price_fair": 12.68,
            "eps_avg_yearly": 4.23,
            "eps_latest_yearly": 0.44,
            "eps_growth_yearly": -53.43
        },
        "20092": {
            "year_quarter": 20092,
            "year": 2009,
            "quarter": 2,
            "eps": -0.65,
            "eps_growth_year": -162.5,
            "eps_4q": -0.01,
            "eps_4q_growth_year": -100.35,
            "roe": -3.88,
            "roe_4q": -0.13999999999999968,
            "gross_profit": 33714,
            "gross_margin": 11.74,
            "gross_margin_4q_avg": 17.9,
            "net_income": -65516,
            "net_income_4q": null,
            "revenue": 287177,
            "revenue_4q": null,
            "common_shares": 1010542,
            "book_valuer_per_share": 16.2,
            "book_valuer_per_share_4q_avg": 17.25,
            "equity": 1637519,
            "current_ratio": 142.44,
            "debt_ratio": 50.92,
            "inventory_turnover_ratio": 0.81,
            "account_receivable_turnover_ratio": 0.44,
            "reinvestment_rate": null,
            "research_to_sale_ratio": null,
            "price_fair": 12.68,
            "eps_avg_yearly": 4.23,
            "eps_latest_yearly": 0.44,
            "eps_growth_yearly": -53.43
        },
        "20093": {
            "year_quarter": 20093,
            "year": 2009,
            "quarter": 3,
            "eps": -0.81,
            "eps_growth_year": -171.68,
            "eps_4q": -1.74,
            "eps_4q_growth_year": -144.33,
            "roe": -5.92,
            "roe_4q": -12.640000000000002,
            "gross_profit": -4321,
            "gross_margin": -1.56,
            "gross_margin_4q_avg": 7.31,
            "net_income": -97857,
            "net_income_4q": null,
            "revenue": 276454,
            "revenue_4q": null,
            "common_shares": 1228200,
            "book_valuer_per_share": 13.58,
            "book_valuer_per_share_4q_avg": 16.2,
            "equity": 1670452,
            "current_ratio": 169.47,
            "debt_ratio": 50.02,
            "inventory_turnover_ratio": 0.88,
            "account_receivable_turnover_ratio": 0.5,
            "reinvestment_rate": null,
            "research_to_sale_ratio": null,
            "price_fair": 12.68,
            "eps_avg_yearly": 4.23,
            "eps_latest_yearly": 0.44,
            "eps_growth_yearly": -53.43
        },
        "20094": {
            "year_quarter": 20094,
            "year": 2009,
            "quarter": 4,
            "eps": 0.29,
            "eps_growth_year": 163.64,
            "eps_4q": -1.37,
            "eps_4q_growth_year": -143.88,
            "roe": 1.91,
            "roe_4q": -11.35,
            "gross_profit": 114534,
            "gross_margin": 30.86,
            "gross_margin_4q_avg": 8.84,
            "net_income": 36620,
            "net_income_4q": null,
            "revenue": 371139,
            "revenue_4q": null,
            "common_shares": 1379897,
            "book_valuer_per_share": 15.75,
            "book_valuer_per_share_4q_avg": 15.68,
            "equity": 2169477,
            "current_ratio": 193.97,
            "debt_ratio": 43.97,
            "inventory_turnover_ratio": 0.8,
            "account_receivable_turnover_ratio": 1.52,
            "reinvestment_rate": null,
            "research_to_sale_ratio": null,
            "price_fair": 12.68,
            "eps_avg_yearly": 4.23,
            "eps_latest_yearly": 0.44,
            "eps_growth_yearly": -53.43
        },
        "20101": {
            "year_quarter": 20101,
            "year": 2010,
            "quarter": 1,
            "eps": 0.47,
            "eps_growth_year": null,
            "eps_4q": -0.41,
            "eps_4q_growth_year": -124.32,
            "roe": 2.77,
            "roe_4q": -5.12,
            "gross_profit": 128262,
            "gross_margin": 30.51,
            "gross_margin_4q_avg": 17.89,
            "net_income": 63746,
            "net_income_4q": null,
            "revenue": 420348,
            "revenue_4q": null,
            "common_shares": 1379897,
            "book_valuer_per_share": 16.65,
            "book_valuer_per_share_4q_avg": 15.55,
            "equity": 2429739,
            "current_ratio": 135.87,
            "debt_ratio": 47.01,
            "inventory_turnover_ratio": 0.72,
            "account_receivable_turnover_ratio": 0.81,
            "reinvestment_rate": null,
            "research_to_sale_ratio": 7.17,
            "price_fair": 11.98,
            "eps_avg_yearly": 3.99,
            "eps_latest_yearly": 1.88,
            "eps_growth_yearly": -23.26
        },
        "20102": {
            "year_quarter": 20102,
            "year": 2010,
            "quarter": 2,
            "eps": 0.66,
            "eps_growth_year": null,
            "eps_4q": 0.68,
            "eps_4q_growth_year": null,
            "roe": 4.05,
            "roe_4q": 2.8100000000000005,
            "gross_profit": 231347,
            "gross_margin": 35.82,
            "gross_margin_4q_avg": 23.91,
            "net_income": 111495,
            "net_income_4q": null,
            "revenue": 645878,
            "revenue_4q": null,
            "common_shares": 1704831,
            "book_valuer_per_share": 18.08,
            "book_valuer_per_share_4q_avg": 16.02,
            "equity": 3070150,
            "current_ratio": 150.15,
            "debt_ratio": 47.71,
            "inventory_turnover_ratio": 0.79,
            "account_receivable_turnover_ratio": 1,
            "reinvestment_rate": 394.49,
            "research_to_sale_ratio": 5.47,
            "price_fair": 11.61,
            "eps_avg_yearly": 3.87,
            "eps_latest_yearly": 2.64,
            "eps_growth_yearly": -6.45
        },
        "20103": {
            "year_quarter": 20103,
            "year": 2010,
            "quarter": 3,
            "eps": 1.31,
            "eps_growth_year": null,
            "eps_4q": 2.55,
            "eps_4q_growth_year": null,
            "roe": 6.96,
            "roe_4q": 15.69,
            "gross_profit": 367341,
            "gross_margin": 40.06,
            "gross_margin_4q_avg": 34.31,
            "net_income": 222772,
            "net_income_4q": null,
            "revenue": 916953,
            "revenue_4q": null,
            "common_shares": 1713324,
            "book_valuer_per_share": 19.48,
            "book_valuer_per_share_4q_avg": 17.49,
            "equity": 3327651,
            "current_ratio": 110.57,
            "debt_ratio": 57.04,
            "inventory_turnover_ratio": 0.8,
            "account_receivable_turnover_ratio": 1.06,
            "reinvestment_rate": 441.77,
            "research_to_sale_ratio": 5.56,
            "price_fair": 139.42,
            "eps_avg_yearly": 3.98,
            "eps_latest_yearly": 5.24,
            "eps_growth_yearly": 26.92
        },
        "20104": {
            "year_quarter": 20104,
            "year": 2010,
            "quarter": 4,
            "eps": 0.99,
            "eps_growth_year": 241.83,
            "eps_4q": 3.07,
            "eps_4q_growth_year": null,
            "roe": 4.75,
            "roe_4q": 18.53,
            "gross_profit": 363897,
            "gross_margin": 34.81,
            "gross_margin_4q_avg": 35.3,
            "net_income": 188500,
            "net_income_4q": null,
            "revenue": 1045331,
            "revenue_4q": null,
            "common_shares": 1920216,
            "book_valuer_per_share": 22.88,
            "book_valuer_per_share_4q_avg": 19.27,
            "equity": 4613066,
            "current_ratio": 153.18,
            "debt_ratio": 51.07,
            "inventory_turnover_ratio": 0.74,
            "account_receivable_turnover_ratio": 1.06,
            "reinvestment_rate": 490.42,
            "research_to_sale_ratio": 3.95,
            "price_fair": 138.13,
            "eps_avg_yearly": 3.95,
            "eps_latest_yearly": 3.96,
            "eps_growth_yearly": 33.68
        },
        "20111": {
            "year_quarter": 20111,
            "year": 2011,
            "quarter": 1,
            "eps": 0.64,
            "eps_growth_year": 36.17,
            "eps_4q": 3,
            "eps_4q_growth_year": null,
            "roe": 2.29,
            "roe_4q": 18.05,
            "gross_profit": 240429,
            "gross_margin": 23.54,
            "gross_margin_4q_avg": 33.56,
            "net_income": 124332,
            "net_income_4q": null,
            "revenue": 1021473,
            "revenue_4q": null,
            "common_shares": 2130216,
            "book_valuer_per_share": 27.79,
            "book_valuer_per_share_4q_avg": 22.06,
            "equity": 6246138,
            "current_ratio": 235.62,
            "debt_ratio": 44.18,
            "inventory_turnover_ratio": 0.69,
            "account_receivable_turnover_ratio": 0.89,
            "reinvestment_rate": 485.99,
            "research_to_sale_ratio": 1.93,
            "price_fair": 135.45,
            "eps_avg_yearly": 3.87,
            "eps_latest_yearly": 2.56,
            "eps_growth_yearly": 28.87
        },
        "20112": {
            "year_quarter": 20112,
            "year": 2011,
            "quarter": 2,
            "eps": 0.67,
            "eps_growth_year": 1.14,
            "eps_4q": 2.63,
            "eps_4q_growth_year": 287.64,
            "roe": 2.87,
            "roe_4q": 16.87,
            "gross_profit": 343264,
            "gross_margin": 24.46,
            "gross_margin_4q_avg": 30.72,
            "net_income": 183565,
            "net_income_4q": null,
            "revenue": 1403185,
            "revenue_4q": null,
            "common_shares": 2183871,
            "book_valuer_per_share": 28.94,
            "book_valuer_per_share_4q_avg": 24.77,
            "equity": 6557150,
            "current_ratio": 199.1,
            "debt_ratio": 44.8,
            "inventory_turnover_ratio": 0.87,
            "account_receivable_turnover_ratio": 1,
            "reinvestment_rate": 480.06,
            "research_to_sale_ratio": 2.33,
            "price_fair": 108.68,
            "eps_avg_yearly": 3.71,
            "eps_latest_yearly": 2.68,
            "eps_growth_yearly": 19.32
        },
        "20113": {
            "year_quarter": 20113,
            "year": 2011,
            "quarter": 3,
            "eps": 0.46,
            "eps_growth_year": -64.99,
            "eps_4q": 2.33,
            "eps_4q_growth_year": -8.82,
            "roe": 2.12,
            "roe_4q": 12.030000000000001,
            "gross_profit": 182577,
            "gross_margin": 13.2,
            "gross_margin_4q_avg": 24,
            "net_income": 138748,
            "net_income_4q": null,
            "revenue": 1383590,
            "revenue_4q": null,
            "common_shares": 2684842,
            "book_valuer_per_share": 23.72,
            "book_valuer_per_share_4q_avg": 25.83,
            "equity": 6561315,
            "current_ratio": 288.32,
            "debt_ratio": 46.17,
            "inventory_turnover_ratio": 1.06,
            "account_receivable_turnover_ratio": 0.78,
            "reinvestment_rate": 491.16,
            "research_to_sale_ratio": 3.13,
            "price_fair": 39.62,
            "eps_avg_yearly": 3.39,
            "eps_latest_yearly": 1.84,
            "eps_growth_yearly": 1.69
        },
        "20114": {
            "year_quarter": 20114,
            "year": 2011,
            "quarter": 4,
            "eps": -0.51,
            "eps_growth_year": -151.27,
            "eps_4q": 1.16,
            "eps_4q_growth_year": -62.16,
            "roe": -2.35,
            "roe_4q": 4.93,
            "gross_profit": 12585,
            "gross_margin": 1.36,
            "gross_margin_4q_avg": 15.64,
            "net_income": -150072,
            "net_income_4q": null,
            "revenue": 925391,
            "revenue_4q": null,
            "common_shares": 2729615,
            "book_valuer_per_share": 22.84,
            "book_valuer_per_share_4q_avg": 25.82,
            "equity": 6194085,
            "current_ratio": 273.77,
            "debt_ratio": 49.59,
            "inventory_turnover_ratio": 0.91,
            "account_receivable_turnover_ratio": 0.53,
            "reinvestment_rate": 560.71,
            "research_to_sale_ratio": 3.16,
            "price_fair": 35.14,
            "eps_avg_yearly": 3.17,
            "eps_latest_yearly": 1.84,
            "eps_growth_yearly": 1.07
        },
        "20121": {
            "year_quarter": 20121,
            "year": 2012,
            "quarter": 1,
            "eps": -0.93,
            "eps_growth_year": -245.31,
            "eps_4q": -0.26,
            "eps_4q_growth_year": -108.56,
            "roe": -3.98,
            "roe_4q": -1.3399999999999999,
            "gross_profit": -63544,
            "gross_margin": -9.45,
            "gross_margin_4q_avg": 7.39,
            "net_income": -243926,
            "net_income_4q": null,
            "revenue": 672499,
            "revenue_4q": null,
            "common_shares": 2739705,
            "book_valuer_per_share": 21.92,
            "book_valuer_per_share_4q_avg": 24.36,
            "equity": 6070555,
            "current_ratio": 173.22,
            "debt_ratio": 52.79,
            "inventory_turnover_ratio": 0.71,
            "account_receivable_turnover_ratio": 0.5,
            "reinvestment_rate": 873.02,
            "research_to_sale_ratio": 6.36,
            "price_fair": 49.23,
            "eps_avg_yearly": 2.99,
            "eps_latest_yearly": 1.84,
            "eps_growth_yearly": 6.45
        },
        "20122": {
            "year_quarter": 20122,
            "year": 2012,
            "quarter": 2,
            "eps": -0.48,
            "eps_growth_year": -171.9,
            "eps_4q": -1.39,
            "eps_4q_growth_year": -152.7,
            "roe": -2.23,
            "roe_4q": -6.44,
            "gross_profit": 3800,
            "gross_margin": 0.37,
            "gross_margin_4q_avg": 1.37,
            "net_income": -134503,
            "net_income_4q": null,
            "revenue": 1018038,
            "revenue_4q": null,
            "common_shares": 2739705,
            "book_valuer_per_share": 21.46,
            "book_valuer_per_share_4q_avg": 22.49,
            "equity": 5972026,
            "current_ratio": 188.67,
            "debt_ratio": 51.92,
            "inventory_turnover_ratio": 0.89,
            "account_receivable_turnover_ratio": 0.76,
            "reinvestment_rate": 1364.22,
            "research_to_sale_ratio": 4.9,
            "price_fair": 70.51,
            "eps_avg_yearly": 2.86,
            "eps_latest_yearly": 1.84,
            "eps_growth_yearly": 14.64
        },
        "20123": {
            "year_quarter": 20123,
            "year": 2012,
            "quarter": 3,
            "eps": -0.15,
            "eps_growth_year": -133.06,
            "eps_4q": -1.98,
            "eps_4q_growth_year": -184.93,
            "roe": -0.7,
            "roe_4q": -9.26,
            "gross_profit": 150134,
            "gross_margin": 15.22,
            "gross_margin_4q_avg": 1.88,
            "net_income": -42583,
            "net_income_4q": null,
            "revenue": 986389,
            "revenue_4q": null,
            "common_shares": 2910767,
            "book_valuer_per_share": 20.09,
            "book_valuer_per_share_4q_avg": 21.58,
            "equity": 6142323,
            "current_ratio": 170.06,
            "debt_ratio": 53.71,
            "inventory_turnover_ratio": 0.7,
            "account_receivable_turnover_ratio": 0.71,
            "reinvestment_rate": 2176.45,
            "research_to_sale_ratio": 5.66,
            "price_fair": 58.78,
            "eps_avg_yearly": 2.66,
            "eps_latest_yearly": 1.84,
            "eps_growth_yearly": 12.14
        },
        "20124": {
            "year_quarter": 20124,
            "year": 2012,
            "quarter": 4,
            "eps": -1.08,
            "eps_growth_year": null,
            "eps_4q": -2.6,
            "eps_4q_growth_year": -323.48,
            "roe": -4.95,
            "roe_4q": -11.860000000000001,
            "gross_profit": 11110,
            "gross_margin": 1.17,
            "gross_margin_4q_avg": 1.83,
            "net_income": -294636,
            "net_income_4q": null,
            "revenue": 947941,
            "revenue_4q": null,
            "common_shares": 2911667,
            "book_valuer_per_share": 19.01,
            "book_valuer_per_share_4q_avg": 20.62,
            "equity": 5772045,
            "current_ratio": 162.56,
            "debt_ratio": 53.14,
            "inventory_turnover_ratio": 0.76,
            "account_receivable_turnover_ratio": 0.73,
            "reinvestment_rate": null,
            "research_to_sale_ratio": 8.14,
            "price_fair": 104,
            "eps_avg_yearly": 2.97,
            "eps_latest_yearly": 1.84,
            "eps_growth_yearly": 65.45
        },
        "20131": {
            "year_quarter": 20131,
            "year": 2013,
            "quarter": 1,
            "eps": -0.57,
            "eps_growth_year": null,
            "eps_4q": -2.29,
            "eps_4q_growth_year": null,
            "roe": -2.79,
            "roe_4q": -10.67,
            "gross_profit": -7471,
            "gross_margin": -0.93,
            "gross_margin_4q_avg": 3.96,
            "net_income": -158947,
            "net_income_4q": null,
            "revenue": 800708,
            "revenue_4q": null,
            "common_shares": 2911715,
            "book_valuer_per_share": 18.43,
            "book_valuer_per_share_4q_avg": 19.75,
            "equity": 5626261,
            "current_ratio": 127.51,
            "debt_ratio": 54.19,
            "inventory_turnover_ratio": 0.63,
            "account_receivable_turnover_ratio": 0.73,
            "reinvestment_rate": null,
            "research_to_sale_ratio": 7.93,
            "price_fair": 104,
            "eps_avg_yearly": 2.97,
            "eps_latest_yearly": 1.84,
            "eps_growth_yearly": 65.45
        },
        "20132": {
            "year_quarter": 20132,
            "year": 2013,
            "quarter": 2,
            "eps": -0.71,
            "eps_growth_year": null,
            "eps_4q": -2.51,
            "eps_4q_growth_year": null,
            "roe": -3.46,
            "roe_4q": -11.899999999999999,
            "gross_profit": -35497,
            "gross_margin": -3.63,
            "gross_margin_4q_avg": 2.96,
            "net_income": -192072,
            "net_income_4q": null,
            "revenue": 976860,
            "revenue_4q": null,
            "common_shares": 2911715,
            "book_valuer_per_share": 17.77,
            "book_valuer_per_share_4q_avg": 18.83,
            "equity": 5485400,
            "current_ratio": 128.98,
            "debt_ratio": 54.92,
            "inventory_turnover_ratio": 0.77,
            "account_receivable_turnover_ratio": 1.03,
            "reinvestment_rate": null,
            "research_to_sale_ratio": 6.4,
            "price_fair": 104,
            "eps_avg_yearly": 2.97,
            "eps_latest_yearly": 1.84,
            "eps_growth_yearly": 65.45
        },
        "20133": {
            "year_quarter": 20133,
            "year": 2013,
            "quarter": 3,
            "eps": -0.42,
            "eps_growth_year": null,
            "eps_4q": -2.77,
            "eps_4q_growth_year": null,
            "roe": -2.17,
            "roe_4q": -13.370000000000001,
            "gross_profit": 29749,
            "gross_margin": 2.73,
            "gross_margin_4q_avg": -0.17,
            "net_income": -117669,
            "net_income_4q": null,
            "revenue": 1088662,
            "revenue_4q": null,
            "common_shares": 2911715,
            "book_valuer_per_share": 17.33,
            "book_valuer_per_share_4q_avg": 18.14,
            "equity": 5360741,
            "current_ratio": 106.31,
            "debt_ratio": 54.96,
            "inventory_turnover_ratio": 0.83,
            "account_receivable_turnover_ratio": 1.06,
            "reinvestment_rate": null,
            "research_to_sale_ratio": 6.2,
            "price_fair": 104,
            "eps_avg_yearly": 2.97,
            "eps_latest_yearly": 1.84,
            "eps_growth_yearly": 65.45
        },
        "20134": {
            "year_quarter": 20134,
            "year": 2013,
            "quarter": 4,
            "eps": 0.06,
            "eps_growth_year": null,
            "eps_4q": -1.63,
            "eps_4q_growth_year": null,
            "roe": -0.63,
            "roe_4q": -9.05,
            "gross_profit": 208915,
            "gross_margin": 19.98,
            "gross_margin_4q_avg": 4.54,
            "net_income": -33666,
            "net_income_4q": null,
            "revenue": 1045714,
            "revenue_4q": null,
            "common_shares": 2911985,
            "book_valuer_per_share": 17.43,
            "book_valuer_per_share_4q_avg": 17.74,
            "equity": 5344075,
            "current_ratio": 120.67,
            "debt_ratio": 53.48,
            "inventory_turnover_ratio": 0.68,
            "account_receivable_turnover_ratio": 1.02,
            "reinvestment_rate": null,
            "research_to_sale_ratio": 9.26,
            "price_fair": 104,
            "eps_avg_yearly": 2.97,
            "eps_latest_yearly": 1.84,
            "eps_growth_yearly": 65.45
        },
        "20141": {
            "year_quarter": 20141,
            "year": 2014,
            "quarter": 1,
            "eps": 0.15,
            "eps_growth_year": null,
            "eps_4q": -0.79,
            "eps_4q_growth_year": null,
            "roe": 0.42,
            "roe_4q": -5.84,
            "gross_profit": 142668,
            "gross_margin": 13.11,
            "gross_margin_4q_avg": 8.05,
            "net_income": 23923,
            "net_income_4q": null,
            "revenue": 1088029,
            "revenue_4q": null,
            "common_shares": 3311985,
            "book_valuer_per_share": 17.2,
            "book_valuer_per_share_4q_avg": 17.43,
            "equity": 5948171,
            "current_ratio": 127.11,
            "debt_ratio": 48.03,
            "inventory_turnover_ratio": 0.79,
            "account_receivable_turnover_ratio": 1,
            "reinvestment_rate": null,
            "research_to_sale_ratio": 4.43,
            "price_fair": 97.6,
            "eps_avg_yearly": 2.79,
            "eps_latest_yearly": 0.6,
            "eps_growth_yearly": 115.7
        },
        "20142": {
            "year_quarter": 20142,
            "year": 2014,
            "quarter": 2,
            "eps": 0.19,
            "eps_growth_year": null,
            "eps_4q": 0.02,
            "eps_4q_growth_year": null,
            "roe": 0.94,
            "roe_4q": -1.44,
            "gross_profit": 204538,
            "gross_margin": 16.92,
            "gross_margin_4q_avg": 13.19,
            "net_income": 56301,
            "net_income_4q": null,
            "revenue": 1208915,
            "revenue_4q": null,
            "common_shares": 3311985,
            "book_valuer_per_share": 17.38,
            "book_valuer_per_share_4q_avg": 17.34,
            "equity": 5989303,
            "current_ratio": 139.22,
            "debt_ratio": 47.21,
            "inventory_turnover_ratio": 0.89,
            "account_receivable_turnover_ratio": 0.93,
            "reinvestment_rate": null,
            "research_to_sale_ratio": 4.75,
            "price_fair": 88.2,
            "eps_avg_yearly": 2.52,
            "eps_latest_yearly": 0.76,
            "eps_growth_yearly": 107.84
        },
        "20143": {
            "year_quarter": 20143,
            "year": 2014,
            "quarter": 3,
            "eps": 0.18,
            "eps_growth_year": null,
            "eps_4q": 0.52,
            "eps_4q_growth_year": null,
            "roe": 0.85,
            "roe_4q": 1.58,
            "gross_profit": 203838,
            "gross_margin": 20.96,
            "gross_margin_4q_avg": 17.74,
            "net_income": 52817,
            "net_income_4q": null,
            "revenue": 972519,
            "revenue_4q": null,
            "common_shares": 3551945,
            "book_valuer_per_share": 17.46,
            "book_valuer_per_share_4q_avg": 17.37,
            "equity": 6445320,
            "current_ratio": 157.56,
            "debt_ratio": 42.45,
            "inventory_turnover_ratio": 0.65,
            "account_receivable_turnover_ratio": 0.7,
            "reinvestment_rate": null,
            "research_to_sale_ratio": 3.86,
            "price_fair": 65.6,
            "eps_avg_yearly": 1.87,
            "eps_latest_yearly": 0.72,
            "eps_growth_yearly": 48.55
        },
        "20144": {
            "year_quarter": 20144,
            "year": 2014,
            "quarter": 4,
            "eps": -0.12,
            "eps_growth_year": -291.67,
            "eps_4q": 0.35,
            "eps_4q_growth_year": null,
            "roe": -0.9,
            "roe_4q": 1.3099999999999998,
            "gross_profit": 65523,
            "gross_margin": 8.32,
            "gross_margin_4q_avg": 14.83,
            "net_income": -58140,
            "net_income_4q": null,
            "revenue": 787435,
            "revenue_4q": null,
            "common_shares": 3427625,
            "book_valuer_per_share": 17.4,
            "book_valuer_per_share_4q_avg": 17.36,
            "equity": 6423166,
            "current_ratio": 152.67,
            "debt_ratio": 43.87,
            "inventory_turnover_ratio": 0.52,
            "account_receivable_turnover_ratio": 0.6,
            "reinvestment_rate": null,
            "research_to_sale_ratio": 5.55,
            "price_fair": 53.43,
            "eps_avg_yearly": 1.53,
            "eps_latest_yearly": 0.72,
            "eps_growth_yearly": 72.93
        },
        "20151": {
            "year_quarter": 20151,
            "year": 2015,
            "quarter": 1,
            "eps": -0.59,
            "eps_growth_year": -493.33,
            "eps_4q": -0.36,
            "eps_4q_growth_year": null,
            "roe": -3.49,
            "roe_4q": -2.6000000000000005,
            "gross_profit": -65365,
            "gross_margin": -8.33,
            "gross_margin_4q_avg": 9.47,
            "net_income": -220436,
            "net_income_4q": null,
            "revenue": 784435,
            "revenue_4q": null,
            "common_shares": 3425255,
            "book_valuer_per_share": 16.84,
            "book_valuer_per_share_4q_avg": 17.27,
            "equity": 6199293,
            "current_ratio": 123.47,
            "debt_ratio": 43.09,
            "inventory_turnover_ratio": 0.56,
            "account_receivable_turnover_ratio": 0.67,
            "reinvestment_rate": null,
            "research_to_sale_ratio": 4.15,
            "price_fair": 46.2,
            "eps_avg_yearly": 1.32,
            "eps_latest_yearly": 0.72,
            "eps_growth_yearly": 115.8
        },
        "20152": {
            "year_quarter": 20152,
            "year": 2015,
            "quarter": 2,
            "eps": -0.92,
            "eps_growth_year": -584.21,
            "eps_4q": -1.46,
            "eps_4q_growth_year": -8379.37,
            "roe": -5.35,
            "roe_4q": -8.89,
            "gross_profit": -154441,
            "gross_margin": -19.07,
            "gross_margin_4q_avg": 0.47,
            "net_income": -320613,
            "net_income_4q": null,
            "revenue": 809941,
            "revenue_4q": null,
            "common_shares": 3425255,
            "book_valuer_per_share": 16,
            "book_valuer_per_share_4q_avg": 16.93,
            "equity": 5796361,
            "current_ratio": 192.15,
            "debt_ratio": 44.15,
            "inventory_turnover_ratio": 0.67,
            "account_receivable_turnover_ratio": 0.72,
            "reinvestment_rate": null,
            "research_to_sale_ratio": 4.58,
            "price_fair": 34.3,
            "eps_avg_yearly": 0.98,
            "eps_latest_yearly": 0.72,
            "eps_growth_yearly": 140.06
        },
        "20153": {
            "year_quarter": 20153,
            "year": 2015,
            "quarter": 3,
            "eps": -1.26,
            "eps_growth_year": -800,
            "eps_4q": -3.03,
            "eps_4q_growth_year": -678.85,
            "roe": -7.56,
            "roe_4q": -17.299999999999997,
            "gross_profit": -309059,
            "gross_margin": -61.91,
            "gross_margin_4q_avg": -20.25,
            "net_income": -416263,
            "net_income_4q": null,
            "revenue": 499193,
            "revenue_4q": null,
            "common_shares": 3422604,
            "book_valuer_per_share": 15.3,
            "book_valuer_per_share_4q_avg": 16.39,
            "equity": 5220277,
            "current_ratio": 181.03,
            "debt_ratio": 46.62,
            "inventory_turnover_ratio": 0.61,
            "account_receivable_turnover_ratio": 0.48,
            "reinvestment_rate": null,
            "research_to_sale_ratio": 7.63,
            "price_fair": 24.27,
            "eps_avg_yearly": 0.69,
            "eps_latest_yearly": 0.72,
            "eps_growth_yearly": 228.54
        },
        "20154": {
            "year_quarter": 20154,
            "year": 2015,
            "quarter": 4,
            "eps": -3.1,
            "eps_growth_year": null,
            "eps_4q": -6.02,
            "eps_4q_growth_year": -1824.36,
            "roe": -20.63,
            "roe_4q": -37.03,
            "gross_profit": -606513,
            "gross_margin": -129.79,
            "gross_margin_4q_avg": -54.78,
            "net_income": -973519,
            "net_income_4q": null,
            "revenue": 467316,
            "revenue_4q": null,
            "common_shares": 3180677,
            "book_valuer_per_share": 12.27,
            "book_valuer_per_share_4q_avg": 15.1,
            "equity": 4219538,
            "current_ratio": 136.77,
            "debt_ratio": 50.9,
            "inventory_turnover_ratio": 1.01,
            "account_receivable_turnover_ratio": 0.55,
            "reinvestment_rate": null,
            "research_to_sale_ratio": 9.1,
            "price_fair": 24.27,
            "eps_avg_yearly": 0.69,
            "eps_latest_yearly": 0.72,
            "eps_growth_yearly": 228.54
        },
        "20161": {
            "year_quarter": 20161,
            "year": 2016,
            "quarter": 1,
            "eps": -1.2,
            "eps_growth_year": null,
            "eps_4q": -6.52,
            "eps_4q_growth_year": null,
            "roe": -9.36,
            "roe_4q": -42.9,
            "gross_profit": -312012,
            "gross_margin": -88.86,
            "gross_margin_4q_avg": -74.91,
            "net_income": -377768,
            "net_income_4q": null,
            "revenue": 351124,
            "revenue_4q": null,
            "common_shares": 3180446,
            "book_valuer_per_share": 11.04,
            "book_valuer_per_share_4q_avg": 13.65,
            "equity": 3855670,
            "current_ratio": 143.63,
            "debt_ratio": 51.38,
            "inventory_turnover_ratio": 0.82,
            "account_receivable_turnover_ratio": 0.58,
            "reinvestment_rate": null,
            "research_to_sale_ratio": 9.34,
            "price_fair": 24.27,
            "eps_avg_yearly": 0.69,
            "eps_latest_yearly": 0.72,
            "eps_growth_yearly": 228.54
        },
        "20162": {
            "year_quarter": 20162,
            "year": 2016,
            "quarter": 2,
            "eps": -1.37,
            "eps_growth_year": null,
            "eps_4q": -6.9,
            "eps_4q_growth_year": null,
            "roe": -11.76,
            "roe_4q": -49.31,
            "gross_profit": -304332,
            "gross_margin": -87.47,
            "gross_margin_4q_avg": -92.01,
            "net_income": -426886,
            "net_income_4q": null,
            "revenue": 347917,
            "revenue_4q": null,
            "common_shares": 3179781,
            "book_valuer_per_share": 9.68,
            "book_valuer_per_share_4q_avg": 12.07,
            "equity": 3406370,
            "current_ratio": 163.19,
            "debt_ratio": 52.03,
            "inventory_turnover_ratio": 0.92,
            "account_receivable_turnover_ratio": 0.81,
            "reinvestment_rate": null,
            "research_to_sale_ratio": 8.75,
            "price_fair": 24.27,
            "eps_avg_yearly": 0.69,
            "eps_latest_yearly": 0.72,
            "eps_growth_yearly": 228.54
        },
        "20163": {
            "year_quarter": 20163,
            "year": 2016,
            "quarter": 3,
            "eps": -1.18,
            "eps_growth_year": null,
            "eps_4q": -6.79,
            "eps_4q_growth_year": null,
            "roe": -11.39,
            "roe_4q": -53.14,
            "gross_profit": -230490,
            "gross_margin": -62.72,
            "gross_margin_4q_avg": -92.21,
            "net_income": -365846,
            "net_income_4q": null,
            "revenue": 367489,
            "revenue_4q": null,
            "common_shares": 3174661,
            "book_valuer_per_share": 8.48,
            "book_valuer_per_share_4q_avg": 10.37,
            "equity": 3018560,
            "current_ratio": 140.58,
            "debt_ratio": 54.42,
            "inventory_turnover_ratio": 0.99,
            "account_receivable_turnover_ratio": 0.92,
            "reinvestment_rate": null,
            "research_to_sale_ratio": 7.23,
            "price_fair": 24.27,
            "eps_avg_yearly": 0.69,
            "eps_latest_yearly": 0.72,
            "eps_growth_yearly": 228.54
        },
        "20164": {
            "year_quarter": 20164,
            "year": 2016,
            "quarter": 4,
            "eps": -3.07,
            "eps_growth_year": null,
            "eps_4q": -6.78,
            "eps_4q_growth_year": null,
            "roe": -39.82,
            "roe_4q": -72.33,
            "gross_profit": -311324,
            "gross_margin": -135.31,
            "gross_margin_4q_avg": -93.59,
            "net_income": -1001504,
            "net_income_4q": null,
            "revenue": 230076,
            "revenue_4q": null,
            "common_shares": 3173506,
            "book_valuer_per_share": 5.41,
            "book_valuer_per_share_4q_avg": 8.65,
            "equity": 2011401,
            "current_ratio": 102.31,
            "debt_ratio": 64.54,
            "inventory_turnover_ratio": 1.06,
            "account_receivable_turnover_ratio": 0.59,
            "reinvestment_rate": null,
            "research_to_sale_ratio": 11.82,
            "price_fair": 24.27,
            "eps_avg_yearly": 0.69,
            "eps_latest_yearly": 0.72,
            "eps_growth_yearly": 228.54
        },
        "20171": {
            "year_quarter": 20171,
            "year": 2017,
            "quarter": 1,
            "eps": -0.75,
            "eps_growth_year": null,
            "eps_4q": -6.36,
            "eps_4q_growth_year": null,
            "roe": -12.49,
            "roe_4q": -75.46000000000001,
            "gross_profit": -145442,
            "gross_margin": -53.57,
            "gross_margin_4q_avg": -84.77,
            "net_income": -233987,
            "net_income_4q": null,
            "revenue": 271506,
            "revenue_4q": null,
            "common_shares": 3164020,
            "book_valuer_per_share": 4.6,
            "book_valuer_per_share_4q_avg": 7.04,
            "equity": 1735170,
            "current_ratio": 157.65,
            "debt_ratio": 66.91,
            "inventory_turnover_ratio": 0.96,
            "account_receivable_turnover_ratio": 0.81,
            "reinvestment_rate": null,
            "research_to_sale_ratio": 9.86,
            "price_fair": 24.27,
            "eps_avg_yearly": 0.69,
            "eps_latest_yearly": 0.72,
            "eps_growth_yearly": 228.54
        },
        "20172": {
            "year_quarter": 20172,
            "year": 2017,
            "quarter": 2,
            "eps": -0.48,
            "eps_growth_year": null,
            "eps_4q": -5.5,
            "eps_4q_growth_year": null,
            "roe": -9.11,
            "roe_4q": -72.81,
            "gross_profit": -79277,
            "gross_margin": -24.07,
            "gross_margin_4q_avg": -68.92,
            "net_income": -151689,
            "net_income_4q": null,
            "revenue": 329384,
            "revenue_4q": null,
            "common_shares": 3152212,
            "book_valuer_per_share": 4.15,
            "book_valuer_per_share_4q_avg": 5.66,
            "equity": 1595721,
            "current_ratio": 154.36,
            "debt_ratio": 68.92,
            "inventory_turnover_ratio": 0.99,
            "account_receivable_turnover_ratio": 1.06,
            "reinvestment_rate": null,
            "research_to_sale_ratio": 7.35,
            "price_fair": 24.27,
            "eps_avg_yearly": 0.69,
            "eps_latest_yearly": 0.72,
            "eps_growth_yearly": 228.54
        },
        "20173": {
            "year_quarter": 20173,
            "year": 2017,
            "quarter": 3,
            "eps": -0.39,
            "eps_growth_year": null,
            "eps_4q": -4.72,
            "eps_4q_growth_year": null,
            "roe": -7.18,
            "roe_4q": -68.6,
            "gross_profit": -49817,
            "gross_margin": -15.22,
            "gross_margin_4q_avg": -57.04,
            "net_income": -110959,
            "net_income_4q": null,
            "revenue": 327409,
            "revenue_4q": null,
            "common_shares": 3152212,
            "book_valuer_per_share": 3.77,
            "book_valuer_per_share_4q_avg": 4.48,
            "equity": 1493856,
            "current_ratio": 149.04,
            "debt_ratio": 68.06,
            "inventory_turnover_ratio": 0.87,
            "account_receivable_turnover_ratio": 1.01,
            "reinvestment_rate": null,
            "research_to_sale_ratio": 8.44,
            "price_fair": 24.27,
            "eps_avg_yearly": 0.69,
            "eps_latest_yearly": 0.72,
            "eps_growth_yearly": 228.54
        },
        "20174": {
            "year_quarter": 20174,
            "year": 2017,
            "quarter": 4,
            "eps": -0.38,
            "eps_growth_year": null,
            "eps_4q": -2.01,
            "eps_4q_growth_year": null,
            "roe": -8.81,
            "roe_4q": -37.59,
            "gross_profit": -116046,
            "gross_margin": -39.06,
            "gross_margin_4q_avg": -32.98,
            "net_income": -126060,
            "net_income_4q": null,
            "revenue": 297072,
            "revenue_4q": null,
            "common_shares": 3152212,
            "book_valuer_per_share": 3.39,
            "book_valuer_per_share_4q_avg": 3.98,
            "equity": 1367972,
            "current_ratio": 135.89,
            "debt_ratio": 70.29,
            "inventory_turnover_ratio": 1.02,
            "account_receivable_turnover_ratio": 1.02,
            "reinvestment_rate": null,
            "research_to_sale_ratio": 10.34,
            "price_fair": 24.27,
            "eps_avg_yearly": 0.69,
            "eps_latest_yearly": 0.72,
            "eps_growth_yearly": 228.54
        },
        "20181": {
            "year_quarter": 20181,
            "year": 2018,
            "quarter": 1,
            "eps": -0.21,
            "eps_growth_year": null,
            "eps_4q": -1.46,
            "eps_4q_growth_year": null,
            "roe": -5.49,
            "roe_4q": -30.59,
            "gross_profit": -33311,
            "gross_margin": -13.41,
            "gross_margin_4q_avg": -22.94,
            "net_income": -64624,
            "net_income_4q": null,
            "revenue": 248452,
            "revenue_4q": null,
            "common_shares": 3152212,
            "book_valuer_per_share": 3.2,
            "book_valuer_per_share_4q_avg": 3.63,
            "equity": 984222,
            "current_ratio": 160.67,
            "debt_ratio": 75.33,
            "inventory_turnover_ratio": 0.81,
            "account_receivable_turnover_ratio": 1.01,
            "reinvestment_rate": null,
            "research_to_sale_ratio": 10.2,
            "price_fair": 25.9,
            "eps_avg_yearly": 0.74,
            "eps_latest_yearly": 0.72,
            "eps_growth_yearly": 42.81
        },
        "20182": {
            "year_quarter": 20182,
            "year": 2018,
            "quarter": 2,
            "eps": -0.19,
            "eps_growth_year": null,
            "eps_4q": -1.17,
            "eps_4q_growth_year": null,
            "roe": -6.18,
            "roe_4q": -27.66,
            "gross_profit": 5452,
            "gross_margin": 1.86,
            "gross_margin_4q_avg": -16.46,
            "net_income": -58980,
            "net_income_4q": null,
            "revenue": 292695,
            "revenue_4q": null,
            "common_shares": 3152212,
            "book_valuer_per_share": 3,
            "book_valuer_per_share_4q_avg": 3.34,
            "equity": 924083,
            "current_ratio": 151.42,
            "debt_ratio": 76.5,
            "inventory_turnover_ratio": 0.86,
            "account_receivable_turnover_ratio": 1.16,
            "reinvestment_rate": null,
            "research_to_sale_ratio": 8.43,
            "price_fair": 2.16,
            "eps_avg_yearly": 0.72,
            "eps_latest_yearly": 0.72,
            "eps_growth_yearly": -21.05
        },
        "20183": {
            "year_quarter": 20183,
            "year": 2018,
            "quarter": 3,
            "eps": -0.31,
            "eps_growth_year": null,
            "eps_4q": -1.08,
            "eps_4q_growth_year": null,
            "roe": -10.76,
            "roe_4q": -31.240000000000002,
            "gross_profit": -27514,
            "gross_margin": -13.67,
            "gross_margin_4q_avg": -16.07,
            "net_income": -93865,
            "net_income_4q": null,
            "revenue": 201331,
            "revenue_4q": null,
            "common_shares": 3102212,
            "book_valuer_per_share": 2.67,
            "book_valuer_per_share_4q_avg": 3.07,
            "equity": 820213,
            "current_ratio": 102.19,
            "debt_ratio": 78.38,
            "inventory_turnover_ratio": 0.69,
            "account_receivable_turnover_ratio": 0.83,
            "reinvestment_rate": null,
            "research_to_sale_ratio": 11.82,
            "price_fair": 0,
            "eps_avg_yearly": 0,
            "eps_latest_yearly": 0,
            "eps_growth_yearly": 0
        },
        "20184": {
            "year_quarter": 20184,
            "year": 2018,
            "quarter": 4,
            "eps": -0.41,
            "eps_growth_year": null,
            "eps_4q": -1.11,
            "eps_4q_growth_year": null,
            "roe": -16.2,
            "roe_4q": -38.63,
            "gross_profit": -101760,
            "gross_margin": -63.92,
            "gross_margin_4q_avg": -22.29,
            "net_income": -125135,
            "net_income_4q": null,
            "revenue": 159196,
            "revenue_4q": null,
            "common_shares": 3076823,
            "book_valuer_per_share": 2.36,
            "book_valuer_per_share_4q_avg": 2.81,
            "equity": 724697,
            "current_ratio": 225.47,
            "debt_ratio": 80.24,
            "inventory_turnover_ratio": 0.82,
            "account_receivable_turnover_ratio": 0.81,
            "reinvestment_rate": null,
            "research_to_sale_ratio": 15.86,
            "price_fair": 0,
            "eps_avg_yearly": 0,
            "eps_latest_yearly": 0,
            "eps_growth_yearly": 0
        },
        "20191": {
            "year_quarter": 20191,
            "year": 2019,
            "quarter": 1,
            "eps": -0.25,
            "eps_growth_year": null,
            "eps_4q": -1.15,
            "eps_4q_growth_year": null,
            "roe": -11.09,
            "roe_4q": -44.23,
            "gross_profit": -31250,
            "gross_margin": -19.43,
            "gross_margin_4q_avg": -23.79,
            "net_income": -76236,
            "net_income_4q": null,
            "revenue": 160838,
            "revenue_4q": null,
            "common_shares": 3076823,
            "book_valuer_per_share": 2.11,
            "book_valuer_per_share_4q_avg": 2.54,
            "equity": 649567,
            "current_ratio": 213.19,
            "debt_ratio": 82.32,
            "inventory_turnover_ratio": 0.64,
            "account_receivable_turnover_ratio": 0.98,
            "reinvestment_rate": null,
            "research_to_sale_ratio": 9.92,
            "price_fair": 0,
            "eps_avg_yearly": 0,
            "eps_latest_yearly": 0,
            "eps_growth_yearly": 0
        },
        "20192": {
            "year_quarter": 20192,
            "year": 2019,
            "quarter": 2,
            "eps": -0.26,
            "eps_growth_year": null,
            "eps_4q": -1.22,
            "eps_4q_growth_year": null,
            "roe": -13.12,
            "roe_4q": -51.169999999999995,
            "gross_profit": -37258,
            "gross_margin": -22.08,
            "gross_margin_4q_avg": -29.78,
            "net_income": -80118,
            "net_income_4q": null,
            "revenue": 168773,
            "revenue_4q": null,
            "common_shares": 3076823,
            "book_valuer_per_share": 1.86,
            "book_valuer_per_share_4q_avg": 2.25,
            "equity": 571974,
            "current_ratio": 187.76,
            "debt_ratio": 83.34,
            "inventory_turnover_ratio": 0.72,
            "account_receivable_turnover_ratio": 1.05,
            "reinvestment_rate": null,
            "research_to_sale_ratio": 10.25,
            "price_fair": 0,
            "eps_avg_yearly": 0,
            "eps_latest_yearly": 0,
            "eps_growth_yearly": 0
        },
        "20193": {
            "year_quarter": 20193,
            "year": 2019,
            "quarter": 3,
            "eps": -0.99,
            "eps_growth_year": null,
            "eps_4q": -5.01,
            "eps_4q_growth_year": null,
            "roe": -12.92,
            "roe_4q": -53.33,
            "gross_profit": -18621,
            "gross_margin": -9.21,
            "gross_margin_4q_avg": -28.66,
            "net_income": -69400,
            "net_income_4q": null,
            "revenue": 202213,
            "revenue_4q": null,
            "common_shares": 700000,
            "book_valuer_per_share": 7.18,
            "book_valuer_per_share_4q_avg": 3.38,
            "equity": 502364,
            "current_ratio": 103.19,
            "debt_ratio": 85.05,
            "inventory_turnover_ratio": 0.78,
            "account_receivable_turnover_ratio": 1.12,
            "reinvestment_rate": null,
            "research_to_sale_ratio": 8.95,
            "price_fair": 0,
            "eps_avg_yearly": 0,
            "eps_latest_yearly": 0,
            "eps_growth_yearly": 0
        },
        "20194": {
            "year_quarter": 20194,
            "year": 2019,
            "quarter": 4,
            "eps": -0.08,
            "eps_growth_year": null,
            "eps_4q": -3.3,
            "eps_4q_growth_year": null,
            "roe": -1.09,
            "roe_4q": -38.22,
            "gross_profit": -3017,
            "gross_margin": -1.42,
            "gross_margin_4q_avg": -13.04,
            "net_income": -5369,
            "net_income_4q": null,
            "revenue": 212645,
            "revenue_4q": null,
            "common_shares": 700000,
            "book_valuer_per_share": 6.95,
            "book_valuer_per_share_4q_avg": 4.53,
            "equity": 486562,
            "current_ratio": 176.61,
            "debt_ratio": 85.4,
            "inventory_turnover_ratio": 0.77,
            "account_receivable_turnover_ratio": 1.18,
            "reinvestment_rate": null,
            "research_to_sale_ratio": 8.22,
            "price_fair": 0,
            "eps_avg_yearly": 0,
            "eps_latest_yearly": 0,
            "eps_growth_yearly": 0
        },
        "20201": {
            "year_quarter": 20201,
            "year": 2020,
            "quarter": 1,
            "eps": -0.99,
            "eps_growth_year": null,
            "eps_4q": -3.2,
            "eps_4q_growth_year": null,
            "roe": -15.25,
            "roe_4q": -42.379999999999995,
            "gross_profit": -24027,
            "gross_margin": -17.42,
            "gross_margin_4q_avg": -12.53,
            "net_income": -69109,
            "net_income_4q": null,
            "revenue": 137904,
            "revenue_4q": null,
            "common_shares": 700000,
            "book_valuer_per_share": 6,
            "book_valuer_per_share_4q_avg": 5.5,
            "equity": 420023,
            "current_ratio": 175.48,
            "debt_ratio": 87.06,
            "inventory_turnover_ratio": 0.59,
            "account_receivable_turnover_ratio": 0.85,
            "reinvestment_rate": null,
            "research_to_sale_ratio": 11.84,
            "price_fair": 0,
            "eps_avg_yearly": 0,
            "eps_latest_yearly": 0,
            "eps_growth_yearly": 0
        },
        "20202": {
            "year_quarter": 20202,
            "year": 2020,
            "quarter": 2,
            "eps": -1.27,
            "eps_growth_year": null,
            "eps_4q": -3.32,
            "eps_4q_growth_year": null,
            "roe": -23.83,
            "roe_4q": -53.09,
            "gross_profit": -45885,
            "gross_margin": -33.28,
            "gross_margin_4q_avg": -15.33,
            "net_income": -88784,
            "net_income_4q": null,
            "revenue": 137872,
            "revenue_4q": null,
            "common_shares": 700000,
            "book_valuer_per_share": 4.64,
            "book_valuer_per_share_4q_avg": 6.19,
            "equity": 325086,
            "current_ratio": 148.06,
            "debt_ratio": 89.64,
            "inventory_turnover_ratio": 0.7,
            "account_receivable_turnover_ratio": 0.86,
            "reinvestment_rate": null,
            "research_to_sale_ratio": 10.81,
            "price_fair": 0,
            "eps_avg_yearly": 0,
            "eps_latest_yearly": 0,
            "eps_growth_yearly": 0
        },
        "20203": {
            "year_quarter": 20203,
            "year": 2020,
            "quarter": 3,
            "eps": -1.47,
            "eps_growth_year": null,
            "eps_4q": -3.8,
            "eps_4q_growth_year": null,
            "roe": -37.86,
            "roe_4q": -78.03,
            "gross_profit": -36755,
            "gross_margin": -26.12,
            "gross_margin_4q_avg": -19.56,
            "net_income": -102622,
            "net_income_4q": null,
            "revenue": 140711,
            "revenue_4q": null,
            "common_shares": 700000,
            "book_valuer_per_share": 3.1,
            "book_valuer_per_share_4q_avg": 5.17,
            "equity": 217063,
            "current_ratio": 89.23,
            "debt_ratio": 92.76,
            "inventory_turnover_ratio": 0.74,
            "account_receivable_turnover_ratio": 0.94,
            "reinvestment_rate": null,
            "research_to_sale_ratio": 10.86,
            "price_fair": 0,
            "eps_avg_yearly": 0,
            "eps_latest_yearly": 0,
            "eps_growth_yearly": 0
        },
        "20204": {
            "year_quarter": 20204,
            "year": 2020,
            "quarter": 4,
            "eps": -0.35,
            "eps_growth_year": null,
            "eps_4q": -4.07,
            "eps_4q_growth_year": null,
            "roe": -11.67,
            "roe_4q": -88.61,
            "gross_profit": -8179,
            "gross_margin": -6.06,
            "gross_margin_4q_avg": -20.72,
            "net_income": -24375,
            "net_income_4q": null,
            "revenue": 135014,
            "revenue_4q": null,
            "common_shares": 700000,
            "book_valuer_per_share": 2.87,
            "book_valuer_per_share_4q_avg": 4.15,
            "equity": 200592,
            "current_ratio": 163.2,
            "debt_ratio": 93.26,
            "inventory_turnover_ratio": 0.62,
            "account_receivable_turnover_ratio": 0.9,
            "reinvestment_rate": null,
            "research_to_sale_ratio": 11.43,
            "price_fair": 0,
            "eps_avg_yearly": 0,
            "eps_latest_yearly": 0,
            "eps_growth_yearly": 0
        },
        "20211": {
            "year_quarter": 20211,
            "year": 2021,
            "quarter": 1,
            "eps": -0.28,
            "eps_growth_year": null,
            "eps_4q": -3.36,
            "eps_4q_growth_year": null,
            "roe": -10.26,
            "roe_4q": -83.62,
            "gross_profit": -19284,
            "gross_margin": -13.62,
            "gross_margin_4q_avg": -19.77,
            "net_income": -19585,
            "net_income_4q": null,
            "revenue": 141536,
            "revenue_4q": null,
            "common_shares": 700000,
            "book_valuer_per_share": 2.59,
            "book_valuer_per_share_4q_avg": 3.3,
            "equity": 181048,
            "current_ratio": 188.6,
            "debt_ratio": 93.66,
            "inventory_turnover_ratio": 0.67,
            "account_receivable_turnover_ratio": 0.92,
            "reinvestment_rate": null,
            "research_to_sale_ratio": 9.24,
            "price_fair": 0,
            "eps_avg_yearly": 0,
            "eps_latest_yearly": 0,
            "eps_growth_yearly": 0
        },
        "20212": {
            "year_quarter": 20212,
            "year": 2021,
            "quarter": 2,
            "eps": -1,
            "eps_growth_year": null,
            "eps_4q": -3.09,
            "eps_4q_growth_year": null,
            "roe": -48.04,
            "roe_4q": -107.83,
            "gross_profit": -23324,
            "gross_margin": -16.52,
            "gross_margin_4q_avg": -15.58,
            "net_income": -70036,
            "net_income_4q": null,
            "revenue": 141151,
            "revenue_4q": null,
            "common_shares": 700000,
            "book_valuer_per_share": 1.58,
            "book_valuer_per_share_4q_avg": 2.54,
            "equity": 110510,
            "current_ratio": 156.34,
            "debt_ratio": 96.02,
            "inventory_turnover_ratio": 0.68,
            "account_receivable_turnover_ratio": 0.9,
            "reinvestment_rate": null,
            "research_to_sale_ratio": 9.81,
            "price_fair": 0,
            "eps_avg_yearly": 0,
            "eps_latest_yearly": 0,
            "eps_growth_yearly": 0
        },
        "20213": {
            "year_quarter": 20213,
            "year": 2021,
            "quarter": 3,
            "eps": -0.62,
            "eps_growth_year": null,
            "eps_4q": -2.25,
            "eps_4q_growth_year": null,
            "roe": -48.88,
            "roe_4q": -118.85000000000001,
            "gross_profit": -18779,
            "gross_margin": -14.3,
            "gross_margin_4q_avg": -12.63,
            "net_income": -43409,
            "net_income_4q": null,
            "revenue": 131363,
            "revenue_4q": null,
            "common_shares": 700000,
            "book_valuer_per_share": 0.96,
            "book_valuer_per_share_4q_avg": 2,
            "equity": 67093,
            "current_ratio": 158.46,
            "debt_ratio": 97.53,
            "inventory_turnover_ratio": 0.61,
            "account_receivable_turnover_ratio": 0.82,
            "reinvestment_rate": null,
            "research_to_sale_ratio": 10.77,
            "price_fair": 0,
            "eps_avg_yearly": 0,
            "eps_latest_yearly": 0,
            "eps_growth_yearly": 0
        },
        "20214": {
            "year_quarter": 20214,
            "year": 2021,
            "quarter": 4,
            "eps": 0.42,
            "eps_growth_year": null,
            "eps_4q": -1.48,
            "eps_4q_growth_year": null,
            "roe": 35.8,
            "roe_4q": -71.38000000000001,
            "gross_profit": -27487,
            "gross_margin": -29.1,
            "gross_margin_4q_avg": -18.39,
            "net_income": 29342,
            "net_income_4q": null,
            "revenue": 94441,
            "revenue_4q": null,
            "common_shares": 700000,
            "book_valuer_per_share": 1.38,
            "book_valuer_per_share_4q_avg": 1.63,
            "equity": 96821,
            "current_ratio": 185.66,
            "debt_ratio": 96.44,
            "inventory_turnover_ratio": 0.49,
            "account_receivable_turnover_ratio": 0.69,
            "reinvestment_rate": null,
            "research_to_sale_ratio": 10.77,
            "price_fair": 0,
            "eps_avg_yearly": 0,
            "eps_latest_yearly": 0,
            "eps_growth_yearly": 0
        },
        "20221": {
            "year_quarter": 20221,
            "year": 2022,
            "quarter": 1,
            "eps": -0.95,
            "eps_growth_year": null,
            "eps_4q": -2.16,
            "eps_4q_growth_year": null,
            "roe": -103.55,
            "roe_4q": -164.67,
            "gross_profit": -26427,
            "gross_margin": -24.2,
            "gross_margin_4q_avg": -21.03,
            "net_income": -66784,
            "net_income_4q": null,
            "revenue": 109224,
            "revenue_4q": null,
            "common_shares": 700000,
            "book_valuer_per_share": 0.46,
            "book_valuer_per_share_4q_avg": 1.1,
            "equity": 32165,
            "current_ratio": 183.52,
            "debt_ratio": 98.78,
            "inventory_turnover_ratio": 0.53,
            "account_receivable_turnover_ratio": 0.94,
            "reinvestment_rate": null,
            "research_to_sale_ratio": 10.6,
            "price_fair": 0,
            "eps_avg_yearly": 0,
            "eps_latest_yearly": 0,
            "eps_growth_yearly": 0
        },
        "20222": {
            "year_quarter": 20222,
            "year": 2022,
            "quarter": 2,
            "eps": -1.67,
            "eps_growth_year": null,
            "eps_4q": -2.7,
            "eps_4q_growth_year": null,
            "roe": 899.79,
            "roe_4q": 783.16,
            "gross_profit": -57644,
            "gross_margin": -61.93,
            "gross_margin_4q_avg": -32.38,
            "net_income": -121395,
            "net_income_4q": null,
            "revenue": 93086,
            "revenue_4q": null,
            "common_shares": 750000,
            "book_valuer_per_share": -0.79,
            "book_valuer_per_share_4q_avg": 0.5,
            "equity": -59148,
            "current_ratio": 149.69,
            "debt_ratio": 102.34,
            "inventory_turnover_ratio": 0.61,
            "account_receivable_turnover_ratio": 0.85,
            "reinvestment_rate": null,
            "research_to_sale_ratio": 13.82,
            "price_fair": 0,
            "eps_avg_yearly": 0,
            "eps_latest_yearly": 0,
            "eps_growth_yearly": 0
        }
    },
    "months": {
        "2007-01": {
            "month": "2007-01",
            "price": "53.74",
            "revenue": 62163
        },
        "2007-02": {
            "month": "2007-02",
            "price": "50.42",
            "revenue": 62650
        },
        "2007-03": {
            "month": "2007-03",
            "price": "57.55",
            "revenue": 71279
        },
        "2007-04": {
            "month": "2007-04",
            "price": "71.51",
            "revenue": 81431
        },
        "2007-05": {
            "month": "2007-05",
            "price": "75.66",
            "revenue": 86464
        },
        "2007-06": {
            "month": "2007-06",
            "price": "103.22",
            "revenue": 90582
        },
        "2007-07": {
            "month": "2007-07",
            "price": "112.07",
            "revenue": 92391
        },
        "2007-08": {
            "month": "2007-08",
            "price": "116.37",
            "revenue": 95624
        },
        "2007-09": {
            "month": "2007-09",
            "price": "111.95",
            "revenue": 97080
        },
        "2007-10": {
            "month": "2007-10",
            "price": "100.50",
            "revenue": 105739
        },
        "2007-11": {
            "month": "2007-11",
            "price": "95.38",
            "revenue": 108460
        },
        "2007-12": {
            "month": "2007-12",
            "price": "92.58",
            "revenue": 91236
        },
        "2008-01": {
            "month": "2008-01",
            "price": "78.75",
            "revenue": 88227
        },
        "2008-02": {
            "month": "2008-02",
            "price": "72.63",
            "revenue": 83331
        },
        "2008-03": {
            "month": "2008-03",
            "price": "81.99",
            "revenue": 120486
        },
        "2008-04": {
            "month": "2008-04",
            "price": "91.42",
            "revenue": 123110
        },
        "2008-05": {
            "month": "2008-05",
            "price": "107.96",
            "revenue": 127358
        },
        "2008-06": {
            "month": "2008-06",
            "price": "102.41",
            "revenue": 133710
        },
        "2008-07": {
            "month": "2008-07",
            "price": "77.45",
            "revenue": 135066
        },
        "2008-08": {
            "month": "2008-08",
            "price": "76.01",
            "revenue": 137121
        },
        "2008-09": {
            "month": "2008-09",
            "price": "60.54",
            "revenue": 139480
        },
        "2008-10": {
            "month": "2008-10",
            "price": "48.99",
            "revenue": 140535
        },
        "2008-11": {
            "month": "2008-11",
            "price": "40.65",
            "revenue": 100273
        },
        "2008-12": {
            "month": "2008-12",
            "price": "35.19",
            "revenue": 61265
        },
        "2009-01": {
            "month": "2009-01",
            "price": "34.71",
            "revenue": 35561
        },
        "2009-02": {
            "month": "2009-02",
            "price": "39.82",
            "revenue": 60444
        },
        "2009-03": {
            "month": "2009-03",
            "price": "46.84",
            "revenue": 85715
        },
        "2009-04": {
            "month": "2009-04",
            "price": "46.01",
            "revenue": 90120
        },
        "2009-05": {
            "month": "2009-05",
            "price": "48.48",
            "revenue": 97543
        },
        "2009-06": {
            "month": "2009-06",
            "price": "49.26",
            "revenue": 98514
        },
        "2009-07": {
            "month": "2009-07",
            "price": "50.54",
            "revenue": 101813
        },
        "2009-08": {
            "month": "2009-08",
            "price": "43.80",
            "revenue": 79247
        },
        "2009-09": {
            "month": "2009-09",
            "price": "37.57",
            "revenue": 92081
        },
        "2009-10": {
            "month": "2009-10",
            "price": "37.43",
            "revenue": 94691
        },
        "2009-11": {
            "month": "2009-11",
            "price": "35.83",
            "revenue": 120114
        },
        "2009-12": {
            "month": "2009-12",
            "price": "41.38",
            "revenue": 130130
        },
        "2010-01": {
            "month": "2010-01",
            "price": "44.82",
            "revenue": 145874
        },
        "2010-02": {
            "month": "2010-02",
            "price": "40.95",
            "revenue": 130779
        },
        "2010-03": {
            "month": "2010-03",
            "price": "47.56",
            "revenue": 160194
        },
        "2010-04": {
            "month": "2010-04",
            "price": "49.66",
            "revenue": 200528
        },
        "2010-05": {
            "month": "2010-05",
            "price": "46.84",
            "revenue": 210623
        },
        "2010-06": {
            "month": "2010-06",
            "price": "41.83",
            "revenue": 240247
        },
        "2010-07": {
            "month": "2010-07",
            "price": "42.44",
            "revenue": 281120
        },
        "2010-08": {
            "month": "2010-08",
            "price": "43.62",
            "revenue": 302456
        },
        "2010-09": {
            "month": "2010-09",
            "price": "47.53",
            "revenue": 314522
        },
        "2010-10": {
            "month": "2010-10",
            "price": "52.03",
            "revenue": 331816
        },
        "2010-11": {
            "month": "2010-11",
            "price": "49.93",
            "revenue": 340707
        },
        "2010-12": {
            "month": "2010-12",
            "price": "51.21",
            "revenue": 342501
        },
        "2011-01": {
            "month": "2011-01",
            "price": "69.70",
            "revenue": 343662
        },
        "2011-02": {
            "month": "2011-02",
            "price": "84.44",
            "revenue": 302270
        },
        "2011-03": {
            "month": "2011-03",
            "price": "91.06",
            "revenue": 391716
        },
        "2011-04": {
            "month": "2011-04",
            "price": "98.62",
            "revenue": 412247
        },
        "2011-05": {
            "month": "2011-05",
            "price": "90.22",
            "revenue": 443811
        },
        "2011-06": {
            "month": "2011-06",
            "price": "86.54",
            "revenue": 461965
        },
        "2011-07": {
            "month": "2011-07",
            "price": "83.57",
            "revenue": 463499
        },
        "2011-08": {
            "month": "2011-08",
            "price": "55.18",
            "revenue": 401662
        },
        "2011-09": {
            "month": "2011-09",
            "price": "45.28",
            "revenue": 350189
        },
        "2011-10": {
            "month": "2011-10",
            "price": "43.14",
            "revenue": 370344
        },
        "2011-11": {
            "month": "2011-11",
            "price": "44.72",
            "revenue": 325339
        },
        "2011-12": {
            "month": "2011-12",
            "price": "37.42",
            "revenue": 224018
        },
        "2012-01": {
            "month": "2012-01",
            "price": "36.25",
            "revenue": 183318
        },
        "2012-02": {
            "month": "2012-02",
            "price": "44.97",
            "revenue": 230839
        },
        "2012-03": {
            "month": "2012-03",
            "price": "44.95",
            "revenue": 271303
        },
        "2012-04": {
            "month": "2012-04",
            "price": "39.78",
            "revenue": 310083
        },
        "2012-05": {
            "month": "2012-05",
            "price": "32.80",
            "revenue": 329908
        },
        "2012-06": {
            "month": "2012-06",
            "price": "28.26",
            "revenue": 303910
        },
        "2012-07": {
            "month": "2012-07",
            "price": "26.31",
            "revenue": 321579
        },
        "2012-08": {
            "month": "2012-08",
            "price": "24.08",
            "revenue": 323456
        },
        "2012-09": {
            "month": "2012-09",
            "price": "25.45",
            "revenue": 352274
        },
        "2012-10": {
            "month": "2012-10",
            "price": "23.28",
            "revenue": 342177
        },
        "2012-11": {
            "month": "2012-11",
            "price": "19.60",
            "revenue": 320172
        },
        "2012-12": {
            "month": "2012-12",
            "price": "20.06",
            "revenue": 240748
        },
        "2013-01": {
            "month": "2013-01",
            "price": "22.72",
            "revenue": 272260
        },
        "2013-02": {
            "month": "2013-02",
            "price": "22.00",
            "revenue": 244395
        },
        "2013-03": {
            "month": "2013-03",
            "price": "22.58",
            "revenue": 282541
        },
        "2013-04": {
            "month": "2013-04",
            "price": "20.46",
            "revenue": 303824
        },
        "2013-05": {
            "month": "2013-05",
            "price": "20.77",
            "revenue": 355635
        },
        "2013-06": {
            "month": "2013-06",
            "price": "20.34",
            "revenue": 318181
        },
        "2013-07": {
            "month": "2013-07",
            "price": "18.25",
            "revenue": 368987
        },
        "2013-08": {
            "month": "2013-08",
            "price": "17.39",
            "revenue": 366323
        },
        "2013-09": {
            "month": "2013-09",
            "price": "17.00",
            "revenue": 356036
        },
        "2013-10": {
            "month": "2013-10",
            "price": "17.33",
            "revenue": 374948
        },
        "2013-11": {
            "month": "2013-11",
            "price": "14.65",
            "revenue": 387141
        },
        "2013-12": {
            "month": "2013-12",
            "price": "15.36",
            "revenue": 290924
        },
        "2014-01": {
            "month": "2014-01",
            "price": "16.71",
            "revenue": 376479
        },
        "2014-02": {
            "month": "2014-02",
            "price": "16.23",
            "revenue": 333956
        },
        "2014-03": {
            "month": "2014-03",
            "price": "22.73",
            "revenue": 378771
        },
        "2014-04": {
            "month": "2014-04",
            "price": "22.76",
            "revenue": 386742
        },
        "2014-05": {
            "month": "2014-05",
            "price": "20.33",
            "revenue": 421712
        },
        "2014-06": {
            "month": "2014-06",
            "price": "22.60",
            "revenue": 397154
        },
        "2014-07": {
            "month": "2014-07",
            "price": "23.03",
            "revenue": 382748
        },
        "2014-08": {
            "month": "2014-08",
            "price": "20.60",
            "revenue": 331723
        },
        "2014-09": {
            "month": "2014-09",
            "price": "18.42",
            "revenue": 258519
        },
        "2014-10": {
            "month": "2014-10",
            "price": "15.70",
            "revenue": 268216
        },
        "2014-11": {
            "month": "2014-11",
            "price": "15.00",
            "revenue": 255231
        },
        "2014-12": {
            "month": "2014-12",
            "price": "16.28",
            "revenue": 254028
        },
        "2015-01": {
            "month": "2015-01",
            "price": "16.15",
            "revenue": 274585
        },
        "2015-02": {
            "month": "2015-02",
            "price": "15.44",
            "revenue": 242578
        },
        "2015-03": {
            "month": "2015-03",
            "price": "15.79",
            "revenue": 267444
        },
        "2015-04": {
            "month": "2015-04",
            "price": "14.83",
            "revenue": 311242
        },
        "2015-05": {
            "month": "2015-05",
            "price": "13.59",
            "revenue": 309053
        },
        "2015-06": {
            "month": "2015-06",
            "price": "10.90",
            "revenue": 189784
        },
        "2015-07": {
            "month": "2015-07",
            "price": "10.30",
            "revenue": 190749
        },
        "2015-08": {
            "month": "2015-08",
            "price": "8.20",
            "revenue": 171563
        },
        "2015-09": {
            "month": "2015-09",
            "price": "7.92",
            "revenue": 164816
        },
        "2015-10": {
            "month": "2015-10",
            "price": "8.62",
            "revenue": 167033
        },
        "2015-11": {
            "month": "2015-11",
            "price": "8.37",
            "revenue": 157669
        },
        "2015-12": {
            "month": "2015-12",
            "price": "8.41",
            "revenue": 102011
        },
        "2016-01": {
            "month": "2016-01",
            "price": "7.84",
            "revenue": 126736
        },
        "2016-02": {
            "month": "2016-02",
            "price": "7.49",
            "revenue": 89966
        },
        "2016-03": {
            "month": "2016-03",
            "price": "7.20",
            "revenue": 134231
        },
        "2016-04": {
            "month": "2016-04",
            "price": "6.38",
            "revenue": 115020
        },
        "2016-05": {
            "month": "2016-05",
            "price": "4.31",
            "revenue": 125333
        },
        "2016-06": {
            "month": "2016-06",
            "price": "4.65",
            "revenue": 106855
        },
        "2016-07": {
            "month": "2016-07",
            "price": "5.23",
            "revenue": 124881
        },
        "2016-08": {
            "month": "2016-08",
            "price": "4.77",
            "revenue": 124398
        },
        "2016-09": {
            "month": "2016-09",
            "price": "4.99",
            "revenue": 118298
        },
        "2016-10": {
            "month": "2016-10",
            "price": "4.78",
            "revenue": 81103
        },
        "2016-11": {
            "month": "2016-11",
            "price": "3.53",
            "revenue": 75369
        },
        "2016-12": {
            "month": "2016-12",
            "price": "2.56",
            "revenue": 72431
        },
        "2017-01": {
            "month": "2017-01",
            "price": "2.62",
            "revenue": 86458
        },
        "2017-02": {
            "month": "2017-02",
            "price": "3.48",
            "revenue": 77789
        },
        "2017-03": {
            "month": "2017-03",
            "price": "3.38",
            "revenue": 107316
        },
        "2017-04": {
            "month": "2017-04",
            "price": "4.01",
            "revenue": 119706
        },
        "2017-05": {
            "month": "2017-05",
            "price": "3.39",
            "revenue": 111867
        },
        "2017-06": {
            "month": "2017-06",
            "price": "3.01",
            "revenue": 97736
        },
        "2017-07": {
            "month": "2017-07",
            "price": "2.78",
            "revenue": 103396
        },
        "2017-08": {
            "month": "2017-08",
            "price": "2.55",
            "revenue": 111065
        },
        "2017-09": {
            "month": "2017-09",
            "price": "2.72",
            "revenue": 112909
        },
        "2017-10": {
            "month": "2017-10",
            "price": "2.66",
            "revenue": 112285
        },
        "2017-11": {
            "month": "2017-11",
            "price": "3.05",
            "revenue": 104046
        },
        "2017-12": {
            "month": "2017-12",
            "price": "3.73",
            "revenue": 80365
        },
        "2018-01": {
            "month": "2018-01",
            "price": "3.42",
            "revenue": 96292
        },
        "2018-02": {
            "month": "2018-02",
            "price": "3.66",
            "revenue": 70076
        },
        "2018-03": {
            "month": "2018-03",
            "price": "3.61",
            "revenue": 82084
        },
        "2018-04": {
            "month": "2018-04",
            "price": "3.19",
            "revenue": 95351
        },
        "2018-05": {
            "month": "2018-05",
            "price": "3.08",
            "revenue": 101644
        },
        "2018-06": {
            "month": "2018-06",
            "price": "3.42",
            "revenue": 95699
        },
        "2018-07": {
            "month": "2018-07",
            "price": "3.05",
            "revenue": 80148
        },
        "2018-08": {
            "month": "2018-08",
            "price": "2.84",
            "revenue": 67175
        },
        "2018-09": {
            "month": "2018-09",
            "price": "2.53",
            "revenue": 54008
        },
        "2018-10": {
            "month": "2018-10",
            "price": "2.22",
            "revenue": 60278
        },
        "2018-11": {
            "month": "2018-11",
            "price": "2.03",
            "revenue": 53099
        },
        "2018-12": {
            "month": "2018-12",
            "price": "1.81",
            "revenue": 45819
        },
        "2019-01": {
            "month": "2019-01",
            "price": "1.72",
            "revenue": 51187
        },
        "2019-02": {
            "month": "2019-02",
            "price": "1.83",
            "revenue": 50261
        },
        "2019-03": {
            "month": "2019-03",
            "price": "1.37",
            "revenue": 59389
        },
        "2019-04": {
            "month": "2019-04",
            "price": "1.17",
            "revenue": 57653
        },
        "2019-05": {
            "month": "2019-05",
            "price": "1.08",
            "revenue": 55820
        },
        "2019-06": {
            "month": "2019-06",
            "price": "1.03",
            "revenue": 55300
        },
        "2019-07": {
            "month": "2019-07",
            "price": "0.93",
            "revenue": 64157
        },
        "2019-08": {
            "month": "2019-08",
            "price": "1.00",
            "revenue": 67582
        },
        "2019-09": {
            "month": "2019-09",
            "price": "1.03",
            "revenue": 70474
        },
        "2019-10": {
            "month": "2019-10",
            "price": "1.08",
            "revenue": 71853
        },
        "2019-11": {
            "month": "2019-11",
            "price": "4.17",
            "revenue": 75329
        },
        "2019-12": {
            "month": "2019-12",
            "price": "4.22",
            "revenue": 65464
        },
        "2020-01": {
            "month": "2020-01",
            "price": "5.00",
            "revenue": 56647
        },
        "2020-02": {
            "month": "2020-02",
            "price": "5.59",
            "revenue": 33194
        },
        "2020-03": {
            "month": "2020-03",
            "price": "4.61",
            "revenue": 48062
        },
        "2020-04": {
            "month": "2020-04",
            "price": "4.55",
            "revenue": 51198
        },
        "2020-05": {
            "month": "2020-05",
            "price": "4.46",
            "revenue": 46509
        },
        "2020-06": {
            "month": "2020-06",
            "price": "4.16",
            "revenue": 40165
        },
        "2020-07": {
            "month": "2020-07",
            "price": "4.18",
            "revenue": 38295
        },
        "2020-08": {
            "month": "2020-08",
            "price": "3.61",
            "revenue": 50136
        },
        "2020-09": {
            "month": "2020-09",
            "price": "4.20",
            "revenue": 52280
        },
        "2020-10": {
            "month": "2020-10",
            "price": "4.50",
            "revenue": 40113
        },
        "2020-11": {
            "month": "2020-11",
            "price": "3.82",
            "revenue": 48116
        },
        "2020-12": {
            "month": "2020-12",
            "price": "3.73",
            "revenue": 46785
        },
        "2021-01": {
            "month": "2021-01",
            "price": "3.84",
            "revenue": 50348
        },
        "2021-02": {
            "month": "2021-02",
            "price": "3.59",
            "revenue": 40357
        },
        "2021-03": {
            "month": "2021-03",
            "price": "4.63",
            "revenue": 50831
        },
        "2021-04": {
            "month": "2021-04",
            "price": "5.14",
            "revenue": 50927
        },
        "2021-05": {
            "month": "2021-05",
            "price": "4.78",
            "revenue": 45048
        },
        "2021-06": {
            "month": "2021-06",
            "price": "4.57",
            "revenue": 45175
        },
        "2021-07": {
            "month": "2021-07",
            "price": "5.58",
            "revenue": 47465
        },
        "2021-08": {
            "month": "2021-08",
            "price": "5.00",
            "revenue": 42612
        },
        "2021-09": {
            "month": "2021-09",
            "price": "4.41",
            "revenue": 41287
        },
        "2021-10": {
            "month": "2021-10",
            "price": "4.19",
            "revenue": 33332
        },
        "2021-11": {
            "month": "2021-11",
            "price": "4.14",
            "revenue": 32839
        },
        "2021-12": {
            "month": "2021-12",
            "price": "4.78",
            "revenue": 28270
        },
        "2022-01": {
            "month": "2022-01",
            "price": "7.93",
            "revenue": 37044
        },
        "2022-02": {
            "month": "2022-02",
            "price": "6.54",
            "revenue": 34175
        },
        "2022-03": {
            "month": "2022-03",
            "price": "7.46",
            "revenue": 38006
        },
        "2022-04": {
            "month": "2022-04",
            "price": "6.97",
            "revenue": 34199
        },
        "2022-05": {
            "month": "2022-05",
            "price": "6.35",
            "revenue": 31591
        },
        "2022-06": {
            "month": "2022-06",
            "price": "7.05",
            "revenue": 27296
        },
        "2022-07": {
            "month": "2022-07",
            "price": "6.20",
            "revenue": 27411
        },
        "2022-08": {
            "month": "2022-08",
            "price": "4.52",
            "revenue": 29107
        }
    }
}
