{
    "summary": {
        "stock_name": "崇越電",
        "stock_id": "3388",
        "category": "電子零組件",
        "main_business": "代理銷售特用化學材料、特殊設備及一般貿易業",
        "website_url": "http://www.topcocorp.com",
        "ceo": "執行長張勝和",
        "pe_ratio": 15,
        "report_year_from": 2004,
        "report_year_to": 2023,
        "age": 19,
        "eps_negative_percentage": 0,
        "eps_growth_avg": {
            "last_all": 1.05,
            "last_2y": 11.21,
            "last_4y": 6.97,
            "last_8y": 4.51,
            "last_12y": 2.88,
            "last_16y": 1.05,
            "last_20y": null,
            "at_2006_last_3y": null,
            "at_2007_last_3y": null,
            "at_2008_last_3y": null,
            "at_2009_last_3y": -4.9,
            "at_2010_last_3y": 0.74,
            "at_2011_last_3y": -6.82,
            "at_2012_last_3y": 0.85,
            "at_2013_last_3y": -0.78,
            "at_2014_last_3y": -10.41,
            "at_2015_last_3y": -7.94,
            "at_2016_last_3y": -4,
            "at_2017_last_3y": 1.43,
            "at_2018_last_3y": 11.08,
            "at_2019_last_3y": 5.47,
            "at_2020_last_3y": 6.54,
            "at_2021_last_3y": 14.1,
            "at_2022_last_3y": 0.59,
            "at_2023_last_3y": 0.59,
            "at_2006_last_all": null,
            "at_2007_last_all": 10.68,
            "at_2008_last_all": -8.28,
            "at_2009_last_all": -4.9,
            "at_2010_last_all": 2.57,
            "at_2011_last_all": -0.98,
            "at_2012_last_all": -3.06,
            "at_2013_last_all": -2.84,
            "at_2014_last_all": -3.2,
            "at_2015_last_all": -3.77,
            "at_2016_last_all": -3.4,
            "at_2017_last_all": -1.42,
            "at_2018_last_all": 1.19,
            "at_2019_last_all": -1.13,
            "at_2020_last_all": -0.75,
            "at_2021_last_all": 2.46,
            "at_2022_last_all": 1.05,
            "at_2023_last_all": 1.05
        },
        "latest_eps": 4.81,
        "latest_price": 74,
        "latest_roe": 7.98,
        "latest_gross_margin": 15.51,
        "latest_equity": 4390355,
        "latest_revenue": 1722671,
        "latest_gross_profit": 267161,
        "latest_net_income": 53354,
        "latest_debt_ratio": 32.25,
        "latest_current_ratio": 419.97,
        "latest_account_receivable_turnover_ratio": 0.98,
        "latest_inventory_turnover_ratio": 1.53,
        "latest_reinvestment_rate": 13.75,
        "latest_research_to_sale_ratio": null
    },
    "eps_dividends": {
        "2001": {
            "cash": 0,
            "stock": 0,
            "eps": 0
        },
        "2002": {
            "cash": 0,
            "stock": 0,
            "eps": 0
        },
        "2003": {
            "cash": 0,
            "stock": 0,
            "eps": 0
        },
        "2004": {
            "cash": 3,
            "stock": 0,
            "eps": 0
        },
        "2005": {
            "cash": 4,
            "stock": 0,
            "eps": 8.71
        },
        "2006": {
            "cash": 6.2,
            "stock": 0,
            "eps": 9.57
        },
        "2007": {
            "cash": 6,
            "stock": 1,
            "eps": 10.67
        },
        "2008": {
            "cash": 3,
            "stock": 2,
            "eps": 5.74
        },
        "2009": {
            "cash": 3,
            "stock": 0,
            "eps": 6.04
        },
        "2010": {
            "cash": 4.2,
            "stock": 0,
            "eps": 8
        },
        "2011": {
            "cash": 6,
            "stock": 0,
            "eps": 6.5
        },
        "2012": {
            "cash": 6,
            "stock": 0,
            "eps": 5.49
        },
        "2013": {
            "cash": 5,
            "stock": 0,
            "eps": 5.42
        },
        "2014": {
            "cash": 5,
            "stock": 0,
            "eps": 5.09
        },
        "2015": {
            "cash": 5,
            "stock": 0,
            "eps": 4.64
        },
        "2016": {
            "cash": 4,
            "stock": 0,
            "eps": 4.65
        },
        "2017": {
            "cash": 4,
            "stock": 0,
            "eps": 5.6
        },
        "2018": {
            "cash": 4.6,
            "stock": 0,
            "eps": 7.42
        },
        "2019": {
            "cash": 5.1,
            "stock": 0,
            "eps": 5.1
        },
        "2020": {
            "cash": 3.6,
            "stock": 0,
            "eps": 5.33
        },
        "2021": {
            "cash": 4.3,
            "stock": 0,
            "eps": 8.03
        },
        "2022": {
            "cash": 6,
            "stock": 0,
            "eps": 6.3
        },
        "2023": {
            "cash": 4.41,
            "stock": 0,
            "eps": 0.68
        }
    },
    "dividends": {
        "2004-04-23": {
            "cash": 3,
            "stock": 0
        },
        "2005-03-16": {
            "cash": 4,
            "stock": 0
        },
        "2006-03-28": {
            "cash": 6.2,
            "stock": 0
        },
        "2007-04-02": {
            "cash": 6,
            "stock": 1
        },
        "2008-03-07": {
            "cash": 3,
            "stock": 2
        },
        "2009-03-20": {
            "cash": 3,
            "stock": 0
        },
        "2010-03-18": {
            "cash": 4.2,
            "stock": 0
        },
        "2011-03-24": {
            "cash": 6,
            "stock": 0
        },
        "2012-06-21": {
            "cash": 6,
            "stock": 0
        },
        "2013-06-20": {
            "cash": 5,
            "stock": 0
        },
        "2014-06-20": {
            "cash": 5,
            "stock": 0
        },
        "2015-08-05": {
            "cash": 5,
            "stock": 0
        },
        "2016-08-05": {
            "cash": 4,
            "stock": 0
        },
        "2017-08-04": {
            "cash": 4,
            "stock": 0
        },
        "2018-08-03": {
            "cash": 4.6,
            "stock": 0
        },
        "2019-07-10": {
            "cash": 5.1,
            "stock": 0
        },
        "2020-06-30": {
            "cash": 3.6,
            "stock": 0
        },
        "2021-08-09": {
            "cash": 4.3,
            "stock": 0
        },
        "2022-07-08": {
            "cash": 6,
            "stock": 0
        },
        "2023-03-02": {
            "cash": 4.41,
            "stock": 0
        }
    },
    "prices": {
        "200101": "無",
        "200102": "無",
        "200103": "無",
        "200104": "無",
        "200105": "無",
        "200106": "無",
        "200107": "無",
        "200108": "無",
        "200109": "無",
        "200110": "無",
        "200111": "無",
        "200112": "無",
        "200201": "無",
        "200202": "無",
        "200203": "無",
        "200204": "無",
        "200205": "無",
        "200206": "無",
        "200207": "無",
        "200208": "無",
        "200209": "無",
        "200210": "無",
        "200211": "無",
        "200212": "無",
        "200301": "無",
        "200302": "無",
        "200303": "無",
        "200304": "無",
        "200305": "無",
        "200306": "無",
        "200307": "無",
        "200308": "無",
        "200309": "無",
        "200310": "無",
        "200311": "無",
        "200312": "無",
        "200401": "無",
        "200402": "無",
        "200403": "無",
        "200404": "無",
        "200405": "無",
        "200406": "無",
        "200407": "無",
        "200408": "無",
        "200409": "無",
        "200410": "無",
        "200411": "95.35",
        "200412": "92.72",
        "200501": "82.58",
        "200502": "87.81",
        "200503": "92.09",
        "200504": "91.25",
        "200505": "86.84",
        "200506": "93.52",
        "200507": "120.11",
        "200508": "137.03",
        "200509": "114.74",
        "200510": "112.55",
        "200511": "112.01",
        "200512": "114.99",
        "200601": "131.14",
        "200602": "143.62",
        "200603": "125.26",
        "200604": "118.95",
        "200605": "121.07",
        "200606": "105.77",
        "200607": "107.64",
        "200608": "105.67",
        "200609": "109.74",
        "200610": "110.80",
        "200611": "110.18",
        "200612": "112.38",
        "200701": "124.86",
        "200702": "132.29",
        "200703": "143.04",
        "200704": "153.22",
        "200705": "154.77",
        "200706": "164.52",
        "200707": "192.73",
        "200708": "214.52",
        "200709": "215.50",
        "200710": "194.66",
        "200711": "159.05",
        "200712": "139.02",
        "200801": "129.93",
        "200802": "136.46",
        "200803": "146.45",
        "200804": "143.31",
        "200805": "140.48",
        "200806": "120.76",
        "200807": "109.40",
        "200808": "95.26",
        "200809": "73.25",
        "200810": "59.24",
        "200811": "47.28",
        "200812": "39.68",
        "200901": "37.21",
        "200902": "37.50",
        "200903": "44.00",
        "200904": "49.92",
        "200905": "54.14",
        "200906": "52.35",
        "200907": "52.88",
        "200908": "54.70",
        "200909": "65.02",
        "200910": "69.85",
        "200911": "68.39",
        "200912": "71.32",
        "201001": "70.86",
        "201002": "66.79",
        "201003": "70.51",
        "201004": "78.03",
        "201005": "76.60",
        "201006": "74.53",
        "201007": "72.16",
        "201008": "75.01",
        "201009": "76.26",
        "201010": "74.40",
        "201011": "72.11",
        "201012": "72.61",
        "201101": "73.42",
        "201102": "77.08",
        "201103": "90.53",
        "201104": "89.93",
        "201105": "86.49",
        "201106": "83.90",
        "201107": "80.06",
        "201108": "69.66",
        "201109": "65.89",
        "201110": "64.20",
        "201111": "63.53",
        "201112": "60.83",
        "201201": "61.87",
        "201202": "69.76",
        "201203": "73.31",
        "201204": "72.33",
        "201205": "70.34",
        "201206": "69.68",
        "201207": "65.40",
        "201208": "62.85",
        "201209": "63.07",
        "201210": "61.11",
        "201211": "59.60",
        "201212": "60.70",
        "201301": "61.59",
        "201302": "63.65",
        "201303": "65.31",
        "201304": "68.83",
        "201305": "69.48",
        "201306": "68.48",
        "201307": "66.53",
        "201308": "66.75",
        "201309": "67.94",
        "201310": "71.78",
        "201311": "70.70",
        "201312": "70.80",
        "201401": "72.78",
        "201402": "73.64",
        "201403": "77.23",
        "201404": "78.08",
        "201405": "76.80",
        "201406": "76.20",
        "201407": "73.61",
        "201408": "71.20",
        "201409": "70.48",
        "201410": "67.77",
        "201411": "67.82",
        "201412": "68.05",
        "201501": "69.09",
        "201502": "70.47",
        "201503": "70.85",
        "201504": "71.82",
        "201505": "71.10",
        "201506": "69.32",
        "201507": "65.01",
        "201508": "60.34",
        "201509": "60.89",
        "201510": "62.48",
        "201511": "62.06",
        "201512": "61.28",
        "201601": "60.92",
        "201602": "62.96",
        "201603": "64.89",
        "201604": "62.97",
        "201605": "58.78",
        "201606": "58.50",
        "201607": "57.08",
        "201608": "56.85",
        "201609": "58.27",
        "201610": "58.44",
        "201611": "59.58",
        "201612": "61.43",
        "201701": "61.33",
        "201702": "62.74",
        "201703": "64.15",
        "201704": "64.18",
        "201705": "65.54",
        "201706": "66.40",
        "201707": "64.29",
        "201708": "65.30",
        "201709": "66.22",
        "201710": "67.85",
        "201711": "69.14",
        "201712": "70.15",
        "201801": "71.84",
        "201802": "71.54",
        "201803": "74.24",
        "201804": "77.81",
        "201805": "81.64",
        "201806": "82.60",
        "201807": "79.07",
        "201808": "80.04",
        "201809": "76.33",
        "201810": "68.52",
        "201811": "69.80",
        "201812": "69.22",
        "201901": "67.12",
        "201902": "69.71",
        "201903": "73.24",
        "201904": "73.95",
        "201905": "71.47",
        "201906": "71.36",
        "201907": "69.94",
        "201908": "68.55",
        "201909": "69.14",
        "201910": "69.10",
        "201911": "68.89",
        "201912": "69.54",
        "202001": "69.85",
        "202002": "68.65",
        "202003": "61.04",
        "202004": "62.06",
        "202005": "65.46",
        "202006": "65.12",
        "202007": "63.73",
        "202008": "63.41",
        "202009": "62.69",
        "202010": "63.04",
        "202011": "65.60",
        "202012": "68.05",
        "202101": "68.40",
        "202102": "68.92",
        "202103": "74.20",
        "202104": "78.54",
        "202105": "74.93",
        "202106": "76.00",
        "202107": "77.68",
        "202108": "76.38",
        "202109": "77.72",
        "202110": "78.26",
        "202111": "80.89",
        "202112": "83.78",
        "202201": "85.86",
        "202202": "84.60",
        "202203": "86.74",
        "202204": "87.88",
        "202205": "84.79",
        "202206": "80.71",
        "202207": "75.82",
        "202208": "77.39",
        "202209": "76.68",
        "202210": "72.24",
        "202211": "71.97",
        "202212": "72.83",
        "202301": "73.54",
        "202302": "75.01",
        "202303": "74.15",
        "202304": "74.64",
        "202305": "73.82"
    },
    "quarters": {
        "20011": {
            "year_quarter": 20011,
            "year": 2001,
            "quarter": 1,
            "eps": null,
            "eps_growth_year": null,
            "eps_4q": null,
            "eps_4q_growth_year": null,
            "roe": null,
            "roe_4q": 0,
            "gross_profit": null,
            "gross_margin": null,
            "gross_margin_4q_avg": 0,
            "net_income": null,
            "revenue": null,
            "common_shares": null,
            "book_valuer_per_share": null,
            "book_valuer_per_share_4q_avg": 0,
            "equity": null,
            "current_ratio": null,
            "debt_ratio": null,
            "inventory_turnover_ratio": null,
            "account_receivable_turnover_ratio": null,
            "reinvestment_rate": null,
            "research_to_sale_ratio": null,
            "price_fair": 0,
            "eps_avg_yearly": 0,
            "eps_latest_yearly": 0,
            "eps_growth_yearly": 0
        },
        "20012": {
            "year_quarter": 20012,
            "year": 2001,
            "quarter": 2,
            "eps": null,
            "eps_growth_year": null,
            "eps_4q": null,
            "eps_4q_growth_year": null,
            "roe": null,
            "roe_4q": 0,
            "gross_profit": null,
            "gross_margin": null,
            "gross_margin_4q_avg": 0,
            "net_income": null,
            "revenue": null,
            "common_shares": null,
            "book_valuer_per_share": null,
            "book_valuer_per_share_4q_avg": 0,
            "equity": null,
            "current_ratio": null,
            "debt_ratio": null,
            "inventory_turnover_ratio": null,
            "account_receivable_turnover_ratio": null,
            "reinvestment_rate": null,
            "research_to_sale_ratio": null,
            "price_fair": 0,
            "eps_avg_yearly": 0,
            "eps_latest_yearly": 0,
            "eps_growth_yearly": 0
        },
        "20013": {
            "year_quarter": 20013,
            "year": 2001,
            "quarter": 3,
            "eps": null,
            "eps_growth_year": null,
            "eps_4q": null,
            "eps_4q_growth_year": null,
            "roe": null,
            "roe_4q": 0,
            "gross_profit": null,
            "gross_margin": null,
            "gross_margin_4q_avg": 0,
            "net_income": null,
            "revenue": null,
            "common_shares": null,
            "book_valuer_per_share": null,
            "book_valuer_per_share_4q_avg": 0,
            "equity": null,
            "current_ratio": null,
            "debt_ratio": null,
            "inventory_turnover_ratio": null,
            "account_receivable_turnover_ratio": null,
            "reinvestment_rate": null,
            "research_to_sale_ratio": null,
            "price_fair": 0,
            "eps_avg_yearly": 0,
            "eps_latest_yearly": 0,
            "eps_growth_yearly": 0
        },
        "20014": {
            "year_quarter": 20014,
            "year": 2001,
            "quarter": 4,
            "eps": null,
            "eps_growth_year": null,
            "eps_4q": null,
            "eps_4q_growth_year": null,
            "roe": null,
            "roe_4q": 0,
            "gross_profit": null,
            "gross_margin": null,
            "gross_margin_4q_avg": 0,
            "net_income": null,
            "revenue": null,
            "common_shares": 150000,
            "book_valuer_per_share": 26.69,
            "book_valuer_per_share_4q_avg": 6.67,
            "equity": 400282,
            "current_ratio": 154.47,
            "debt_ratio": 40.32,
            "inventory_turnover_ratio": null,
            "account_receivable_turnover_ratio": null,
            "reinvestment_rate": null,
            "research_to_sale_ratio": null,
            "price_fair": 0,
            "eps_avg_yearly": 0,
            "eps_latest_yearly": 0,
            "eps_growth_yearly": 0
        },
        "20021": {
            "year_quarter": 20021,
            "year": 2002,
            "quarter": 1,
            "eps": null,
            "eps_growth_year": null,
            "eps_4q": null,
            "eps_4q_growth_year": null,
            "roe": null,
            "roe_4q": 0,
            "gross_profit": null,
            "gross_margin": null,
            "gross_margin_4q_avg": 0,
            "net_income": null,
            "revenue": null,
            "common_shares": null,
            "book_valuer_per_share": null,
            "book_valuer_per_share_4q_avg": 6.67,
            "equity": null,
            "current_ratio": null,
            "debt_ratio": null,
            "inventory_turnover_ratio": null,
            "account_receivable_turnover_ratio": null,
            "reinvestment_rate": null,
            "research_to_sale_ratio": null,
            "price_fair": 0,
            "eps_avg_yearly": 0,
            "eps_latest_yearly": 0,
            "eps_growth_yearly": 0
        },
        "20022": {
            "year_quarter": 20022,
            "year": 2002,
            "quarter": 2,
            "eps": null,
            "eps_growth_year": null,
            "eps_4q": null,
            "eps_4q_growth_year": null,
            "roe": null,
            "roe_4q": 0,
            "gross_profit": null,
            "gross_margin": null,
            "gross_margin_4q_avg": 0,
            "net_income": null,
            "revenue": null,
            "common_shares": null,
            "book_valuer_per_share": null,
            "book_valuer_per_share_4q_avg": 6.67,
            "equity": null,
            "current_ratio": null,
            "debt_ratio": null,
            "inventory_turnover_ratio": null,
            "account_receivable_turnover_ratio": null,
            "reinvestment_rate": null,
            "research_to_sale_ratio": null,
            "price_fair": 0,
            "eps_avg_yearly": 0,
            "eps_latest_yearly": 0,
            "eps_growth_yearly": 0
        },
        "20023": {
            "year_quarter": 20023,
            "year": 2002,
            "quarter": 3,
            "eps": null,
            "eps_growth_year": null,
            "eps_4q": null,
            "eps_4q_growth_year": null,
            "roe": null,
            "roe_4q": 0,
            "gross_profit": null,
            "gross_margin": null,
            "gross_margin_4q_avg": 0,
            "net_income": null,
            "revenue": null,
            "common_shares": null,
            "book_valuer_per_share": null,
            "book_valuer_per_share_4q_avg": 6.67,
            "equity": null,
            "current_ratio": null,
            "debt_ratio": null,
            "inventory_turnover_ratio": null,
            "account_receivable_turnover_ratio": null,
            "reinvestment_rate": null,
            "research_to_sale_ratio": null,
            "price_fair": 0,
            "eps_avg_yearly": 0,
            "eps_latest_yearly": 0,
            "eps_growth_yearly": 0
        },
        "20024": {
            "year_quarter": 20024,
            "year": 2002,
            "quarter": 4,
            "eps": null,
            "eps_growth_year": null,
            "eps_4q": null,
            "eps_4q_growth_year": null,
            "roe": null,
            "roe_4q": 0,
            "gross_profit": null,
            "gross_margin": null,
            "gross_margin_4q_avg": 0,
            "net_income": null,
            "revenue": null,
            "common_shares": 150000,
            "book_valuer_per_share": 28.38,
            "book_valuer_per_share_4q_avg": 7.1,
            "equity": 425641,
            "current_ratio": 180.76,
            "debt_ratio": 28.09,
            "inventory_turnover_ratio": null,
            "account_receivable_turnover_ratio": null,
            "reinvestment_rate": null,
            "research_to_sale_ratio": null,
            "price_fair": 0,
            "eps_avg_yearly": 0,
            "eps_latest_yearly": 0,
            "eps_growth_yearly": 0
        },
        "20031": {
            "year_quarter": 20031,
            "year": 2003,
            "quarter": 1,
            "eps": null,
            "eps_growth_year": null,
            "eps_4q": null,
            "eps_4q_growth_year": null,
            "roe": null,
            "roe_4q": 0,
            "gross_profit": null,
            "gross_margin": null,
            "gross_margin_4q_avg": 0,
            "net_income": null,
            "revenue": null,
            "common_shares": null,
            "book_valuer_per_share": null,
            "book_valuer_per_share_4q_avg": 7.1,
            "equity": null,
            "current_ratio": null,
            "debt_ratio": null,
            "inventory_turnover_ratio": null,
            "account_receivable_turnover_ratio": null,
            "reinvestment_rate": null,
            "research_to_sale_ratio": null,
            "price_fair": 0,
            "eps_avg_yearly": 0,
            "eps_latest_yearly": 0,
            "eps_growth_yearly": 0
        },
        "20032": {
            "year_quarter": 20032,
            "year": 2003,
            "quarter": 2,
            "eps": null,
            "eps_growth_year": null,
            "eps_4q": null,
            "eps_4q_growth_year": null,
            "roe": null,
            "roe_4q": 0,
            "gross_profit": null,
            "gross_margin": null,
            "gross_margin_4q_avg": 0,
            "net_income": null,
            "revenue": null,
            "common_shares": null,
            "book_valuer_per_share": null,
            "book_valuer_per_share_4q_avg": 7.1,
            "equity": null,
            "current_ratio": null,
            "debt_ratio": null,
            "inventory_turnover_ratio": null,
            "account_receivable_turnover_ratio": null,
            "reinvestment_rate": null,
            "research_to_sale_ratio": null,
            "price_fair": 0,
            "eps_avg_yearly": 0,
            "eps_latest_yearly": 0,
            "eps_growth_yearly": 0
        },
        "20033": {
            "year_quarter": 20033,
            "year": 2003,
            "quarter": 3,
            "eps": null,
            "eps_growth_year": null,
            "eps_4q": null,
            "eps_4q_growth_year": null,
            "roe": null,
            "roe_4q": 0,
            "gross_profit": null,
            "gross_margin": null,
            "gross_margin_4q_avg": 0,
            "net_income": null,
            "revenue": null,
            "common_shares": null,
            "book_valuer_per_share": null,
            "book_valuer_per_share_4q_avg": 7.1,
            "equity": null,
            "current_ratio": null,
            "debt_ratio": null,
            "inventory_turnover_ratio": null,
            "account_receivable_turnover_ratio": null,
            "reinvestment_rate": null,
            "research_to_sale_ratio": null,
            "price_fair": 0,
            "eps_avg_yearly": 0,
            "eps_latest_yearly": 0,
            "eps_growth_yearly": 0
        },
        "20034": {
            "year_quarter": 20034,
            "year": 2003,
            "quarter": 4,
            "eps": null,
            "eps_growth_year": null,
            "eps_4q": null,
            "eps_4q_growth_year": null,
            "roe": null,
            "roe_4q": 0,
            "gross_profit": null,
            "gross_margin": null,
            "gross_margin_4q_avg": 0,
            "net_income": null,
            "revenue": null,
            "common_shares": 155000,
            "book_valuer_per_share": 28.69,
            "book_valuer_per_share_4q_avg": 7.17,
            "equity": 444742,
            "current_ratio": 209.72,
            "debt_ratio": 23.21,
            "inventory_turnover_ratio": null,
            "account_receivable_turnover_ratio": null,
            "reinvestment_rate": null,
            "research_to_sale_ratio": null,
            "price_fair": 0,
            "eps_avg_yearly": 0,
            "eps_latest_yearly": 0,
            "eps_growth_yearly": 0
        },
        "20041": {
            "year_quarter": 20041,
            "year": 2004,
            "quarter": 1,
            "eps": null,
            "eps_growth_year": null,
            "eps_4q": null,
            "eps_4q_growth_year": null,
            "roe": null,
            "roe_4q": 0,
            "gross_profit": null,
            "gross_margin": null,
            "gross_margin_4q_avg": 0,
            "net_income": null,
            "revenue": null,
            "common_shares": null,
            "book_valuer_per_share": null,
            "book_valuer_per_share_4q_avg": 7.17,
            "equity": null,
            "current_ratio": null,
            "debt_ratio": null,
            "inventory_turnover_ratio": null,
            "account_receivable_turnover_ratio": null,
            "reinvestment_rate": null,
            "research_to_sale_ratio": null,
            "price_fair": 0,
            "eps_avg_yearly": 0,
            "eps_latest_yearly": 0,
            "eps_growth_yearly": 0
        },
        "20042": {
            "year_quarter": 20042,
            "year": 2004,
            "quarter": 2,
            "eps": null,
            "eps_growth_year": null,
            "eps_4q": null,
            "eps_4q_growth_year": null,
            "roe": null,
            "roe_4q": 0,
            "gross_profit": null,
            "gross_margin": null,
            "gross_margin_4q_avg": 0,
            "net_income": null,
            "revenue": null,
            "common_shares": null,
            "book_valuer_per_share": null,
            "book_valuer_per_share_4q_avg": 7.17,
            "equity": null,
            "current_ratio": null,
            "debt_ratio": null,
            "inventory_turnover_ratio": null,
            "account_receivable_turnover_ratio": null,
            "reinvestment_rate": null,
            "research_to_sale_ratio": null,
            "price_fair": 0,
            "eps_avg_yearly": 0,
            "eps_latest_yearly": 0,
            "eps_growth_yearly": 0
        },
        "20043": {
            "year_quarter": 20043,
            "year": 2004,
            "quarter": 3,
            "eps": null,
            "eps_growth_year": null,
            "eps_4q": null,
            "eps_4q_growth_year": null,
            "roe": null,
            "roe_4q": 0,
            "gross_profit": null,
            "gross_margin": null,
            "gross_margin_4q_avg": 0,
            "net_income": null,
            "revenue": null,
            "common_shares": null,
            "book_valuer_per_share": null,
            "book_valuer_per_share_4q_avg": 7.17,
            "equity": null,
            "current_ratio": null,
            "debt_ratio": null,
            "inventory_turnover_ratio": null,
            "account_receivable_turnover_ratio": null,
            "reinvestment_rate": null,
            "research_to_sale_ratio": null,
            "price_fair": 0,
            "eps_avg_yearly": 0,
            "eps_latest_yearly": 0,
            "eps_growth_yearly": 0
        },
        "20044": {
            "year_quarter": 20044,
            "year": 2004,
            "quarter": 4,
            "eps": null,
            "eps_growth_year": null,
            "eps_4q": null,
            "eps_4q_growth_year": null,
            "roe": null,
            "roe_4q": 0,
            "gross_profit": null,
            "gross_margin": null,
            "gross_margin_4q_avg": 0,
            "net_income": null,
            "revenue": null,
            "common_shares": 373280,
            "book_valuer_per_share": 30.65,
            "book_valuer_per_share_4q_avg": 7.66,
            "equity": 1144268,
            "current_ratio": 198.77,
            "debt_ratio": 43.46,
            "inventory_turnover_ratio": null,
            "account_receivable_turnover_ratio": null,
            "reinvestment_rate": null,
            "research_to_sale_ratio": null,
            "price_fair": 0,
            "eps_avg_yearly": 0,
            "eps_latest_yearly": 0,
            "eps_growth_yearly": 0
        },
        "20051": {
            "year_quarter": 20051,
            "year": 2005,
            "quarter": 1,
            "eps": 2.7,
            "eps_growth_year": null,
            "eps_4q": null,
            "eps_4q_growth_year": null,
            "roe": 8.44,
            "roe_4q": 8.44,
            "gross_profit": 173688,
            "gross_margin": 25,
            "gross_margin_4q_avg": 6.25,
            "net_income": 100733,
            "revenue": 694861,
            "common_shares": 373280,
            "book_valuer_per_share": 33.32,
            "book_valuer_per_share_4q_avg": 15.99,
            "equity": 1243779,
            "current_ratio": 246.93,
            "debt_ratio": 26.76,
            "inventory_turnover_ratio": 1.75,
            "account_receivable_turnover_ratio": null,
            "reinvestment_rate": null,
            "research_to_sale_ratio": null,
            "price_fair": 0,
            "eps_avg_yearly": 0,
            "eps_latest_yearly": 0,
            "eps_growth_yearly": 0
        },
        "20052": {
            "year_quarter": 20052,
            "year": 2005,
            "quarter": 2,
            "eps": 2.08,
            "eps_growth_year": null,
            "eps_4q": null,
            "eps_4q_growth_year": null,
            "roe": 6.51,
            "roe_4q": 14.95,
            "gross_profit": 169813,
            "gross_margin": 24.1,
            "gross_margin_4q_avg": 12.28,
            "net_income": 77726,
            "revenue": 704487,
            "common_shares": 373280,
            "book_valuer_per_share": 30.69,
            "book_valuer_per_share_4q_avg": 23.67,
            "equity": 1145418,
            "current_ratio": 186.31,
            "debt_ratio": 35.16,
            "inventory_turnover_ratio": 1.9,
            "account_receivable_turnover_ratio": null,
            "reinvestment_rate": null,
            "research_to_sale_ratio": null,
            "price_fair": 24.96,
            "eps_avg_yearly": 8.32,
            "eps_latest_yearly": 8.32,
            "eps_growth_yearly": -91.85
        },
        "20053": {
            "year_quarter": 20053,
            "year": 2005,
            "quarter": 3,
            "eps": 2.29,
            "eps_growth_year": null,
            "eps_4q": null,
            "eps_4q_growth_year": null,
            "roe": 7.16,
            "roe_4q": 22.11,
            "gross_profit": 147754,
            "gross_margin": 24.08,
            "gross_margin_4q_avg": 18.3,
            "net_income": 85518,
            "revenue": 613475,
            "common_shares": 373280,
            "book_valuer_per_share": 33.32,
            "book_valuer_per_share_4q_avg": 32,
            "equity": 1243932,
            "current_ratio": 265.79,
            "debt_ratio": 24.25,
            "inventory_turnover_ratio": 1.69,
            "account_receivable_turnover_ratio": null,
            "reinvestment_rate": null,
            "research_to_sale_ratio": null,
            "price_fair": 26.22,
            "eps_avg_yearly": 8.74,
            "eps_latest_yearly": 9.16,
            "eps_growth_yearly": -25.73
        },
        "20054": {
            "year_quarter": 20054,
            "year": 2005,
            "quarter": 4,
            "eps": 1.64,
            "eps_growth_year": null,
            "eps_4q": 8.73,
            "eps_4q_growth_year": null,
            "roe": 4.8,
            "roe_4q": 26.909999999999997,
            "gross_profit": 126347,
            "gross_margin": 20.3,
            "gross_margin_4q_avg": 23.37,
            "net_income": 61099,
            "revenue": 622361,
            "common_shares": 373280,
            "book_valuer_per_share": 34.9,
            "book_valuer_per_share_4q_avg": 33.06,
            "equity": 1302757,
            "current_ratio": 256.84,
            "debt_ratio": 35.38,
            "inventory_turnover_ratio": 1.63,
            "account_receivable_turnover_ratio": null,
            "reinvestment_rate": null,
            "research_to_sale_ratio": null,
            "price_fair": 24.04,
            "eps_avg_yearly": 8.01,
            "eps_latest_yearly": 6.56,
            "eps_growth_yearly": -55
        },
        "20061": {
            "year_quarter": 20061,
            "year": 2006,
            "quarter": 1,
            "eps": 1.71,
            "eps_growth_year": -36.67,
            "eps_4q": 7.43,
            "eps_4q_growth_year": null,
            "roe": 4.47,
            "roe_4q": 22.939999999999998,
            "gross_profit": 146409,
            "gross_margin": 21.76,
            "gross_margin_4q_avg": 22.56,
            "net_income": 67118,
            "revenue": 672860,
            "common_shares": 419950,
            "book_valuer_per_share": 40.56,
            "book_valuer_per_share_4q_avg": 34.87,
            "equity": 1703524,
            "current_ratio": 448.85,
            "debt_ratio": 17.07,
            "inventory_turnover_ratio": 1.88,
            "account_receivable_turnover_ratio": null,
            "reinvestment_rate": null,
            "research_to_sale_ratio": null,
            "price_fair": 23.16,
            "eps_avg_yearly": 7.72,
            "eps_latest_yearly": 6.84,
            "eps_growth_yearly": -36.98
        },
        "20062": {
            "year_quarter": 20062,
            "year": 2006,
            "quarter": 2,
            "eps": 2.47,
            "eps_growth_year": 18.75,
            "eps_4q": 7.73,
            "eps_4q_growth_year": null,
            "roe": 6.24,
            "roe_4q": 22.67,
            "gross_profit": 167838,
            "gross_margin": 21.62,
            "gross_margin_4q_avg": 21.94,
            "net_income": 100392,
            "revenue": 776279,
            "common_shares": 419950,
            "book_valuer_per_share": 36.07,
            "book_valuer_per_share_4q_avg": 36.21,
            "equity": 1514771,
            "current_ratio": 213.61,
            "debt_ratio": 31.85,
            "inventory_turnover_ratio": 2.75,
            "account_receivable_turnover_ratio": null,
            "reinvestment_rate": null,
            "research_to_sale_ratio": null,
            "price_fair": 130.18,
            "eps_avg_yearly": 8.15,
            "eps_latest_yearly": 9.88,
            "eps_growth_yearly": 5.97
        },
        "20063": {
            "year_quarter": 20063,
            "year": 2006,
            "quarter": 3,
            "eps": 3.13,
            "eps_growth_year": 36.68,
            "eps_4q": 8.69,
            "eps_4q_growth_year": null,
            "roe": 8.13,
            "roe_4q": 23.64,
            "gross_profit": 187475,
            "gross_margin": 21.41,
            "gross_margin_4q_avg": 21.27,
            "net_income": 128686,
            "revenue": 875815,
            "common_shares": 419950,
            "book_valuer_per_share": 39.35,
            "book_valuer_per_share_4q_avg": 37.72,
            "equity": 1652515,
            "current_ratio": 302.65,
            "debt_ratio": 22.68,
            "inventory_turnover_ratio": 2.84,
            "account_receivable_turnover_ratio": null,
            "reinvestment_rate": null,
            "research_to_sale_ratio": null,
            "price_fair": 291.16,
            "eps_avg_yearly": 8.88,
            "eps_latest_yearly": 12.52,
            "eps_growth_yearly": 22.79
        },
        "20064": {
            "year_quarter": 20064,
            "year": 2006,
            "quarter": 4,
            "eps": 2.26,
            "eps_growth_year": 37.8,
            "eps_4q": 9.42,
            "eps_4q_growth_year": 7.97,
            "roe": 5.51,
            "roe_4q": 24.35,
            "gross_profit": 174806,
            "gross_margin": 19.68,
            "gross_margin_4q_avg": 21.12,
            "net_income": 93482,
            "revenue": 888246,
            "common_shares": 419950,
            "book_valuer_per_share": 41.51,
            "book_valuer_per_share_4q_avg": 39.37,
            "equity": 1743045,
            "current_ratio": 246.51,
            "debt_ratio": 40.26,
            "inventory_turnover_ratio": 1.8,
            "account_receivable_turnover_ratio": null,
            "reinvestment_rate": null,
            "research_to_sale_ratio": null,
            "price_fair": 121.52,
            "eps_avg_yearly": 8.9,
            "eps_latest_yearly": 9.04,
            "eps_growth_yearly": 3.65
        },
        "20071": {
            "year_quarter": 20071,
            "year": 2007,
            "quarter": 1,
            "eps": 2.78,
            "eps_growth_year": 62.57,
            "eps_4q": 10.47,
            "eps_4q_growth_year": 41.05,
            "roe": 6.46,
            "roe_4q": 26.340000000000003,
            "gross_profit": 184544,
            "gross_margin": 20.03,
            "gross_margin_4q_avg": 20.69,
            "net_income": 116546,
            "revenue": 921355,
            "common_shares": 419950,
            "book_valuer_per_share": 44.44,
            "book_valuer_per_share_4q_avg": 40.34,
            "equity": 1866279,
            "current_ratio": 274.09,
            "debt_ratio": 26.07,
            "inventory_turnover_ratio": 1.77,
            "account_receivable_turnover_ratio": null,
            "reinvestment_rate": null,
            "research_to_sale_ratio": null,
            "price_fair": 226.73,
            "eps_avg_yearly": 9.18,
            "eps_latest_yearly": 11.12,
            "eps_growth_yearly": 14.7
        },
        "20072": {
            "year_quarter": 20072,
            "year": 2007,
            "quarter": 2,
            "eps": 2.43,
            "eps_growth_year": -1.62,
            "eps_4q": 9.73,
            "eps_4q_growth_year": 25.95,
            "roe": 6.33,
            "roe_4q": 26.43,
            "gross_profit": 192333,
            "gross_margin": 17.62,
            "gross_margin_4q_avg": 19.69,
            "net_income": 112686,
            "revenue": 1091753,
            "common_shares": 419950,
            "book_valuer_per_share": 40.32,
            "book_valuer_per_share_4q_avg": 41.41,
            "equity": 1693321,
            "current_ratio": 193.95,
            "debt_ratio": 35.78,
            "inventory_turnover_ratio": 2.94,
            "account_receivable_turnover_ratio": null,
            "reinvestment_rate": null,
            "research_to_sale_ratio": null,
            "price_fair": 161.42,
            "eps_avg_yearly": 9.24,
            "eps_latest_yearly": 9.72,
            "eps_growth_yearly": 7.47
        },
        "20073": {
            "year_quarter": 20073,
            "year": 2007,
            "quarter": 3,
            "eps": 2.56,
            "eps_growth_year": -18.21,
            "eps_4q": 9.51,
            "eps_4q_growth_year": 9.38,
            "roe": 6.78,
            "roe_4q": 25.08,
            "gross_profit": 188114,
            "gross_margin": 19.38,
            "gross_margin_4q_avg": 19.18,
            "net_income": 118940,
            "revenue": 970523,
            "common_shares": 464000,
            "book_valuer_per_share": 39.08,
            "book_valuer_per_share_4q_avg": 41.34,
            "equity": 1813370,
            "current_ratio": 252.28,
            "debt_ratio": 26.74,
            "inventory_turnover_ratio": 2.43,
            "account_receivable_turnover_ratio": null,
            "reinvestment_rate": null,
            "research_to_sale_ratio": null,
            "price_fair": 176.17,
            "eps_avg_yearly": 9.34,
            "eps_latest_yearly": 10.24,
            "eps_growth_yearly": 8.86
        },
        "20074": {
            "year_quarter": 20074,
            "year": 2007,
            "quarter": 4,
            "eps": 2.9,
            "eps_growth_year": 28.32,
            "eps_4q": 10.41,
            "eps_4q_growth_year": 10.48,
            "roe": 7.14,
            "roe_4q": 26.71,
            "gross_profit": 210164,
            "gross_margin": 18.99,
            "gross_margin_4q_avg": 19.01,
            "net_income": 134485,
            "revenue": 1106618,
            "common_shares": 464000,
            "book_valuer_per_share": 42.05,
            "book_valuer_per_share_4q_avg": 41.47,
            "equity": 1951262,
            "current_ratio": 233.45,
            "debt_ratio": 42.26,
            "inventory_turnover_ratio": 1.65,
            "account_receivable_turnover_ratio": null,
            "reinvestment_rate": null,
            "research_to_sale_ratio": null,
            "price_fair": 218.46,
            "eps_avg_yearly": 9.55,
            "eps_latest_yearly": 11.6,
            "eps_growth_yearly": 12.89
        },
        "20081": {
            "year_quarter": 20081,
            "year": 2008,
            "quarter": 1,
            "eps": 2.17,
            "eps_growth_year": -21.94,
            "eps_4q": 10.05,
            "eps_4q_growth_year": -4.06,
            "roe": 5.06,
            "roe_4q": 25.310000000000002,
            "gross_profit": 317258,
            "gross_margin": 17.49,
            "gross_margin_4q_avg": 18.37,
            "net_income": 100839,
            "revenue": 1813700,
            "common_shares": 464000,
            "book_valuer_per_share": 43.78,
            "book_valuer_per_share_4q_avg": 41.31,
            "equity": 2031368,
            "current_ratio": 264.5,
            "debt_ratio": 37.85,
            "inventory_turnover_ratio": 1.85,
            "account_receivable_turnover_ratio": null,
            "reinvestment_rate": null,
            "research_to_sale_ratio": null,
            "price_fair": 127.15,
            "eps_avg_yearly": 9.47,
            "eps_latest_yearly": 8.68,
            "eps_growth_yearly": 3.42
        },
        "20082": {
            "year_quarter": 20082,
            "year": 2008,
            "quarter": 2,
            "eps": 2.17,
            "eps_growth_year": -10.7,
            "eps_4q": 9.78,
            "eps_4q_growth_year": 0.51,
            "roe": 4.93,
            "roe_4q": 23.91,
            "gross_profit": 326996,
            "gross_margin": 17.09,
            "gross_margin_4q_avg": 18.24,
            "net_income": 100860,
            "revenue": 1913192,
            "common_shares": 464000,
            "book_valuer_per_share": 42.15,
            "book_valuer_per_share_4q_avg": 41.77,
            "equity": 2059093,
            "current_ratio": 243.8,
            "debt_ratio": 40.76,
            "inventory_turnover_ratio": 1.81,
            "account_receivable_turnover_ratio": null,
            "reinvestment_rate": null,
            "research_to_sale_ratio": null,
            "price_fair": 123.85,
            "eps_avg_yearly": 9.41,
            "eps_latest_yearly": 8.68,
            "eps_growth_yearly": 3.16
        },
        "20083": {
            "year_quarter": 20083,
            "year": 2008,
            "quarter": 3,
            "eps": 2.18,
            "eps_growth_year": -14.84,
            "eps_4q": 8.39,
            "eps_4q_growth_year": -11.72,
            "roe": 5.56,
            "roe_4q": 22.689999999999998,
            "gross_profit": 313027,
            "gross_margin": 16,
            "gross_margin_4q_avg": 17.39,
            "net_income": 118800,
            "revenue": 1956234,
            "common_shares": 556800,
            "book_valuer_per_share": 37.93,
            "book_valuer_per_share_4q_avg": 41.48,
            "equity": 2212339,
            "current_ratio": 253.99,
            "debt_ratio": 39.64,
            "inventory_turnover_ratio": 1.89,
            "account_receivable_turnover_ratio": null,
            "reinvestment_rate": null,
            "research_to_sale_ratio": null,
            "price_fair": 122.32,
            "eps_avg_yearly": 9.36,
            "eps_latest_yearly": 8.72,
            "eps_growth_yearly": 3.06
        },
        "20084": {
            "year_quarter": 20084,
            "year": 2008,
            "quarter": 4,
            "eps": -0.78,
            "eps_growth_year": -126.9,
            "eps_4q": 5.12,
            "eps_4q_growth_year": -50.78,
            "roe": -2.2,
            "roe_4q": 13.349999999999998,
            "gross_profit": 232198,
            "gross_margin": 17.27,
            "gross_margin_4q_avg": 16.96,
            "net_income": -47519,
            "revenue": 1344563,
            "common_shares": 556800,
            "book_valuer_per_share": 37.36,
            "book_valuer_per_share_4q_avg": 40.31,
            "equity": 2117046,
            "current_ratio": 321.23,
            "debt_ratio": 32.69,
            "inventory_turnover_ratio": 1.43,
            "account_receivable_turnover_ratio": 2.33,
            "reinvestment_rate": -1.34,
            "research_to_sale_ratio": null,
            "price_fair": 122.32,
            "eps_avg_yearly": 9.36,
            "eps_latest_yearly": 8.72,
            "eps_growth_yearly": 3.06
        },
        "20091": {
            "year_quarter": 20091,
            "year": 2009,
            "quarter": 1,
            "eps": 0.94,
            "eps_growth_year": -56.68,
            "eps_4q": 4.1,
            "eps_4q_growth_year": -59.15,
            "roe": 2.45,
            "roe_4q": 10.739999999999998,
            "gross_profit": 182722,
            "gross_margin": 17.64,
            "gross_margin_4q_avg": 17,
            "net_income": 52817,
            "revenue": 1036121,
            "common_shares": 556800,
            "book_valuer_per_share": 38.67,
            "book_valuer_per_share_4q_avg": 39.03,
            "equity": 2190468,
            "current_ratio": 424.56,
            "debt_ratio": 26.83,
            "inventory_turnover_ratio": 1.42,
            "account_receivable_turnover_ratio": 1,
            "reinvestment_rate": 3.31,
            "research_to_sale_ratio": null,
            "price_fair": 122.32,
            "eps_avg_yearly": 9.36,
            "eps_latest_yearly": 8.72,
            "eps_growth_yearly": 3.06
        },
        "20092": {
            "year_quarter": 20092,
            "year": 2009,
            "quarter": 2,
            "eps": 1.86,
            "eps_growth_year": -14.29,
            "eps_4q": 4.07,
            "eps_4q_growth_year": -58.37,
            "roe": 4.97,
            "roe_4q": 10.78,
            "gross_profit": 253815,
            "gross_margin": 16.33,
            "gross_margin_4q_avg": 16.81,
            "net_income": 106704,
            "revenue": 1554449,
            "common_shares": 556800,
            "book_valuer_per_share": 37.11,
            "book_valuer_per_share_4q_avg": 37.77,
            "equity": 2103416,
            "current_ratio": 271.85,
            "debt_ratio": 37.7,
            "inventory_turnover_ratio": 2.71,
            "account_receivable_turnover_ratio": 1.37,
            "reinvestment_rate": 2.31,
            "research_to_sale_ratio": null,
            "price_fair": 325.5,
            "eps_avg_yearly": 9.3,
            "eps_latest_yearly": 7.44,
            "eps_growth_yearly": 37.59
        },
        "20093": {
            "year_quarter": 20093,
            "year": 2009,
            "quarter": 3,
            "eps": 1.6,
            "eps_growth_year": -26.61,
            "eps_4q": 3.49,
            "eps_4q_growth_year": -58.44,
            "roe": 4.31,
            "roe_4q": 9.530000000000001,
            "gross_profit": 305017,
            "gross_margin": 15.58,
            "gross_margin_4q_avg": 16.71,
            "net_income": 92338,
            "revenue": 1957820,
            "common_shares": 556800,
            "book_valuer_per_share": 38.44,
            "book_valuer_per_share_4q_avg": 37.9,
            "equity": 2186222,
            "current_ratio": 276.66,
            "debt_ratio": 36.61,
            "inventory_turnover_ratio": 3.49,
            "account_receivable_turnover_ratio": 1.27,
            "reinvestment_rate": 2.25,
            "research_to_sale_ratio": null,
            "price_fair": 318.6,
            "eps_avg_yearly": 9.1,
            "eps_latest_yearly": 6.4,
            "eps_growth_yearly": 30.71
        },
        "20094": {
            "year_quarter": 20094,
            "year": 2009,
            "quarter": 4,
            "eps": 1.64,
            "eps_growth_year": null,
            "eps_4q": 6.04,
            "eps_4q_growth_year": 17.84,
            "roe": 4.26,
            "roe_4q": 15.989999999999998,
            "gross_profit": 313983,
            "gross_margin": 17.23,
            "gross_margin_4q_avg": 16.7,
            "net_income": 94866,
            "revenue": 1821823,
            "common_shares": 556800,
            "book_valuer_per_share": 39.92,
            "book_valuer_per_share_4q_avg": 38.54,
            "equity": 2272187,
            "current_ratio": 305.51,
            "debt_ratio": 33.51,
            "inventory_turnover_ratio": 2.73,
            "account_receivable_turnover_ratio": 2.36,
            "reinvestment_rate": 0.88,
            "research_to_sale_ratio": null,
            "price_fair": 318.6,
            "eps_avg_yearly": 9.1,
            "eps_latest_yearly": 6.56,
            "eps_growth_yearly": 39.53
        },
        "20101": {
            "year_quarter": 20101,
            "year": 2010,
            "quarter": 1,
            "eps": 1.9,
            "eps_growth_year": 102.13,
            "eps_4q": 7,
            "eps_4q_growth_year": 70.54,
            "roe": 4.74,
            "roe_4q": 18.279999999999998,
            "gross_profit": 317561,
            "gross_margin": 17.83,
            "gross_margin_4q_avg": 16.74,
            "net_income": 110269,
            "revenue": 1781395,
            "common_shares": 556800,
            "book_valuer_per_share": 41.74,
            "book_valuer_per_share_4q_avg": 39.3,
            "equity": 2377531,
            "current_ratio": 309.15,
            "debt_ratio": 33.27,
            "inventory_turnover_ratio": 2.35,
            "account_receivable_turnover_ratio": 1.16,
            "reinvestment_rate": 6.54,
            "research_to_sale_ratio": 1.2,
            "price_fair": 320.5,
            "eps_avg_yearly": 9.16,
            "eps_latest_yearly": 7.6,
            "eps_growth_yearly": 42.84
        },
        "20102": {
            "year_quarter": 20102,
            "year": 2010,
            "quarter": 2,
            "eps": 2.6,
            "eps_growth_year": 39.57,
            "eps_4q": 7.74,
            "eps_4q_growth_year": 89.96,
            "roe": 6.32,
            "roe_4q": 19.63,
            "gross_profit": 326965,
            "gross_margin": 15.89,
            "gross_margin_4q_avg": 16.63,
            "net_income": 147831,
            "revenue": 2058035,
            "common_shares": 556800,
            "book_valuer_per_share": 40.4,
            "book_valuer_per_share_4q_avg": 40.13,
            "equity": 2302686,
            "current_ratio": 239.45,
            "debt_ratio": 41.02,
            "inventory_turnover_ratio": 2.49,
            "account_receivable_turnover_ratio": 1.23,
            "reinvestment_rate": 79.68,
            "research_to_sale_ratio": 1.04,
            "price_fair": 321.8,
            "eps_avg_yearly": 9.19,
            "eps_latest_yearly": 10.4,
            "eps_growth_yearly": 40.67
        },
        "20103": {
            "year_quarter": 20103,
            "year": 2010,
            "quarter": 3,
            "eps": 1.61,
            "eps_growth_year": 0.77,
            "eps_4q": 7.75,
            "eps_4q_growth_year": 122.17,
            "roe": 3.96,
            "roe_4q": 19.28,
            "gross_profit": 315390,
            "gross_margin": 16.12,
            "gross_margin_4q_avg": 16.77,
            "net_income": 92785,
            "revenue": 1956130,
            "common_shares": 556800,
            "book_valuer_per_share": 41.81,
            "book_valuer_per_share_4q_avg": 40.97,
            "equity": 2384291,
            "current_ratio": 291.66,
            "debt_ratio": 33.74,
            "inventory_turnover_ratio": 2.27,
            "account_receivable_turnover_ratio": 1.08,
            "reinvestment_rate": 80.82,
            "research_to_sale_ratio": 1.29,
            "price_fair": 281.71,
            "eps_avg_yearly": 8.76,
            "eps_latest_yearly": 6.44,
            "eps_growth_yearly": 22.16
        },
        "20104": {
            "year_quarter": 20104,
            "year": 2010,
            "quarter": 4,
            "eps": 1.89,
            "eps_growth_year": 15.24,
            "eps_4q": 8,
            "eps_4q_growth_year": 32.57,
            "roe": 4.57,
            "roe_4q": 19.590000000000003,
            "gross_profit": 271729,
            "gross_margin": 15.46,
            "gross_margin_4q_avg": 16.33,
            "net_income": 110209,
            "revenue": 1757906,
            "common_shares": 556800,
            "book_valuer_per_share": 42.65,
            "book_valuer_per_share_4q_avg": 41.65,
            "equity": 2434975,
            "current_ratio": 312.41,
            "debt_ratio": 31.27,
            "inventory_turnover_ratio": 2.21,
            "account_receivable_turnover_ratio": 1.04,
            "reinvestment_rate": -2.84,
            "research_to_sale_ratio": 0.4,
            "price_fair": 302.9,
            "eps_avg_yearly": 8.65,
            "eps_latest_yearly": 7.56,
            "eps_growth_yearly": 35.07
        },
        "20111": {
            "year_quarter": 20111,
            "year": 2011,
            "quarter": 1,
            "eps": 1.98,
            "eps_growth_year": 4.21,
            "eps_4q": 8.08,
            "eps_4q_growth_year": 15.42,
            "roe": 4.57,
            "roe_4q": 19.42,
            "gross_profit": 294622,
            "gross_margin": 16.62,
            "gross_margin_4q_avg": 16.02,
            "net_income": 113984,
            "revenue": 1772309,
            "common_shares": 556800,
            "book_valuer_per_share": 44.79,
            "book_valuer_per_share_4q_avg": 42.41,
            "equity": 2557902,
            "current_ratio": 328.86,
            "debt_ratio": 29.89,
            "inventory_turnover_ratio": 2.25,
            "account_receivable_turnover_ratio": 1.07,
            "reinvestment_rate": 2.97,
            "research_to_sale_ratio": 0.22,
            "price_fair": 294.9,
            "eps_avg_yearly": 8.43,
            "eps_latest_yearly": 7.92,
            "eps_growth_yearly": 29.86
        },
        "20112": {
            "year_quarter": 20112,
            "year": 2011,
            "quarter": 2,
            "eps": 2.02,
            "eps_growth_year": -22.29,
            "eps_4q": 7.5,
            "eps_4q_growth_year": -3.05,
            "roe": 4.89,
            "roe_4q": 17.990000000000002,
            "gross_profit": 313503,
            "gross_margin": 16.59,
            "gross_margin_4q_avg": 16.2,
            "net_income": 119405,
            "revenue": 1889368,
            "common_shares": 556800,
            "book_valuer_per_share": 40.6,
            "book_valuer_per_share_4q_avg": 42.46,
            "equity": 2323291,
            "current_ratio": 243.57,
            "debt_ratio": 39.65,
            "inventory_turnover_ratio": 2.29,
            "account_receivable_turnover_ratio": 1.07,
            "reinvestment_rate": 3.24,
            "research_to_sale_ratio": 0.24,
            "price_fair": 290.8,
            "eps_avg_yearly": 8.31,
            "eps_latest_yearly": 8.08,
            "eps_growth_yearly": 34.03
        },
        "20113": {
            "year_quarter": 20113,
            "year": 2011,
            "quarter": 3,
            "eps": 1.66,
            "eps_growth_year": 2.95,
            "eps_4q": 6.95,
            "eps_4q_growth_year": -10.33,
            "roe": 4.02,
            "roe_4q": 18.05,
            "gross_profit": 269223,
            "gross_margin": 15.56,
            "gross_margin_4q_avg": 16.06,
            "net_income": 104368,
            "revenue": 1729788,
            "common_shares": 620000,
            "book_valuer_per_share": 45.2,
            "book_valuer_per_share_4q_avg": 43.31,
            "equity": 2866354,
            "current_ratio": 326.51,
            "debt_ratio": 30.85,
            "inventory_turnover_ratio": 2.14,
            "account_receivable_turnover_ratio": 0.95,
            "reinvestment_rate": 3.73,
            "research_to_sale_ratio": 0.23,
            "price_fair": 281.8,
            "eps_avg_yearly": 8.05,
            "eps_latest_yearly": 6.64,
            "eps_growth_yearly": 27.41
        },
        "20114": {
            "year_quarter": 20114,
            "year": 2011,
            "quarter": 4,
            "eps": 0.84,
            "eps_growth_year": -55.71,
            "eps_4q": 6.09,
            "eps_4q_growth_year": -23.92,
            "roe": 1.85,
            "roe_4q": 15.329999999999998,
            "gross_profit": 227601,
            "gross_margin": 15.25,
            "gross_margin_4q_avg": 16.01,
            "net_income": 53632,
            "revenue": 1492329,
            "common_shares": 620000,
            "book_valuer_per_share": 46.14,
            "book_valuer_per_share_4q_avg": 44.18,
            "equity": 2927331,
            "current_ratio": 407.29,
            "debt_ratio": 24.97,
            "inventory_turnover_ratio": 2.05,
            "account_receivable_turnover_ratio": 0.9,
            "reinvestment_rate": -1.99,
            "research_to_sale_ratio": 0.18,
            "price_fair": 145.54,
            "eps_avg_yearly": 7.46,
            "eps_latest_yearly": 3.36,
            "eps_growth_yearly": 9.5
        },
        "20121": {
            "year_quarter": 20121,
            "year": 2012,
            "quarter": 1,
            "eps": 1.12,
            "eps_growth_year": -43.43,
            "eps_4q": 5.43,
            "eps_4q_growth_year": -32.84,
            "roe": 2.45,
            "roe_4q": 13.21,
            "gross_profit": 231354,
            "gross_margin": 16.62,
            "gross_margin_4q_avg": 16.01,
            "net_income": 72347,
            "revenue": 1391869,
            "common_shares": 620000,
            "book_valuer_per_share": 46.87,
            "book_valuer_per_share_4q_avg": 44.7,
            "equity": 2975382,
            "current_ratio": 485.83,
            "debt_ratio": 21.23,
            "inventory_turnover_ratio": 2.06,
            "account_receivable_turnover_ratio": 0.96,
            "reinvestment_rate": -1.52,
            "research_to_sale_ratio": 0.22,
            "price_fair": 250.7,
            "eps_avg_yearly": 7.16,
            "eps_latest_yearly": 4.48,
            "eps_growth_yearly": 26.22
        },
        "20122": {
            "year_quarter": 20122,
            "year": 2012,
            "quarter": 2,
            "eps": 1.56,
            "eps_growth_year": -22.87,
            "eps_4q": 5.17,
            "eps_4q_growth_year": -31.07,
            "roe": 3.56,
            "roe_4q": 11.879999999999999,
            "gross_profit": 278119,
            "gross_margin": 16.22,
            "gross_margin_4q_avg": 15.91,
            "net_income": 101556,
            "revenue": 1714736,
            "common_shares": 620000,
            "book_valuer_per_share": 42.47,
            "book_valuer_per_share_4q_avg": 45.17,
            "equity": 2728021,
            "current_ratio": 307.65,
            "debt_ratio": 32.98,
            "inventory_turnover_ratio": 2.74,
            "account_receivable_turnover_ratio": 1.13,
            "reinvestment_rate": -10.02,
            "research_to_sale_ratio": 0.24,
            "price_fair": 244.6,
            "eps_avg_yearly": 6.99,
            "eps_latest_yearly": 6.24,
            "eps_growth_yearly": 37.44
        },
        "20123": {
            "year_quarter": 20123,
            "year": 2012,
            "quarter": 3,
            "eps": 1.35,
            "eps_growth_year": -18.78,
            "eps_4q": 4.86,
            "eps_4q_growth_year": -30.07,
            "roe": 3.2,
            "roe_4q": 11.06,
            "gross_profit": 270685,
            "gross_margin": 16.46,
            "gross_margin_4q_avg": 16.14,
            "net_income": 88552,
            "revenue": 1644535,
            "common_shares": 620000,
            "book_valuer_per_share": 43.61,
            "book_valuer_per_share_4q_avg": 44.77,
            "equity": 2803339,
            "current_ratio": 398.13,
            "debt_ratio": 25.89,
            "inventory_turnover_ratio": 2.69,
            "account_receivable_turnover_ratio": 1,
            "reinvestment_rate": -10.45,
            "research_to_sale_ratio": 0.24,
            "price_fair": 236.3,
            "eps_avg_yearly": 6.75,
            "eps_latest_yearly": 5.4,
            "eps_growth_yearly": 33.46
        },
        "20124": {
            "year_quarter": 20124,
            "year": 2012,
            "quarter": 4,
            "eps": 1.46,
            "eps_growth_year": 74.13,
            "eps_4q": 5.48,
            "eps_4q_growth_year": -10,
            "roe": 3.33,
            "roe_4q": 12.54,
            "gross_profit": 273066,
            "gross_margin": 15.9,
            "gross_margin_4q_avg": 16.3,
            "net_income": 94858,
            "revenue": 1716896,
            "common_shares": 620000,
            "book_valuer_per_share": 44.93,
            "book_valuer_per_share_4q_avg": 44.47,
            "equity": 2890036,
            "current_ratio": 416.07,
            "debt_ratio": 24.97,
            "inventory_turnover_ratio": 2.71,
            "account_receivable_turnover_ratio": 1.06,
            "reinvestment_rate": -11.61,
            "research_to_sale_ratio": 0.26,
            "price_fair": 234.17,
            "eps_avg_yearly": 6.69,
            "eps_latest_yearly": 5.84,
            "eps_growth_yearly": 33.41
        },
        "20131": {
            "year_quarter": 20131,
            "year": 2013,
            "quarter": 1,
            "eps": 1.2,
            "eps_growth_year": 7.14,
            "eps_4q": 5.56,
            "eps_4q_growth_year": 2.54,
            "roe": 2.71,
            "roe_4q": 12.8,
            "gross_profit": 246066,
            "gross_margin": 15.74,
            "gross_margin_4q_avg": 16.08,
            "net_income": 80108,
            "revenue": 1563727,
            "common_shares": 620000,
            "book_valuer_per_share": 47.03,
            "book_valuer_per_share_4q_avg": 44.51,
            "equity": 3025553,
            "current_ratio": 441.03,
            "debt_ratio": 23.39,
            "inventory_turnover_ratio": 2.27,
            "account_receivable_turnover_ratio": 1.02,
            "reinvestment_rate": -9.12,
            "research_to_sale_ratio": 0.26,
            "price_fair": 230.04,
            "eps_avg_yearly": 6.57,
            "eps_latest_yearly": 4.8,
            "eps_growth_yearly": 26.87
        },
        "20132": {
            "year_quarter": 20132,
            "year": 2013,
            "quarter": 2,
            "eps": 1.48,
            "eps_growth_year": -4.88,
            "eps_4q": 5.48,
            "eps_4q_growth_year": 6.07,
            "roe": 3.29,
            "roe_4q": 12.530000000000001,
            "gross_profit": 283894,
            "gross_margin": 15.8,
            "gross_margin_4q_avg": 15.98,
            "net_income": 96024,
            "revenue": 1797035,
            "common_shares": 620000,
            "book_valuer_per_share": 43.77,
            "book_valuer_per_share_4q_avg": 44.84,
            "equity": 2814682,
            "current_ratio": 304.19,
            "debt_ratio": 32.97,
            "inventory_turnover_ratio": 2.3,
            "account_receivable_turnover_ratio": 1.14,
            "reinvestment_rate": -8.61,
            "research_to_sale_ratio": 0.29,
            "price_fair": 118.09,
            "eps_avg_yearly": 6.48,
            "eps_latest_yearly": 5.92,
            "eps_growth_yearly": 8.23
        },
        "20133": {
            "year_quarter": 20133,
            "year": 2013,
            "quarter": 3,
            "eps": 1.38,
            "eps_growth_year": 2.36,
            "eps_4q": 5.52,
            "eps_4q_growth_year": 13.59,
            "roe": 3.13,
            "roe_4q": 12.459999999999999,
            "gross_profit": 286768,
            "gross_margin": 14.98,
            "gross_margin_4q_avg": 15.61,
            "net_income": 89130,
            "revenue": 1914031,
            "common_shares": 620000,
            "book_valuer_per_share": 44.83,
            "book_valuer_per_share_4q_avg": 45.14,
            "equity": 2883729,
            "current_ratio": 374.28,
            "debt_ratio": 27.14,
            "inventory_turnover_ratio": 2.24,
            "account_receivable_turnover_ratio": 1.16,
            "reinvestment_rate": -8.27,
            "research_to_sale_ratio": 0.26,
            "price_fair": 128.69,
            "eps_avg_yearly": 6.42,
            "eps_latest_yearly": 5.52,
            "eps_growth_yearly": 10.04
        },
        "20134": {
            "year_quarter": 20134,
            "year": 2013,
            "quarter": 4,
            "eps": 1.36,
            "eps_growth_year": -7.04,
            "eps_4q": 5.42,
            "eps_4q_growth_year": -1.15,
            "roe": 3.03,
            "roe_4q": 12.16,
            "gross_profit": 298376,
            "gross_margin": 15.87,
            "gross_margin_4q_avg": 15.6,
            "net_income": 89069,
            "revenue": 1880540,
            "common_shares": 620000,
            "book_valuer_per_share": 46.65,
            "book_valuer_per_share_4q_avg": 45.57,
            "equity": 3001659,
            "current_ratio": 362.41,
            "debt_ratio": 27.94,
            "inventory_turnover_ratio": 2.09,
            "account_receivable_turnover_ratio": 1.14,
            "reinvestment_rate": -12.39,
            "research_to_sale_ratio": 0.32,
            "price_fair": 121.01,
            "eps_avg_yearly": 6.35,
            "eps_latest_yearly": 5.44,
            "eps_growth_yearly": 9.05
        },
        "20141": {
            "year_quarter": 20141,
            "year": 2014,
            "quarter": 1,
            "eps": 1.22,
            "eps_growth_year": 1.67,
            "eps_4q": 5.43,
            "eps_4q_growth_year": -2.38,
            "roe": 2.63,
            "roe_4q": 12.079999999999998,
            "gross_profit": 265973,
            "gross_margin": 14.58,
            "gross_margin_4q_avg": 15.31,
            "net_income": 80107,
            "revenue": 1824069,
            "common_shares": 620000,
            "book_valuer_per_share": 47.98,
            "book_valuer_per_share_4q_avg": 45.81,
            "equity": 3088750,
            "current_ratio": 435.68,
            "debt_ratio": 23.56,
            "inventory_turnover_ratio": 2.09,
            "account_receivable_turnover_ratio": 1.13,
            "reinvestment_rate": -12.51,
            "research_to_sale_ratio": 0.25,
            "price_fair": 77.36,
            "eps_avg_yearly": 6.18,
            "eps_latest_yearly": 4.88,
            "eps_growth_yearly": 2.51
        },
        "20142": {
            "year_quarter": 20142,
            "year": 2014,
            "quarter": 2,
            "eps": 1.34,
            "eps_growth_year": -9.46,
            "eps_4q": 5.3,
            "eps_4q_growth_year": -3.4,
            "roe": 2.99,
            "roe_4q": 11.780000000000001,
            "gross_profit": 309511,
            "gross_margin": 16.12,
            "gross_margin_4q_avg": 15.39,
            "net_income": 88307,
            "revenue": 1919768,
            "common_shares": 620000,
            "book_valuer_per_share": 43.87,
            "book_valuer_per_share_4q_avg": 45.83,
            "equity": 2825188,
            "current_ratio": 303.61,
            "debt_ratio": 32.83,
            "inventory_turnover_ratio": 2.22,
            "account_receivable_turnover_ratio": 1.16,
            "reinvestment_rate": -94.32,
            "research_to_sale_ratio": 0.27,
            "price_fair": 17.6,
            "eps_avg_yearly": 5.87,
            "eps_latest_yearly": 5.36,
            "eps_growth_yearly": -4.24
        },
        "20143": {
            "year_quarter": 20143,
            "year": 2014,
            "quarter": 3,
            "eps": 1.37,
            "eps_growth_year": -0.72,
            "eps_4q": 5.09,
            "eps_4q_growth_year": -7.72,
            "roe": 3.14,
            "roe_4q": 11.790000000000001,
            "gross_profit": 299838,
            "gross_margin": 16.08,
            "gross_margin_4q_avg": 15.66,
            "net_income": 91673,
            "revenue": 1864123,
            "common_shares": 644000,
            "book_valuer_per_share": 45.03,
            "book_valuer_per_share_4q_avg": 45.88,
            "equity": 3011600,
            "current_ratio": 400.59,
            "debt_ratio": 25.03,
            "inventory_turnover_ratio": 2.14,
            "account_receivable_turnover_ratio": 1.06,
            "reinvestment_rate": -89.93,
            "research_to_sale_ratio": 0.26,
            "price_fair": 91.99,
            "eps_avg_yearly": 5.81,
            "eps_latest_yearly": 5.48,
            "eps_growth_yearly": 5.84
        },
        "20144": {
            "year_quarter": 20144,
            "year": 2014,
            "quarter": 4,
            "eps": 1.16,
            "eps_growth_year": -14.26,
            "eps_4q": 4.95,
            "eps_4q_growth_year": -8.61,
            "roe": 2.63,
            "roe_4q": 11.39,
            "gross_profit": 314802,
            "gross_margin": 16.47,
            "gross_margin_4q_avg": 15.81,
            "net_income": 80937,
            "revenue": 1911105,
            "common_shares": 644000,
            "book_valuer_per_share": 47.03,
            "book_valuer_per_share_4q_avg": 45.98,
            "equity": 3146974,
            "current_ratio": 356.42,
            "debt_ratio": 28.09,
            "inventory_turnover_ratio": 2.03,
            "account_receivable_turnover_ratio": 1.08,
            "reinvestment_rate": -5.16,
            "research_to_sale_ratio": 0.28,
            "price_fair": 16.88,
            "eps_avg_yearly": 5.63,
            "eps_latest_yearly": 4.64,
            "eps_growth_yearly": -2.34
        },
        "20151": {
            "year_quarter": 20151,
            "year": 2015,
            "quarter": 1,
            "eps": 1.07,
            "eps_growth_year": -12.3,
            "eps_4q": 4.81,
            "eps_4q_growth_year": -11.38,
            "roe": 2.27,
            "roe_4q": 11.030000000000001,
            "gross_profit": 279800,
            "gross_margin": 16.76,
            "gross_margin_4q_avg": 16.36,
            "net_income": 72035,
            "revenue": 1669158,
            "common_shares": 643750,
            "book_valuer_per_share": 47.98,
            "book_valuer_per_share_4q_avg": 45.98,
            "equity": 3212405,
            "current_ratio": 435.34,
            "debt_ratio": 23.42,
            "inventory_turnover_ratio": 1.64,
            "account_receivable_turnover_ratio": 0.99,
            "reinvestment_rate": -5.39,
            "research_to_sale_ratio": 0,
            "price_fair": 16.19,
            "eps_avg_yearly": 5.4,
            "eps_latest_yearly": 4.28,
            "eps_growth_yearly": -5.47
        },
        "20152": {
            "year_quarter": 20152,
            "year": 2015,
            "quarter": 2,
            "eps": 1.23,
            "eps_growth_year": -8.21,
            "eps_4q": 4.7,
            "eps_4q_growth_year": -11.23,
            "roe": 2.65,
            "roe_4q": 10.69,
            "gross_profit": 297048,
            "gross_margin": 16.29,
            "gross_margin_4q_avg": 16.4,
            "net_income": 81451,
            "revenue": 1823869,
            "common_shares": 643500,
            "book_valuer_per_share": 43.88,
            "book_valuer_per_share_4q_avg": 45.98,
            "equity": 2933763,
            "current_ratio": 322.8,
            "debt_ratio": 30.84,
            "inventory_turnover_ratio": 1.8,
            "account_receivable_turnover_ratio": 1.11,
            "reinvestment_rate": -5.67,
            "research_to_sale_ratio": 0,
            "price_fair": 15.6,
            "eps_avg_yearly": 5.2,
            "eps_latest_yearly": 4.92,
            "eps_growth_yearly": -2.24
        },
        "20153": {
            "year_quarter": 20153,
            "year": 2015,
            "quarter": 3,
            "eps": 1.33,
            "eps_growth_year": -2.92,
            "eps_4q": 4.66,
            "eps_4q_growth_year": -8.45,
            "roe": 2.86,
            "roe_4q": 10.41,
            "gross_profit": 301104,
            "gross_margin": 16.64,
            "gross_margin_4q_avg": 16.54,
            "net_income": 86288,
            "revenue": 1809223,
            "common_shares": 643500,
            "book_valuer_per_share": 46.45,
            "book_valuer_per_share_4q_avg": 46.34,
            "equity": 3103129,
            "current_ratio": 408.94,
            "debt_ratio": 24.79,
            "inventory_turnover_ratio": 1.95,
            "account_receivable_turnover_ratio": 1.03,
            "reinvestment_rate": -5.83,
            "research_to_sale_ratio": 0,
            "price_fair": 72.93,
            "eps_avg_yearly": 5.12,
            "eps_latest_yearly": 5.32,
            "eps_growth_yearly": 4.25
        },
        "20154": {
            "year_quarter": 20154,
            "year": 2015,
            "quarter": 4,
            "eps": 1.01,
            "eps_growth_year": -13.49,
            "eps_4q": 4.51,
            "eps_4q_growth_year": -8.99,
            "roe": 2.22,
            "roe_4q": 10,
            "gross_profit": 285082,
            "gross_margin": 15.74,
            "gross_margin_4q_avg": 16.36,
            "net_income": 69455,
            "revenue": 1810660,
            "common_shares": 643460,
            "book_valuer_per_share": 47.06,
            "book_valuer_per_share_4q_avg": 46.34,
            "equity": 3147016,
            "current_ratio": 369.15,
            "debt_ratio": 28.3,
            "inventory_turnover_ratio": 2.17,
            "account_receivable_turnover_ratio": 1.02,
            "reinvestment_rate": 5.17,
            "research_to_sale_ratio": 0,
            "price_fair": 106.22,
            "eps_avg_yearly": 5.16,
            "eps_latest_yearly": 4.04,
            "eps_growth_yearly": 10.59
        },
        "20161": {
            "year_quarter": 20161,
            "year": 2016,
            "quarter": 1,
            "eps": 0.85,
            "eps_growth_year": -20.56,
            "eps_4q": 4.29,
            "eps_4q_growth_year": -10.88,
            "roe": 1.77,
            "roe_4q": 9.5,
            "gross_profit": 258683,
            "gross_margin": 15.91,
            "gross_margin_4q_avg": 16.15,
            "net_income": 55975,
            "revenue": 1625641,
            "common_shares": 643460,
            "book_valuer_per_share": 47.73,
            "book_valuer_per_share_4q_avg": 46.28,
            "equity": 3193148,
            "current_ratio": 434.98,
            "debt_ratio": 24.65,
            "inventory_turnover_ratio": 2.02,
            "account_receivable_turnover_ratio": 0.97,
            "reinvestment_rate": 4.88,
            "research_to_sale_ratio": null,
            "price_fair": 15.28,
            "eps_avg_yearly": 5.09,
            "eps_latest_yearly": 3.4,
            "eps_growth_yearly": -1.71
        },
        "20162": {
            "year_quarter": 20162,
            "year": 2016,
            "quarter": 2,
            "eps": 1.22,
            "eps_growth_year": -0.81,
            "eps_4q": 4.29,
            "eps_4q_growth_year": -8.86,
            "roe": 2.58,
            "roe_4q": 9.43,
            "gross_profit": 283413,
            "gross_margin": 16.23,
            "gross_margin_4q_avg": 16.13,
            "net_income": 79645,
            "revenue": 1746300,
            "common_shares": 642660,
            "book_valuer_per_share": 44.54,
            "book_valuer_per_share_4q_avg": 46.45,
            "equity": 2976629,
            "current_ratio": 311.91,
            "debt_ratio": 32.77,
            "inventory_turnover_ratio": 2.25,
            "account_receivable_turnover_ratio": 1.06,
            "reinvestment_rate": 15.01,
            "research_to_sale_ratio": null,
            "price_fair": 15.02,
            "eps_avg_yearly": 5.01,
            "eps_latest_yearly": 4.88,
            "eps_growth_yearly": -0.65
        },
        "20163": {
            "year_quarter": 20163,
            "year": 2016,
            "quarter": 3,
            "eps": 1.55,
            "eps_growth_year": 16.54,
            "eps_4q": 4.49,
            "eps_4q_growth_year": -3.67,
            "roe": 3.35,
            "roe_4q": 9.92,
            "gross_profit": 335334,
            "gross_margin": 17.47,
            "gross_margin_4q_avg": 16.34,
            "net_income": 100557,
            "revenue": 1919146,
            "common_shares": 642660,
            "book_valuer_per_share": 45.29,
            "book_valuer_per_share_4q_avg": 46.16,
            "equity": 3029323,
            "current_ratio": 362.94,
            "debt_ratio": 28.71,
            "inventory_turnover_ratio": 2.62,
            "account_receivable_turnover_ratio": 1.08,
            "reinvestment_rate": 15.27,
            "research_to_sale_ratio": null,
            "price_fair": 98.52,
            "eps_avg_yearly": 5.06,
            "eps_latest_yearly": 6.2,
            "eps_growth_yearly": 9.48
        },
        "20164": {
            "year_quarter": 20164,
            "year": 2016,
            "quarter": 4,
            "eps": 1.03,
            "eps_growth_year": 2.5,
            "eps_4q": 4.52,
            "eps_4q_growth_year": 0.42,
            "roe": 2.34,
            "roe_4q": 10.04,
            "gross_profit": 286307,
            "gross_margin": 14.74,
            "gross_margin_4q_avg": 16.09,
            "net_income": 71273,
            "revenue": 1942615,
            "common_shares": 641060,
            "book_valuer_per_share": 45.81,
            "book_valuer_per_share_4q_avg": 45.84,
            "equity": 3060803,
            "current_ratio": 336.75,
            "debt_ratio": 30.85,
            "inventory_turnover_ratio": 2.68,
            "account_receivable_turnover_ratio": 1.04,
            "reinvestment_rate": 15.71,
            "research_to_sale_ratio": null,
            "price_fair": 14.85,
            "eps_avg_yearly": 4.95,
            "eps_latest_yearly": 4.12,
            "eps_growth_yearly": -0.94
        },
        "20171": {
            "year_quarter": 20171,
            "year": 2017,
            "quarter": 1,
            "eps": 1.22,
            "eps_growth_year": 43.53,
            "eps_4q": 4.88,
            "eps_4q_growth_year": 13.71,
            "roe": 2.62,
            "roe_4q": 10.89,
            "gross_profit": 303987,
            "gross_margin": 17.12,
            "gross_margin_4q_avg": 16.39,
            "net_income": 79997,
            "revenue": 1775752,
            "common_shares": 641060,
            "book_valuer_per_share": 45.67,
            "book_valuer_per_share_4q_avg": 45.33,
            "equity": 3056558,
            "current_ratio": 382.12,
            "debt_ratio": 27.73,
            "inventory_turnover_ratio": 2.03,
            "account_receivable_turnover_ratio": 1.01,
            "reinvestment_rate": 13.23,
            "research_to_sale_ratio": null,
            "price_fair": 89.78,
            "eps_avg_yearly": 4.96,
            "eps_latest_yearly": 4.88,
            "eps_growth_yearly": 8.12
        },
        "20172": {
            "year_quarter": 20172,
            "year": 2017,
            "quarter": 2,
            "eps": 1.21,
            "eps_growth_year": -0.82,
            "eps_4q": 4.87,
            "eps_4q_growth_year": 13.72,
            "roe": 2.68,
            "roe_4q": 10.99,
            "gross_profit": 322723,
            "gross_margin": 17.39,
            "gross_margin_4q_avg": 16.68,
            "net_income": 79854,
            "revenue": 1855427,
            "common_shares": 641010,
            "book_valuer_per_share": 43.59,
            "book_valuer_per_share_4q_avg": 45.09,
            "equity": 2912838,
            "current_ratio": 296.44,
            "debt_ratio": 34.45,
            "inventory_turnover_ratio": 2.03,
            "account_receivable_turnover_ratio": 1.05,
            "reinvestment_rate": 13.06,
            "research_to_sale_ratio": null,
            "price_fair": 59.05,
            "eps_avg_yearly": 4.89,
            "eps_latest_yearly": 4.84,
            "eps_growth_yearly": 2.08
        },
        "20173": {
            "year_quarter": 20173,
            "year": 2017,
            "quarter": 3,
            "eps": 1.8,
            "eps_growth_year": 16.13,
            "eps_4q": 5.12,
            "eps_4q_growth_year": 13.99,
            "roe": 3.93,
            "roe_4q": 11.57,
            "gross_profit": 362771,
            "gross_margin": 17.82,
            "gross_margin_4q_avg": 16.77,
            "net_income": 117095,
            "revenue": 2036067,
            "common_shares": 641010,
            "book_valuer_per_share": 45.63,
            "book_valuer_per_share_4q_avg": 45.18,
            "equity": 3049135,
            "current_ratio": 345.74,
            "debt_ratio": 30.03,
            "inventory_turnover_ratio": 2.43,
            "account_receivable_turnover_ratio": 1.07,
            "reinvestment_rate": 13.14,
            "research_to_sale_ratio": null,
            "price_fair": 129.61,
            "eps_avg_yearly": 4.99,
            "eps_latest_yearly": 7.2,
            "eps_growth_yearly": 15.96
        },
        "20174": {
            "year_quarter": 20174,
            "year": 2017,
            "quarter": 4,
            "eps": 1.37,
            "eps_growth_year": 33.21,
            "eps_4q": 5.46,
            "eps_4q_growth_year": 20.73,
            "roe": 3,
            "roe_4q": 12.23,
            "gross_profit": 382934,
            "gross_margin": 19.1,
            "gross_margin_4q_avg": 17.86,
            "net_income": 93681,
            "revenue": 2005090,
            "common_shares": 641010,
            "book_valuer_per_share": 47.81,
            "book_valuer_per_share_4q_avg": 45.68,
            "equity": 3194495,
            "current_ratio": 322.3,
            "debt_ratio": 31.29,
            "inventory_turnover_ratio": 2.38,
            "account_receivable_turnover_ratio": 1.02,
            "reinvestment_rate": 16.95,
            "research_to_sale_ratio": null,
            "price_fair": 101.65,
            "eps_avg_yearly": 5,
            "eps_latest_yearly": 5.48,
            "eps_growth_yearly": 10.35
        },
        "20181": {
            "year_quarter": 20181,
            "year": 2018,
            "quarter": 1,
            "eps": 1.76,
            "eps_growth_year": 44.26,
            "eps_4q": 5.99,
            "eps_4q_growth_year": 22.79,
            "roe": 3.52,
            "roe_4q": 13.129999999999999,
            "gross_profit": 406957,
            "gross_margin": 19.81,
            "gross_margin_4q_avg": 18.53,
            "net_income": 114555,
            "revenue": 2054473,
            "common_shares": 641010,
            "book_valuer_per_share": 49.72,
            "book_valuer_per_share_4q_avg": 46.69,
            "equity": 3322184,
            "current_ratio": 333.82,
            "debt_ratio": 30.56,
            "inventory_turnover_ratio": 2.18,
            "account_receivable_turnover_ratio": 1.07,
            "reinvestment_rate": 2.81,
            "research_to_sale_ratio": null,
            "price_fair": 154.11,
            "eps_avg_yearly": 5.13,
            "eps_latest_yearly": 7.04,
            "eps_growth_yearly": 20.04
        },
        "20182": {
            "year_quarter": 20182,
            "year": 2018,
            "quarter": 2,
            "eps": 2,
            "eps_growth_year": 65.29,
            "eps_4q": 6.76,
            "eps_4q_growth_year": 38.63,
            "roe": 3.98,
            "roe_4q": 14.43,
            "gross_profit": 451173,
            "gross_margin": 20.11,
            "gross_margin_4q_avg": 19.21,
            "net_income": 129267,
            "revenue": 2243580,
            "common_shares": 640610,
            "book_valuer_per_share": 47.5,
            "book_valuer_per_share_4q_avg": 47.67,
            "equity": 3166216,
            "current_ratio": 261.09,
            "debt_ratio": 38.17,
            "inventory_turnover_ratio": 2.22,
            "account_receivable_turnover_ratio": 1.12,
            "reinvestment_rate": 2.68,
            "research_to_sale_ratio": null,
            "price_fair": 164.1,
            "eps_avg_yearly": 5.3,
            "eps_latest_yearly": 8,
            "eps_growth_yearly": 20.99
        },
        "20183": {
            "year_quarter": 20183,
            "year": 2018,
            "quarter": 3,
            "eps": 2.1,
            "eps_growth_year": 16.67,
            "eps_4q": 7.05,
            "eps_4q_growth_year": 37.67,
            "roe": 4.22,
            "roe_4q": 14.719999999999999,
            "gross_profit": 425126,
            "gross_margin": 18.7,
            "gross_margin_4q_avg": 19.43,
            "net_income": 135296,
            "revenue": 2273542,
            "common_shares": 640610,
            "book_valuer_per_share": 48.65,
            "book_valuer_per_share_4q_avg": 48.42,
            "equity": 3244556,
            "current_ratio": 309.7,
            "debt_ratio": 32.45,
            "inventory_turnover_ratio": 2.27,
            "account_receivable_turnover_ratio": 1.05,
            "reinvestment_rate": -1.02,
            "research_to_sale_ratio": null,
            "price_fair": 173.54,
            "eps_avg_yearly": 5.48,
            "eps_latest_yearly": 8.4,
            "eps_growth_yearly": 21.68
        },
        "20184": {
            "year_quarter": 20184,
            "year": 2018,
            "quarter": 4,
            "eps": 1.56,
            "eps_growth_year": 13.33,
            "eps_4q": 7.23,
            "eps_4q_growth_year": 32.39,
            "roe": 3.09,
            "roe_4q": 14.809999999999999,
            "gross_profit": 361395,
            "gross_margin": 18.32,
            "gross_margin_4q_avg": 19.24,
            "net_income": 102534,
            "revenue": 1973072,
            "common_shares": 640610,
            "book_valuer_per_share": 50.78,
            "book_valuer_per_share_4q_avg": 49.16,
            "equity": 3384021,
            "current_ratio": 317.76,
            "debt_ratio": 31.62,
            "inventory_turnover_ratio": 1.84,
            "account_receivable_turnover_ratio": 0.92,
            "reinvestment_rate": -0.45,
            "research_to_sale_ratio": null,
            "price_fair": 162.22,
            "eps_avg_yearly": 5.58,
            "eps_latest_yearly": 6.24,
            "eps_growth_yearly": 19.09
        },
        "20191": {
            "year_quarter": 20191,
            "year": 2019,
            "quarter": 1,
            "eps": 1.11,
            "eps_growth_year": -36.93,
            "eps_4q": 5.86,
            "eps_4q_growth_year": -2.12,
            "roe": 2.16,
            "roe_4q": 13.45,
            "gross_profit": 305565,
            "gross_margin": 17.64,
            "gross_margin_4q_avg": 18.69,
            "net_income": 80772,
            "revenue": 1731935,
            "common_shares": 740610,
            "book_valuer_per_share": 53.72,
            "book_valuer_per_share_4q_avg": 50.16,
            "equity": 4110469,
            "current_ratio": 441.77,
            "debt_ratio": 24.17,
            "inventory_turnover_ratio": 1.62,
            "account_receivable_turnover_ratio": 0.89,
            "reinvestment_rate": -0.46,
            "research_to_sale_ratio": null,
            "price_fair": 133.06,
            "eps_avg_yearly": 5.59,
            "eps_latest_yearly": 4.44,
            "eps_growth_yearly": 13.81
        },
        "20192": {
            "year_quarter": 20192,
            "year": 2019,
            "quarter": 2,
            "eps": 1.3,
            "eps_growth_year": -35,
            "eps_4q": 5.48,
            "eps_4q_growth_year": -18.84,
            "roe": 2.5,
            "roe_4q": 11.969999999999999,
            "gross_profit": 336464,
            "gross_margin": 16.58,
            "gross_margin_4q_avg": 17.81,
            "net_income": 99026,
            "revenue": 2029016,
            "common_shares": 740610,
            "book_valuer_per_share": 49.68,
            "book_valuer_per_share_4q_avg": 50.71,
            "equity": 3802099,
            "current_ratio": 304.86,
            "debt_ratio": 33.15,
            "inventory_turnover_ratio": 2.05,
            "account_receivable_turnover_ratio": 1.06,
            "reinvestment_rate": -0.46,
            "research_to_sale_ratio": null,
            "price_fair": 136.51,
            "eps_avg_yearly": 5.61,
            "eps_latest_yearly": 5.2,
            "eps_growth_yearly": 14.35
        },
        "20193": {
            "year_quarter": 20193,
            "year": 2019,
            "quarter": 3,
            "eps": 1.36,
            "eps_growth_year": -35.24,
            "eps_4q": 5.09,
            "eps_4q_growth_year": -27.86,
            "roe": 2.73,
            "roe_4q": 10.48,
            "gross_profit": 350284,
            "gross_margin": 16.91,
            "gross_margin_4q_avg": 17.36,
            "net_income": 104580,
            "revenue": 2071839,
            "common_shares": 740610,
            "book_valuer_per_share": 50.34,
            "book_valuer_per_share_4q_avg": 51.13,
            "equity": 3854568,
            "current_ratio": 366.24,
            "debt_ratio": 27.9,
            "inventory_turnover_ratio": 2.14,
            "account_receivable_turnover_ratio": 1,
            "reinvestment_rate": -0.77,
            "research_to_sale_ratio": null,
            "price_fair": 131.76,
            "eps_avg_yearly": 5.61,
            "eps_latest_yearly": 5.44,
            "eps_growth_yearly": 13.48
        },
        "20194": {
            "year_quarter": 20194,
            "year": 2019,
            "quarter": 4,
            "eps": 1.33,
            "eps_growth_year": -14.22,
            "eps_4q": 5.07,
            "eps_4q_growth_year": -29.83,
            "roe": 2.62,
            "roe_4q": 10.01,
            "gross_profit": 325308,
            "gross_margin": 16.77,
            "gross_margin_4q_avg": 16.98,
            "net_income": 101979,
            "revenue": 1939544,
            "common_shares": 740610,
            "book_valuer_per_share": 51.18,
            "book_valuer_per_share_4q_avg": 51.23,
            "equity": 3920075,
            "current_ratio": 366.59,
            "debt_ratio": 26.5,
            "inventory_turnover_ratio": 2.01,
            "account_receivable_turnover_ratio": 0.98,
            "reinvestment_rate": -2.14,
            "research_to_sale_ratio": null,
            "price_fair": 164.74,
            "eps_avg_yearly": 5.69,
            "eps_latest_yearly": 5.32,
            "eps_growth_yearly": 18.94
        },
        "20201": {
            "year_quarter": 20201,
            "year": 2020,
            "quarter": 1,
            "eps": 1.14,
            "eps_growth_year": 2.7,
            "eps_4q": 5.13,
            "eps_4q_growth_year": -12.52,
            "roe": 2.21,
            "roe_4q": 10.06,
            "gross_profit": 302196,
            "gross_margin": 17.15,
            "gross_margin_4q_avg": 16.85,
            "net_income": 87632,
            "revenue": 1761923,
            "common_shares": 740610,
            "book_valuer_per_share": 52.33,
            "book_valuer_per_share_4q_avg": 50.88,
            "equity": 4008066,
            "current_ratio": 413.58,
            "debt_ratio": 23.62,
            "inventory_turnover_ratio": 1.74,
            "account_receivable_turnover_ratio": 0.97,
            "reinvestment_rate": 7.64,
            "research_to_sale_ratio": null,
            "price_fair": 169.08,
            "eps_avg_yearly": 5.77,
            "eps_latest_yearly": 4.56,
            "eps_growth_yearly": 19.33
        },
        "20202": {
            "year_quarter": 20202,
            "year": 2020,
            "quarter": 2,
            "eps": 1.28,
            "eps_growth_year": -1.54,
            "eps_4q": 5.11,
            "eps_4q_growth_year": -6.77,
            "roe": 2.56,
            "roe_4q": 10.12,
            "gross_profit": 310844,
            "gross_margin": 16.49,
            "gross_margin_4q_avg": 16.83,
            "net_income": 99771,
            "revenue": 1884495,
            "common_shares": 740610,
            "book_valuer_per_share": 49.22,
            "book_valuer_per_share_4q_avg": 50.77,
            "equity": 3775534,
            "current_ratio": 380.38,
            "debt_ratio": 25.22,
            "inventory_turnover_ratio": 1.9,
            "account_receivable_turnover_ratio": 1.02,
            "reinvestment_rate": 7.38,
            "research_to_sale_ratio": null,
            "price_fair": 124.36,
            "eps_avg_yearly": 5.78,
            "eps_latest_yearly": 5.12,
            "eps_growth_yearly": 11.52
        },
        "20203": {
            "year_quarter": 20203,
            "year": 2020,
            "quarter": 3,
            "eps": 1.39,
            "eps_growth_year": 2.21,
            "eps_4q": 5.14,
            "eps_4q_growth_year": 1.11,
            "roe": 2.78,
            "roe_4q": 10.17,
            "gross_profit": 349624,
            "gross_margin": 16.67,
            "gross_margin_4q_avg": 16.77,
            "net_income": 106897,
            "revenue": 2096746,
            "common_shares": 740610,
            "book_valuer_per_share": 51,
            "book_valuer_per_share_4q_avg": 50.93,
            "equity": 3911259,
            "current_ratio": 369,
            "debt_ratio": 25.81,
            "inventory_turnover_ratio": 2.37,
            "account_receivable_turnover_ratio": 1.04,
            "reinvestment_rate": 7.28,
            "research_to_sale_ratio": null,
            "price_fair": 97.02,
            "eps_avg_yearly": 5.74,
            "eps_latest_yearly": 5.56,
            "eps_growth_yearly": 6.9
        },
        "20204": {
            "year_quarter": 20204,
            "year": 2020,
            "quarter": 4,
            "eps": 1.52,
            "eps_growth_year": 13.6,
            "eps_4q": 5.32,
            "eps_4q_growth_year": 4.91,
            "roe": 2.91,
            "roe_4q": 10.46,
            "gross_profit": 403937,
            "gross_margin": 18.62,
            "gross_margin_4q_avg": 17.23,
            "net_income": 117433,
            "revenue": 2169390,
            "common_shares": 740610,
            "book_valuer_per_share": 54.09,
            "book_valuer_per_share_4q_avg": 51.66,
            "equity": 4148156,
            "current_ratio": 337.01,
            "debt_ratio": 27.49,
            "inventory_turnover_ratio": 2.59,
            "account_receivable_turnover_ratio": 1.06,
            "reinvestment_rate": 9.49,
            "research_to_sale_ratio": null,
            "price_fair": 161.97,
            "eps_avg_yearly": 5.86,
            "eps_latest_yearly": 6.08,
            "eps_growth_yearly": 17.63
        },
        "20211": {
            "year_quarter": 20211,
            "year": 2021,
            "quarter": 1,
            "eps": 1.88,
            "eps_growth_year": 64.91,
            "eps_4q": 6.07,
            "eps_4q_growth_year": 18.32,
            "roe": 3.48,
            "roe_4q": 11.73,
            "gross_profit": 446043,
            "gross_margin": 20.15,
            "gross_margin_4q_avg": 17.98,
            "net_income": 146575,
            "revenue": 2213313,
            "common_shares": 740610,
            "book_valuer_per_share": 55.87,
            "book_valuer_per_share_4q_avg": 52.55,
            "equity": 4286865,
            "current_ratio": 348.33,
            "debt_ratio": 26.75,
            "inventory_turnover_ratio": 2.56,
            "account_receivable_turnover_ratio": 1.1,
            "reinvestment_rate": 8.94,
            "research_to_sale_ratio": null,
            "price_fair": 174.42,
            "eps_avg_yearly": 6.03,
            "eps_latest_yearly": 7.52,
            "eps_growth_yearly": 18.94
        },
        "20212": {
            "year_quarter": 20212,
            "year": 2021,
            "quarter": 2,
            "eps": 1.92,
            "eps_growth_year": 50,
            "eps_4q": 6.71,
            "eps_4q_growth_year": 31.2,
            "roe": 3.38,
            "roe_4q": 12.549999999999999,
            "gross_profit": 445675,
            "gross_margin": 19.99,
            "gross_margin_4q_avg": 18.86,
            "net_income": 146796,
            "revenue": 2229818,
            "common_shares": 740610,
            "book_valuer_per_share": 57.37,
            "book_valuer_per_share_4q_avg": 54.58,
            "equity": 4388040,
            "current_ratio": 350.44,
            "debt_ratio": 26.61,
            "inventory_turnover_ratio": 2.49,
            "account_receivable_turnover_ratio": 1.06,
            "reinvestment_rate": 8.63,
            "research_to_sale_ratio": null,
            "price_fair": 184.12,
            "eps_avg_yearly": 6.21,
            "eps_latest_yearly": 7.68,
            "eps_growth_yearly": 19.67
        },
        "20213": {
            "year_quarter": 20213,
            "year": 2021,
            "quarter": 3,
            "eps": 2.12,
            "eps_growth_year": 52.52,
            "eps_4q": 7.44,
            "eps_4q_growth_year": 44.7,
            "roe": 3.75,
            "roe_4q": 13.52,
            "gross_profit": 463488,
            "gross_margin": 18.74,
            "gross_margin_4q_avg": 19.38,
            "net_income": 161437,
            "revenue": 2473675,
            "common_shares": 740610,
            "book_valuer_per_share": 55.15,
            "book_valuer_per_share_4q_avg": 55.62,
            "equity": 4228225,
            "current_ratio": 309.29,
            "debt_ratio": 29.87,
            "inventory_turnover_ratio": 2.66,
            "account_receivable_turnover_ratio": 1.09,
            "reinvestment_rate": 7.98,
            "research_to_sale_ratio": null,
            "price_fair": 126.25,
            "eps_avg_yearly": 6.29,
            "eps_latest_yearly": 8.48,
            "eps_growth_yearly": 10.09
        },
        "20214": {
            "year_quarter": 20214,
            "year": 2021,
            "quarter": 4,
            "eps": 2.11,
            "eps_growth_year": 39.5,
            "eps_4q": 8.04,
            "eps_4q_growth_year": 51.02,
            "roe": 3.69,
            "roe_4q": 14.3,
            "gross_profit": 507861,
            "gross_margin": 20.18,
            "gross_margin_4q_avg": 19.77,
            "net_income": 160403,
            "revenue": 2517197,
            "common_shares": 740610,
            "book_valuer_per_share": 58.19,
            "book_valuer_per_share_4q_avg": 56.65,
            "equity": 4456943,
            "current_ratio": 307.58,
            "debt_ratio": 29.87,
            "inventory_turnover_ratio": 2.52,
            "account_receivable_turnover_ratio": 1.05,
            "reinvestment_rate": 4.75,
            "research_to_sale_ratio": null,
            "price_fair": 167.84,
            "eps_avg_yearly": 6.47,
            "eps_latest_yearly": 8.44,
            "eps_growth_yearly": 15.94
        },
        "20221": {
            "year_quarter": 20221,
            "year": 2022,
            "quarter": 1,
            "eps": 2.17,
            "eps_growth_year": 15.43,
            "eps_4q": 8.33,
            "eps_4q_growth_year": 37.19,
            "roe": 3.56,
            "roe_4q": 14.379999999999999,
            "gross_profit": 483535,
            "gross_margin": 20.43,
            "gross_margin_4q_avg": 19.84,
            "net_income": 163700,
            "revenue": 2367334,
            "common_shares": 740610,
            "book_valuer_per_share": 61.86,
            "book_valuer_per_share_4q_avg": 58.14,
            "equity": 4732282,
            "current_ratio": 310.47,
            "debt_ratio": 29.77,
            "inventory_turnover_ratio": 1.97,
            "account_receivable_turnover_ratio": 1,
            "reinvestment_rate": 14.28,
            "research_to_sale_ratio": null,
            "price_fair": 128.4,
            "eps_avg_yearly": 6.57,
            "eps_latest_yearly": 8.68,
            "eps_growth_yearly": 9.54
        },
        "20222": {
            "year_quarter": 20222,
            "year": 2022,
            "quarter": 2,
            "eps": 2.02,
            "eps_growth_year": 5.21,
            "eps_4q": 8.43,
            "eps_4q_growth_year": 25.64,
            "roe": 3.35,
            "roe_4q": 14.35,
            "gross_profit": 441385,
            "gross_margin": 18.56,
            "gross_margin_4q_avg": 19.48,
            "net_income": 153151,
            "revenue": 2378642,
            "common_shares": 740610,
            "book_valuer_per_share": 57.59,
            "book_valuer_per_share_4q_avg": 58.2,
            "equity": 4405502,
            "current_ratio": 224.3,
            "debt_ratio": 41.04,
            "inventory_turnover_ratio": 1.65,
            "account_receivable_turnover_ratio": 1.01,
            "reinvestment_rate": 13.72,
            "research_to_sale_ratio": null,
            "price_fair": 94.71,
            "eps_avg_yearly": 6.58,
            "eps_latest_yearly": 8.08,
            "eps_growth_yearly": 4.4
        },
        "20223": {
            "year_quarter": 20223,
            "year": 2022,
            "quarter": 3,
            "eps": 1.58,
            "eps_growth_year": -25.47,
            "eps_4q": 7.89,
            "eps_4q_growth_year": 5.99,
            "roe": 2.61,
            "roe_4q": 13.209999999999999,
            "gross_profit": 359320,
            "gross_margin": 16.61,
            "gross_margin_4q_avg": 18.95,
            "net_income": 117593,
            "revenue": 2162880,
            "common_shares": 740610,
            "book_valuer_per_share": 60.06,
            "book_valuer_per_share_4q_avg": 59.43,
            "equity": 4589430,
            "current_ratio": 298.86,
            "debt_ratio": 31.07,
            "inventory_turnover_ratio": 1.42,
            "account_receivable_turnover_ratio": 0.95,
            "reinvestment_rate": 13.75,
            "research_to_sale_ratio": null,
            "price_fair": 19.34,
            "eps_avg_yearly": 6.45,
            "eps_latest_yearly": 6.32,
            "eps_growth_yearly": -2.3
        },
        "20224": {
            "year_quarter": 20224,
            "year": 2022,
            "quarter": 4,
            "eps": 0.53,
            "eps_growth_year": -75.09,
            "eps_4q": 6.3,
            "eps_4q_growth_year": -21.66,
            "roe": 0.87,
            "roe_4q": 10.39,
            "gross_profit": 262665,
            "gross_margin": 14.63,
            "gross_margin_4q_avg": 17.56,
            "net_income": 40101,
            "revenue": 1795028,
            "common_shares": 740610,
            "book_valuer_per_share": 61,
            "book_valuer_per_share_4q_avg": 60.13,
            "equity": 4659541,
            "current_ratio": 466.66,
            "debt_ratio": 29.92,
            "inventory_turnover_ratio": 1.31,
            "account_receivable_turnover_ratio": 0.91,
            "reinvestment_rate": 13.56,
            "research_to_sale_ratio": null,
            "price_fair": 18.57,
            "eps_avg_yearly": 6.19,
            "eps_latest_yearly": 2.12,
            "eps_growth_yearly": -12.48
        },
        "20231": {
            "year_quarter": 20231,
            "year": 2023,
            "quarter": 1,
            "eps": 0.68,
            "eps_growth_year": -68.66,
            "eps_4q": 4.81,
            "eps_4q_growth_year": -42.27,
            "roe": 1.18,
            "roe_4q": 8.01,
            "gross_profit": 267161,
            "gross_margin": 15.51,
            "gross_margin_4q_avg": 16.33,
            "net_income": 53354,
            "revenue": 1722671,
            "common_shares": 740624,
            "book_valuer_per_share": 57.32,
            "book_valuer_per_share_4q_avg": 58.99,
            "equity": 4390355,
            "current_ratio": 419.97,
            "debt_ratio": 32.25,
            "inventory_turnover_ratio": 1.53,
            "account_receivable_turnover_ratio": 0.98,
            "reinvestment_rate": 13.75,
            "research_to_sale_ratio": null,
            "price_fair": 71.8,
            "eps_avg_yearly": 6.08,
            "eps_latest_yearly": 2.72,
            "eps_growth_yearly": 1.8
        }
    },
    "months": {
        "2004-11": {
            "month": "2004-11",
            "price": "95.35",
            "revenue": 216099
        },
        "2004-12": {
            "month": "2004-12",
            "price": "92.72",
            "revenue": 206096
        },
        "2005-01": {
            "month": "2005-01",
            "price": "82.58",
            "revenue": 213676
        },
        "2005-02": {
            "month": "2005-02",
            "price": "87.81",
            "revenue": 191773
        },
        "2005-03": {
            "month": "2005-03",
            "price": "92.09",
            "revenue": 301594
        },
        "2005-04": {
            "month": "2005-04",
            "price": "91.25",
            "revenue": 259272
        },
        "2005-05": {
            "month": "2005-05",
            "price": "86.84",
            "revenue": 223147
        },
        "2005-06": {
            "month": "2005-06",
            "price": "93.52",
            "revenue": 206227
        },
        "2005-07": {
            "month": "2005-07",
            "price": "120.11",
            "revenue": 185966
        },
        "2005-08": {
            "month": "2005-08",
            "price": "137.03",
            "revenue": 210276
        },
        "2005-09": {
            "month": "2005-09",
            "price": "114.74",
            "revenue": 217232
        },
        "2005-10": {
            "month": "2005-10",
            "price": "112.55",
            "revenue": 231496
        },
        "2005-11": {
            "month": "2005-11",
            "price": "112.01",
            "revenue": 205751
        },
        "2005-12": {
            "month": "2005-12",
            "price": "114.99",
            "revenue": 185114
        },
        "2006-01": {
            "month": "2006-01",
            "price": "131.14",
            "revenue": 214832
        },
        "2006-02": {
            "month": "2006-02",
            "price": "143.62",
            "revenue": 174851
        },
        "2006-03": {
            "month": "2006-03",
            "price": "125.26",
            "revenue": 283220
        },
        "2006-04": {
            "month": "2006-04",
            "price": "118.95",
            "revenue": 245518
        },
        "2006-05": {
            "month": "2006-05",
            "price": "121.07",
            "revenue": 263155
        },
        "2006-06": {
            "month": "2006-06",
            "price": "105.77",
            "revenue": 267605
        },
        "2006-07": {
            "month": "2006-07",
            "price": "107.64",
            "revenue": 269794
        },
        "2006-08": {
            "month": "2006-08",
            "price": "105.67",
            "revenue": 314854
        },
        "2006-09": {
            "month": "2006-09",
            "price": "109.74",
            "revenue": 291167
        },
        "2006-10": {
            "month": "2006-10",
            "price": "110.80",
            "revenue": 302835
        },
        "2006-11": {
            "month": "2006-11",
            "price": "110.18",
            "revenue": 300453
        },
        "2006-12": {
            "month": "2006-12",
            "price": "112.38",
            "revenue": 284958
        },
        "2007-01": {
            "month": "2007-01",
            "price": "124.86",
            "revenue": 329066
        },
        "2007-02": {
            "month": "2007-02",
            "price": "132.29",
            "revenue": 207184
        },
        "2007-03": {
            "month": "2007-03",
            "price": "143.04",
            "revenue": 385106
        },
        "2007-04": {
            "month": "2007-04",
            "price": "153.22",
            "revenue": 377922
        },
        "2007-05": {
            "month": "2007-05",
            "price": "154.77",
            "revenue": 382895
        },
        "2007-06": {
            "month": "2007-06",
            "price": "164.52",
            "revenue": 330935
        },
        "2007-07": {
            "month": "2007-07",
            "price": "192.73",
            "revenue": 326092
        },
        "2007-08": {
            "month": "2007-08",
            "price": "214.52",
            "revenue": 333611
        },
        "2007-09": {
            "month": "2007-09",
            "price": "215.50",
            "revenue": 310822
        },
        "2007-10": {
            "month": "2007-10",
            "price": "194.66",
            "revenue": 355968
        },
        "2007-11": {
            "month": "2007-11",
            "price": "159.05",
            "revenue": 387665
        },
        "2007-12": {
            "month": "2007-12",
            "price": "139.02",
            "revenue": 362985
        },
        "2008-01": {
            "month": "2008-01",
            "price": "129.93",
            "revenue": 475296
        },
        "2008-02": {
            "month": "2008-02",
            "price": "136.46",
            "revenue": 273932
        },
        "2008-03": {
            "month": "2008-03",
            "price": "146.45",
            "revenue": 316552
        },
        "2008-04": {
            "month": "2008-04",
            "price": "143.31",
            "revenue": 313063
        },
        "2008-05": {
            "month": "2008-05",
            "price": "140.48",
            "revenue": 333256
        },
        "2008-06": {
            "month": "2008-06",
            "price": "120.76",
            "revenue": 373443
        },
        "2008-07": {
            "month": "2008-07",
            "price": "109.40",
            "revenue": 347121
        },
        "2008-08": {
            "month": "2008-08",
            "price": "95.26",
            "revenue": 329608
        },
        "2008-09": {
            "month": "2008-09",
            "price": "73.25",
            "revenue": 359448
        },
        "2008-10": {
            "month": "2008-10",
            "price": "59.24",
            "revenue": 310011
        },
        "2008-11": {
            "month": "2008-11",
            "price": "47.28",
            "revenue": 191709
        },
        "2008-12": {
            "month": "2008-12",
            "price": "39.68",
            "revenue": 146640
        },
        "2009-01": {
            "month": "2009-01",
            "price": "37.21",
            "revenue": 136632
        },
        "2009-02": {
            "month": "2009-02",
            "price": "37.50",
            "revenue": 172867
        },
        "2009-03": {
            "month": "2009-03",
            "price": "44.00",
            "revenue": 217927
        },
        "2009-04": {
            "month": "2009-04",
            "price": "49.92",
            "revenue": 241012
        },
        "2009-05": {
            "month": "2009-05",
            "price": "54.14",
            "revenue": 207166
        },
        "2009-06": {
            "month": "2009-06",
            "price": "52.35",
            "revenue": 270446
        },
        "2009-07": {
            "month": "2009-07",
            "price": "52.88",
            "revenue": 274997
        },
        "2009-08": {
            "month": "2009-08",
            "price": "54.70",
            "revenue": 287868
        },
        "2009-09": {
            "month": "2009-09",
            "price": "65.02",
            "revenue": 313984
        },
        "2009-10": {
            "month": "2009-10",
            "price": "69.85",
            "revenue": 319278
        },
        "2009-11": {
            "month": "2009-11",
            "price": "68.39",
            "revenue": 280162
        },
        "2009-12": {
            "month": "2009-12",
            "price": "71.32",
            "revenue": 276563
        },
        "2010-01": {
            "month": "2010-01",
            "price": "70.86",
            "revenue": 293298
        },
        "2010-02": {
            "month": "2010-02",
            "price": "66.79",
            "revenue": 249477
        },
        "2010-03": {
            "month": "2010-03",
            "price": "70.51",
            "revenue": 368750
        },
        "2010-04": {
            "month": "2010-04",
            "price": "78.03",
            "revenue": 359131
        },
        "2010-05": {
            "month": "2010-05",
            "price": "76.60",
            "revenue": 339375
        },
        "2010-06": {
            "month": "2010-06",
            "price": "74.53",
            "revenue": 310089
        },
        "2010-07": {
            "month": "2010-07",
            "price": "72.16",
            "revenue": 318370
        },
        "2010-08": {
            "month": "2010-08",
            "price": "75.01",
            "revenue": 330337
        },
        "2010-09": {
            "month": "2010-09",
            "price": "76.26",
            "revenue": 301529
        },
        "2010-10": {
            "month": "2010-10",
            "price": "74.40",
            "revenue": 253380
        },
        "2010-11": {
            "month": "2010-11",
            "price": "72.11",
            "revenue": 248771
        },
        "2010-12": {
            "month": "2010-12",
            "price": "72.61",
            "revenue": 246294
        },
        "2011-01": {
            "month": "2011-01",
            "price": "73.42",
            "revenue": 262009
        },
        "2011-02": {
            "month": "2011-02",
            "price": "77.08",
            "revenue": 194408
        },
        "2011-03": {
            "month": "2011-03",
            "price": "90.53",
            "revenue": 342785
        },
        "2011-04": {
            "month": "2011-04",
            "price": "89.93",
            "revenue": 273092
        },
        "2011-05": {
            "month": "2011-05",
            "price": "86.49",
            "revenue": 253404
        },
        "2011-06": {
            "month": "2011-06",
            "price": "83.90",
            "revenue": 255732
        },
        "2011-07": {
            "month": "2011-07",
            "price": "80.06",
            "revenue": 242259
        },
        "2011-08": {
            "month": "2011-08",
            "price": "69.66",
            "revenue": 247893
        },
        "2011-09": {
            "month": "2011-09",
            "price": "65.89",
            "revenue": 234150
        },
        "2011-10": {
            "month": "2011-10",
            "price": "64.20",
            "revenue": 218882
        },
        "2011-11": {
            "month": "2011-11",
            "price": "63.53",
            "revenue": 225745
        },
        "2011-12": {
            "month": "2011-12",
            "price": "60.83",
            "revenue": 223861
        },
        "2012-01": {
            "month": "2012-01",
            "price": "61.87",
            "revenue": 395677
        },
        "2012-02": {
            "month": "2012-02",
            "price": "69.76",
            "revenue": 460837
        },
        "2012-03": {
            "month": "2012-03",
            "price": "73.31",
            "revenue": 538272
        },
        "2012-04": {
            "month": "2012-04",
            "price": "72.33",
            "revenue": 537357
        },
        "2012-05": {
            "month": "2012-05",
            "price": "70.34",
            "revenue": 601534
        },
        "2012-06": {
            "month": "2012-06",
            "price": "69.68",
            "revenue": 574052
        },
        "2012-07": {
            "month": "2012-07",
            "price": "65.40",
            "revenue": 543496
        },
        "2012-08": {
            "month": "2012-08",
            "price": "62.85",
            "revenue": 540435
        },
        "2012-09": {
            "month": "2012-09",
            "price": "63.07",
            "revenue": 559630
        },
        "2012-10": {
            "month": "2012-10",
            "price": "61.11",
            "revenue": 624845
        },
        "2012-11": {
            "month": "2012-11",
            "price": "59.60",
            "revenue": 582661
        },
        "2012-12": {
            "month": "2012-12",
            "price": "60.70",
            "revenue": 512730
        },
        "2013-01": {
            "month": "2013-01",
            "price": "61.59",
            "revenue": 586511
        },
        "2013-02": {
            "month": "2013-02",
            "price": "63.65",
            "revenue": 395755
        },
        "2013-03": {
            "month": "2013-03",
            "price": "65.31",
            "revenue": 583749
        },
        "2013-04": {
            "month": "2013-04",
            "price": "68.83",
            "revenue": 624216
        },
        "2013-05": {
            "month": "2013-05",
            "price": "69.48",
            "revenue": 608548
        },
        "2013-06": {
            "month": "2013-06",
            "price": "68.48",
            "revenue": 567828
        },
        "2013-07": {
            "month": "2013-07",
            "price": "66.53",
            "revenue": 644211
        },
        "2013-08": {
            "month": "2013-08",
            "price": "66.75",
            "revenue": 623064
        },
        "2013-09": {
            "month": "2013-09",
            "price": "67.94",
            "revenue": 647226
        },
        "2013-10": {
            "month": "2013-10",
            "price": "71.78",
            "revenue": 618913
        },
        "2013-11": {
            "month": "2013-11",
            "price": "70.70",
            "revenue": 642498
        },
        "2013-12": {
            "month": "2013-12",
            "price": "70.80",
            "revenue": 634838
        },
        "2014-01": {
            "month": "2014-01",
            "price": "72.78",
            "revenue": 658916
        },
        "2014-02": {
            "month": "2014-02",
            "price": "73.64",
            "revenue": 516151
        },
        "2014-03": {
            "month": "2014-03",
            "price": "77.23",
            "revenue": 649007
        },
        "2014-04": {
            "month": "2014-04",
            "price": "78.08",
            "revenue": 637824
        },
        "2014-05": {
            "month": "2014-05",
            "price": "76.80",
            "revenue": 644123
        },
        "2014-06": {
            "month": "2014-06",
            "price": "76.20",
            "revenue": 632428
        },
        "2014-07": {
            "month": "2014-07",
            "price": "73.61",
            "revenue": 629293
        },
        "2014-08": {
            "month": "2014-08",
            "price": "71.20",
            "revenue": 615996
        },
        "2014-09": {
            "month": "2014-09",
            "price": "70.48",
            "revenue": 628951
        },
        "2014-10": {
            "month": "2014-10",
            "price": "67.77",
            "revenue": 665570
        },
        "2014-11": {
            "month": "2014-11",
            "price": "67.82",
            "revenue": 592361
        },
        "2014-12": {
            "month": "2014-12",
            "price": "68.05",
            "revenue": 657197
        },
        "2015-01": {
            "month": "2015-01",
            "price": "69.09",
            "revenue": 622836
        },
        "2015-02": {
            "month": "2015-02",
            "price": "70.47",
            "revenue": 414661
        },
        "2015-03": {
            "month": "2015-03",
            "price": "70.85",
            "revenue": 628472
        },
        "2015-04": {
            "month": "2015-04",
            "price": "71.82",
            "revenue": 626507
        },
        "2015-05": {
            "month": "2015-05",
            "price": "71.10",
            "revenue": 613587
        },
        "2015-06": {
            "month": "2015-06",
            "price": "69.32",
            "revenue": 583326
        },
        "2015-07": {
            "month": "2015-07",
            "price": "65.01",
            "revenue": 606119
        },
        "2015-08": {
            "month": "2015-08",
            "price": "60.34",
            "revenue": 622731
        },
        "2015-09": {
            "month": "2015-09",
            "price": "60.89",
            "revenue": 588410
        },
        "2015-10": {
            "month": "2015-10",
            "price": "62.48",
            "revenue": 590632
        },
        "2015-11": {
            "month": "2015-11",
            "price": "62.06",
            "revenue": 606895
        },
        "2015-12": {
            "month": "2015-12",
            "price": "61.28",
            "revenue": 616908
        },
        "2016-01": {
            "month": "2016-01",
            "price": "60.92",
            "revenue": 627765
        },
        "2016-02": {
            "month": "2016-02",
            "price": "62.96",
            "revenue": 392721
        },
        "2016-03": {
            "month": "2016-03",
            "price": "64.89",
            "revenue": 602437
        },
        "2016-04": {
            "month": "2016-04",
            "price": "62.97",
            "revenue": 581275
        },
        "2016-05": {
            "month": "2016-05",
            "price": "58.78",
            "revenue": 595207
        },
        "2016-06": {
            "month": "2016-06",
            "price": "58.50",
            "revenue": 572213
        },
        "2016-07": {
            "month": "2016-07",
            "price": "57.08",
            "revenue": 620008
        },
        "2016-08": {
            "month": "2016-08",
            "price": "56.85",
            "revenue": 645361
        },
        "2016-09": {
            "month": "2016-09",
            "price": "58.27",
            "revenue": 648051
        },
        "2016-10": {
            "month": "2016-10",
            "price": "58.44",
            "revenue": 670000
        },
        "2016-11": {
            "month": "2016-11",
            "price": "59.58",
            "revenue": 627629
        },
        "2016-12": {
            "month": "2016-12",
            "price": "61.43",
            "revenue": 639895
        },
        "2017-01": {
            "month": "2017-01",
            "price": "61.33",
            "revenue": 552350
        },
        "2017-02": {
            "month": "2017-02",
            "price": "62.74",
            "revenue": 543329
        },
        "2017-03": {
            "month": "2017-03",
            "price": "64.15",
            "revenue": 687848
        },
        "2017-04": {
            "month": "2017-04",
            "price": "64.18",
            "revenue": 598137
        },
        "2017-05": {
            "month": "2017-05",
            "price": "65.54",
            "revenue": 595987
        },
        "2017-06": {
            "month": "2017-06",
            "price": "66.40",
            "revenue": 664973
        },
        "2017-07": {
            "month": "2017-07",
            "price": "64.29",
            "revenue": 640848
        },
        "2017-08": {
            "month": "2017-08",
            "price": "65.30",
            "revenue": 692483
        },
        "2017-09": {
            "month": "2017-09",
            "price": "66.22",
            "revenue": 711830
        },
        "2017-10": {
            "month": "2017-10",
            "price": "67.85",
            "revenue": 645532
        },
        "2017-11": {
            "month": "2017-11",
            "price": "69.14",
            "revenue": 718269
        },
        "2017-12": {
            "month": "2017-12",
            "price": "70.15",
            "revenue": 644658
        },
        "2018-01": {
            "month": "2018-01",
            "price": "71.84",
            "revenue": 782812
        },
        "2018-02": {
            "month": "2018-02",
            "price": "71.54",
            "revenue": 503199
        },
        "2018-03": {
            "month": "2018-03",
            "price": "74.24",
            "revenue": 796310
        },
        "2018-04": {
            "month": "2018-04",
            "price": "77.81",
            "revenue": 746126
        },
        "2018-05": {
            "month": "2018-05",
            "price": "81.64",
            "revenue": 766088
        },
        "2018-06": {
            "month": "2018-06",
            "price": "82.60",
            "revenue": 743274
        },
        "2018-07": {
            "month": "2018-07",
            "price": "79.07",
            "revenue": 797729
        },
        "2018-08": {
            "month": "2018-08",
            "price": "80.04",
            "revenue": 769200
        },
        "2018-09": {
            "month": "2018-09",
            "price": "76.33",
            "revenue": 705289
        },
        "2018-10": {
            "month": "2018-10",
            "price": "68.52",
            "revenue": 738734
        },
        "2018-11": {
            "month": "2018-11",
            "price": "69.80",
            "revenue": 666714
        },
        "2018-12": {
            "month": "2018-12",
            "price": "69.22",
            "revenue": 573317
        },
        "2019-01": {
            "month": "2019-01",
            "price": "67.12",
            "revenue": 655615
        },
        "2019-02": {
            "month": "2019-02",
            "price": "69.71",
            "revenue": 407234
        },
        "2019-03": {
            "month": "2019-03",
            "price": "73.24",
            "revenue": 673807
        },
        "2019-04": {
            "month": "2019-04",
            "price": "73.95",
            "revenue": 628204
        },
        "2019-05": {
            "month": "2019-05",
            "price": "71.47",
            "revenue": 712198
        },
        "2019-06": {
            "month": "2019-06",
            "price": "71.36",
            "revenue": 692330
        },
        "2019-07": {
            "month": "2019-07",
            "price": "69.94",
            "revenue": 697675
        },
        "2019-08": {
            "month": "2019-08",
            "price": "68.55",
            "revenue": 710549
        },
        "2019-09": {
            "month": "2019-09",
            "price": "69.14",
            "revenue": 656730
        },
        "2019-10": {
            "month": "2019-10",
            "price": "69.10",
            "revenue": 622233
        },
        "2019-11": {
            "month": "2019-11",
            "price": "68.89",
            "revenue": 697442
        },
        "2019-12": {
            "month": "2019-12",
            "price": "69.54",
            "revenue": 618817
        },
        "2020-01": {
            "month": "2020-01",
            "price": "69.85",
            "revenue": 530896
        },
        "2020-02": {
            "month": "2020-02",
            "price": "68.65",
            "revenue": 482913
        },
        "2020-03": {
            "month": "2020-03",
            "price": "61.04",
            "revenue": 750078
        },
        "2020-04": {
            "month": "2020-04",
            "price": "62.06",
            "revenue": 664058
        },
        "2020-05": {
            "month": "2020-05",
            "price": "65.46",
            "revenue": 591075
        },
        "2020-06": {
            "month": "2020-06",
            "price": "65.12",
            "revenue": 626352
        },
        "2020-07": {
            "month": "2020-07",
            "price": "63.73",
            "revenue": 667936
        },
        "2020-08": {
            "month": "2020-08",
            "price": "63.41",
            "revenue": 666861
        },
        "2020-09": {
            "month": "2020-09",
            "price": "62.69",
            "revenue": 763161
        },
        "2020-10": {
            "month": "2020-10",
            "price": "63.04",
            "revenue": 662725
        },
        "2020-11": {
            "month": "2020-11",
            "price": "65.60",
            "revenue": 749553
        },
        "2020-12": {
            "month": "2020-12",
            "price": "68.05",
            "revenue": 760092
        },
        "2021-01": {
            "month": "2021-01",
            "price": "68.40",
            "revenue": 790202
        },
        "2021-02": {
            "month": "2021-02",
            "price": "68.92",
            "revenue": 542756
        },
        "2021-03": {
            "month": "2021-03",
            "price": "74.20",
            "revenue": 878156
        },
        "2021-04": {
            "month": "2021-04",
            "price": "78.54",
            "revenue": 730784
        },
        "2021-05": {
            "month": "2021-05",
            "price": "74.93",
            "revenue": 705769
        },
        "2021-06": {
            "month": "2021-06",
            "price": "76.00",
            "revenue": 789385
        },
        "2021-07": {
            "month": "2021-07",
            "price": "77.68",
            "revenue": 742327
        },
        "2021-08": {
            "month": "2021-08",
            "price": "76.38",
            "revenue": 852616
        },
        "2021-09": {
            "month": "2021-09",
            "price": "77.72",
            "revenue": 879487
        },
        "2021-10": {
            "month": "2021-10",
            "price": "78.26",
            "revenue": 825270
        },
        "2021-11": {
            "month": "2021-11",
            "price": "80.89",
            "revenue": 877528
        },
        "2021-12": {
            "month": "2021-12",
            "price": "83.78",
            "revenue": 817236
        },
        "2022-01": {
            "month": "2022-01",
            "price": "85.86",
            "revenue": 817222
        },
        "2022-02": {
            "month": "2022-02",
            "price": "84.60",
            "revenue": 623991
        },
        "2022-03": {
            "month": "2022-03",
            "price": "86.74",
            "revenue": 936774
        },
        "2022-04": {
            "month": "2022-04",
            "price": "87.88",
            "revenue": 723812
        },
        "2022-05": {
            "month": "2022-05",
            "price": "84.79",
            "revenue": 804130
        },
        "2022-06": {
            "month": "2022-06",
            "price": "80.71",
            "revenue": 848297
        },
        "2022-07": {
            "month": "2022-07",
            "price": "75.82",
            "revenue": 783903
        },
        "2022-08": {
            "month": "2022-08",
            "price": "77.39",
            "revenue": 701439
        },
        "2022-09": {
            "month": "2022-09",
            "price": "76.68",
            "revenue": 683639
        },
        "2022-10": {
            "month": "2022-10",
            "price": "72.24",
            "revenue": 569425
        },
        "2022-11": {
            "month": "2022-11",
            "price": "71.97",
            "revenue": 660414
        },
        "2022-12": {
            "month": "2022-12",
            "price": "72.83",
            "revenue": 554032
        },
        "2023-01": {
            "month": "2023-01",
            "price": "73.54",
            "revenue": 486000
        },
        "2023-02": {
            "month": "2023-02",
            "price": "75.01",
            "revenue": 580175
        },
        "2023-03": {
            "month": "2023-03",
            "price": "74.15",
            "revenue": 652585
        },
        "2023-04": {
            "month": "2023-04",
            "price": "74.64",
            "revenue": 539107
        }
    }
}
