{
    "summary": {
        "stock_name": "旭軟",
        "stock_id": "3390",
        "category": "電子零組件",
        "main_business": "軟性印刷電路板",
        "website_url": "http://www.sunflex.com.tw",
        "ceo": "蘇政仁",
        "pe_ratio": 24,
        "report_year_from": 2003,
        "report_year_to": 2023,
        "age": 20,
        "eps_negative_percentage": 15,
        "eps_growth_avg": {
            "last_all": 3.81,
            "last_2y": 100,
            "last_4y": 33.33,
            "last_8y": -16.24,
            "last_12y": -3,
            "last_16y": -3.06,
            "last_20y": null,
            "at_2006_last_3y": null,
            "at_2007_last_3y": null,
            "at_2008_last_3y": -3.22,
            "at_2009_last_3y": -3.22,
            "at_2010_last_3y": 15.54,
            "at_2011_last_3y": 36.31,
            "at_2012_last_3y": 47.3,
            "at_2013_last_3y": 16.87,
            "at_2014_last_3y": 4.67,
            "at_2015_last_3y": -26.4,
            "at_2016_last_3y": -54.79,
            "at_2017_last_3y": -65.82,
            "at_2018_last_3y": -21.37,
            "at_2019_last_3y": -33.33,
            "at_2020_last_3y": 0,
            "at_2021_last_3y": 0,
            "at_2022_last_3y": 0,
            "at_2023_last_3y": 0,
            "at_2006_last_all": 20.22,
            "at_2007_last_all": 5.84,
            "at_2008_last_all": -3.22,
            "at_2009_last_all": 17.43,
            "at_2010_last_all": 17.1,
            "at_2011_last_all": 23.25,
            "at_2012_last_all": 22.04,
            "at_2013_last_all": 17.18,
            "at_2014_last_all": 12.13,
            "at_2015_last_all": 5.2,
            "at_2016_last_all": -3.57,
            "at_2017_last_all": -3.57,
            "at_2018_last_all": 4.4,
            "at_2019_last_all": -3.06,
            "at_2020_last_all": -3.06,
            "at_2021_last_all": -3.06,
            "at_2022_last_all": 3.81,
            "at_2023_last_all": 3.81
        },
        "latest_eps": 0.73,
        "latest_price": 17.25,
        "latest_roe": 4.55,
        "latest_gross_margin": 16.38,
        "latest_equity": 1113150,
        "latest_revenue": 175036,
        "latest_gross_profit": 28668,
        "latest_net_income": 26477,
        "latest_debt_ratio": 41.1,
        "latest_current_ratio": 213.48,
        "latest_account_receivable_turnover_ratio": 0.55,
        "latest_inventory_turnover_ratio": 1.36,
        "latest_reinvestment_rate": null,
        "latest_research_to_sale_ratio": 5.5
    },
    "eps_dividends": {
        "2001": {
            "cash": 0,
            "stock": 0,
            "eps": 0
        },
        "2002": {
            "cash": 0,
            "stock": 0,
            "eps": 0
        },
        "2003": {
            "cash": 0,
            "stock": 0,
            "eps": 0
        },
        "2004": {
            "cash": 0,
            "stock": 2,
            "eps": 2.47
        },
        "2005": {
            "cash": 0,
            "stock": 3.2,
            "eps": 5.07
        },
        "2006": {
            "cash": 1,
            "stock": 2,
            "eps": 2.05
        },
        "2007": {
            "cash": 0.5,
            "stock": 1,
            "eps": 1.58
        },
        "2008": {
            "cash": 0.3,
            "stock": 1,
            "eps": 1.1
        },
        "2009": {
            "cash": 0.2,
            "stock": 0.6,
            "eps": 2.39
        },
        "2010": {
            "cash": 0.8,
            "stock": 0.8,
            "eps": 2.76
        },
        "2011": {
            "cash": 1.2,
            "stock": 1,
            "eps": 4.42
        },
        "2012": {
            "cash": 3.5,
            "stock": 0,
            "eps": 5.02
        },
        "2013": {
            "cash": 4,
            "stock": 0,
            "eps": 3.93
        },
        "2014": {
            "cash": 3.4,
            "stock": 0,
            "eps": 2.62
        },
        "2015": {
            "cash": 2,
            "stock": 0,
            "eps": 0.94
        },
        "2016": {
            "cash": 0.8,
            "stock": 0,
            "eps": -0.19
        },
        "2017": {
            "cash": 1,
            "stock": 0,
            "eps": 0.06
        },
        "2018": {
            "cash": 1,
            "stock": 0,
            "eps": 1.22
        },
        "2019": {
            "cash": 1.1,
            "stock": 0,
            "eps": -0.64
        },
        "2020": {
            "cash": 0.5,
            "stock": 0,
            "eps": -1.83
        },
        "2021": {
            "cash": 0.2,
            "stock": 0,
            "eps": 0.48
        },
        "2022": {
            "cash": 0.38,
            "stock": 0,
            "eps": 1.13
        },
        "2023": {
            "cash": 0.68,
            "stock": 0,
            "eps": 0.44
        }
    },
    "dividends": {
        "2004-05-18": {
            "cash": 0,
            "stock": 2
        },
        "2005-02-21": {
            "cash": 0,
            "stock": 3.2
        },
        "2006-03-10": {
            "cash": 1,
            "stock": 2
        },
        "2007-03-13": {
            "cash": 0.5,
            "stock": 1
        },
        "2008-03-11": {
            "cash": 0.3,
            "stock": 1
        },
        "2009-03-10": {
            "cash": 0.2,
            "stock": 0.6
        },
        "2010-03-12": {
            "cash": 0.8,
            "stock": 0.8
        },
        "2011-03-11": {
            "cash": 1.2,
            "stock": 1
        },
        "2012-06-13": {
            "cash": 3.5,
            "stock": 0
        },
        "2013-06-14": {
            "cash": 4,
            "stock": 0
        },
        "2014-08-29": {
            "cash": 3.4,
            "stock": 0
        },
        "2015-08-05": {
            "cash": 2,
            "stock": 0
        },
        "2016-08-31": {
            "cash": 0.8,
            "stock": 0
        },
        "2017-08-23": {
            "cash": 1,
            "stock": 0
        },
        "2018-08-23": {
            "cash": 1,
            "stock": 0
        },
        "2019-08-29": {
            "cash": 1.1,
            "stock": 0
        },
        "2020-09-16": {
            "cash": 0.5,
            "stock": 0
        },
        "2021-08-27": {
            "cash": 0.2,
            "stock": 0
        },
        "2022-08-03": {
            "cash": 0.38,
            "stock": 0
        },
        "2023-08-03": {
            "cash": 0.68,
            "stock": 0
        }
    },
    "prices": {
        "200101": "無",
        "200102": "無",
        "200103": "無",
        "200104": "無",
        "200105": "無",
        "200106": "無",
        "200107": "無",
        "200108": "無",
        "200109": "無",
        "200110": "無",
        "200111": "無",
        "200112": "無",
        "200201": "無",
        "200202": "無",
        "200203": "無",
        "200204": "無",
        "200205": "無",
        "200206": "無",
        "200207": "無",
        "200208": "無",
        "200209": "無",
        "200210": "無",
        "200211": "無",
        "200212": "無",
        "200301": "無",
        "200302": "無",
        "200303": "無",
        "200304": "無",
        "200305": "無",
        "200306": "無",
        "200307": "無",
        "200308": "無",
        "200309": "無",
        "200310": "無",
        "200311": "無",
        "200312": "無",
        "200401": "無",
        "200402": "無",
        "200403": "無",
        "200404": "無",
        "200405": "無",
        "200406": "無",
        "200407": "無",
        "200408": "無",
        "200409": "無",
        "200410": "無",
        "200411": "28.93",
        "200412": "31.25",
        "200501": "31.91",
        "200502": "30.75",
        "200503": "32.12",
        "200504": "32.91",
        "200505": "無",
        "200506": "31.05",
        "200507": "34.29",
        "200508": "32.25",
        "200509": "31.23",
        "200510": "33.60",
        "200511": "33.09",
        "200512": "42.68",
        "200601": "45.75",
        "200602": "39.81",
        "200603": "35.78",
        "200604": "35.51",
        "200605": "34.59",
        "200606": "27.85",
        "200607": "25.07",
        "200608": "23.32",
        "200609": "24.90",
        "200610": "23.31",
        "200611": "23.27",
        "200612": "23.64",
        "200701": "23.87",
        "200702": "22.27",
        "200703": "21.62",
        "200704": "22.90",
        "200705": "23.36",
        "200706": "24.80",
        "200707": "27.32",
        "200708": "26.99",
        "200709": "26.29",
        "200710": "26.31",
        "200711": "25.48",
        "200712": "25.25",
        "200801": "26.33",
        "200802": "25.11",
        "200803": "24.37",
        "200804": "24.35",
        "200805": "24.96",
        "200806": "23.40",
        "200807": "18.73",
        "200808": "16.27",
        "200809": "15.58",
        "200810": "13.33",
        "200811": "11.02",
        "200812": "8.68",
        "200901": "8.36",
        "200902": "9.07",
        "200903": "12.23",
        "200904": "14.25",
        "200905": "18.12",
        "200906": "18.73",
        "200907": "23.34",
        "200908": "25.66",
        "200909": "34.35",
        "200910": "34.55",
        "200911": "30.66",
        "200912": "32.18",
        "201001": "31.70",
        "201002": "29.70",
        "201003": "32.04",
        "201004": "36.58",
        "201005": "33.07",
        "201006": "32.49",
        "201007": "31.25",
        "201008": "33.93",
        "201009": "37.99",
        "201010": "35.47",
        "201011": "34.81",
        "201012": "35.76",
        "201101": "35.50",
        "201102": "36.58",
        "201103": "36.83",
        "201104": "40.85",
        "201105": "44.01",
        "201106": "46.66",
        "201107": "44.90",
        "201108": "42.38",
        "201109": "39.52",
        "201110": "34.60",
        "201111": "34.34",
        "201112": "27.54",
        "201201": "31.74",
        "201202": "36.31",
        "201203": "37.84",
        "201204": "33.91",
        "201205": "34.43",
        "201206": "35.78",
        "201207": "37.37",
        "201208": "41.66",
        "201209": "44.13",
        "201210": "40.28",
        "201211": "38.80",
        "201212": "39.90",
        "201301": "40.18",
        "201302": "42.92",
        "201303": "44.30",
        "201304": "44.58",
        "201305": "49.92",
        "201306": "48.44",
        "201307": "43.47",
        "201308": "40.38",
        "201309": "40.62",
        "201310": "37.64",
        "201311": "36.66",
        "201312": "36.22",
        "201401": "37.72",
        "201402": "36.08",
        "201403": "36.98",
        "201404": "37.61",
        "201405": "38.11",
        "201406": "42.14",
        "201407": "45.10",
        "201408": "44.91",
        "201409": "42.81",
        "201410": "33.06",
        "201411": "29.26",
        "201412": "29.81",
        "201501": "30.56",
        "201502": "31.35",
        "201503": "31.35",
        "201504": "31.14",
        "201505": "29.56",
        "201506": "26.93",
        "201507": "21.16",
        "201508": "17.07",
        "201509": "16.90",
        "201510": "16.73",
        "201511": "15.79",
        "201512": "14.85",
        "201601": "13.03",
        "201602": "14.12",
        "201603": "15.32",
        "201604": "14.72",
        "201605": "13.38",
        "201606": "14.76",
        "201607": "14.92",
        "201608": "14.41",
        "201609": "15.03",
        "201610": "15.46",
        "201611": "13.67",
        "201612": "14.95",
        "201701": "15.19",
        "201702": "17.41",
        "201703": "18.61",
        "201704": "22.53",
        "201705": "22.88",
        "201706": "21.37",
        "201707": "22.72",
        "201708": "24.35",
        "201709": "22.83",
        "201710": "22.66",
        "201711": "24.85",
        "201712": "23.65",
        "201801": "24.02",
        "201802": "21.41",
        "201803": "21.19",
        "201804": "23.24",
        "201805": "22.50",
        "201806": "22.68",
        "201807": "22.97",
        "201808": "23.26",
        "201809": "23.77",
        "201810": "21.50",
        "201811": "20.73",
        "201812": "22.58",
        "201901": "20.85",
        "201902": "21.96",
        "201903": "23.82",
        "201904": "25.63",
        "201905": "22.84",
        "201906": "22.31",
        "201907": "23.46",
        "201908": "22.84",
        "201909": "21.97",
        "201910": "21.09",
        "201911": "22.51",
        "201912": "23.44",
        "202001": "22.49",
        "202002": "21.00",
        "202003": "15.85",
        "202004": "14.27",
        "202005": "14.32",
        "202006": "15.44",
        "202007": "15.89",
        "202008": "14.86",
        "202009": "13.95",
        "202010": "13.32",
        "202011": "14.49",
        "202012": "15.15",
        "202101": "15.12",
        "202102": "15.14",
        "202103": "15.66",
        "202104": "18.51",
        "202105": "16.06",
        "202106": "16.96",
        "202107": "18.86",
        "202108": "18.66",
        "202109": "18.84",
        "202110": "17.79",
        "202111": "19.46",
        "202112": "25.20",
        "202201": "23.71",
        "202202": "21.28",
        "202203": "19.35",
        "202204": "18.01",
        "202205": "19.00",
        "202206": "21.91",
        "202207": "21.67",
        "202208": "23.90",
        "202209": "22.69",
        "202210": "18.82",
        "202211": "18.65",
        "202212": "18.43",
        "202301": "17.85",
        "202302": "18.60",
        "202303": "18.96",
        "202304": "18.44",
        "202305": "17.69",
        "202306": "17.86",
        "202307": "17.43",
        "202308": "16.88",
        "202309": "17.53",
        "202310": "17.26"
    },
    "quarters": {
        "20011": {
            "year_quarter": 20011,
            "year": 2001,
            "quarter": 1,
            "eps": null,
            "eps_growth_year": null,
            "eps_4q": null,
            "eps_4q_growth_year": null,
            "roe": null,
            "roe_4q": 0,
            "gross_profit": null,
            "gross_margin": null,
            "gross_margin_4q_avg": 0,
            "net_income": null,
            "net_income_4q": null,
            "revenue": null,
            "revenue_4q": null,
            "common_shares": null,
            "book_valuer_per_share": null,
            "book_valuer_per_share_4q_avg": 0,
            "equity": null,
            "current_ratio": null,
            "debt_ratio": null,
            "inventory_turnover_ratio": null,
            "account_receivable_turnover_ratio": null,
            "reinvestment_rate": null,
            "research_to_sale_ratio": null,
            "price_fair": 0,
            "eps_avg_yearly": 0,
            "eps_latest_yearly": 0,
            "eps_growth_yearly": 0
        },
        "20012": {
            "year_quarter": 20012,
            "year": 2001,
            "quarter": 2,
            "eps": null,
            "eps_growth_year": null,
            "eps_4q": null,
            "eps_4q_growth_year": null,
            "roe": null,
            "roe_4q": 0,
            "gross_profit": null,
            "gross_margin": null,
            "gross_margin_4q_avg": 0,
            "net_income": null,
            "net_income_4q": null,
            "revenue": null,
            "revenue_4q": null,
            "common_shares": null,
            "book_valuer_per_share": null,
            "book_valuer_per_share_4q_avg": 0,
            "equity": null,
            "current_ratio": null,
            "debt_ratio": null,
            "inventory_turnover_ratio": null,
            "account_receivable_turnover_ratio": null,
            "reinvestment_rate": null,
            "research_to_sale_ratio": null,
            "price_fair": 0,
            "eps_avg_yearly": 0,
            "eps_latest_yearly": 0,
            "eps_growth_yearly": 0
        },
        "20013": {
            "year_quarter": 20013,
            "year": 2001,
            "quarter": 3,
            "eps": null,
            "eps_growth_year": null,
            "eps_4q": null,
            "eps_4q_growth_year": null,
            "roe": null,
            "roe_4q": 0,
            "gross_profit": null,
            "gross_margin": null,
            "gross_margin_4q_avg": 0,
            "net_income": null,
            "net_income_4q": null,
            "revenue": null,
            "revenue_4q": null,
            "common_shares": null,
            "book_valuer_per_share": null,
            "book_valuer_per_share_4q_avg": 0,
            "equity": null,
            "current_ratio": null,
            "debt_ratio": null,
            "inventory_turnover_ratio": null,
            "account_receivable_turnover_ratio": null,
            "reinvestment_rate": null,
            "research_to_sale_ratio": null,
            "price_fair": 0,
            "eps_avg_yearly": 0,
            "eps_latest_yearly": 0,
            "eps_growth_yearly": 0
        },
        "20014": {
            "year_quarter": 20014,
            "year": 2001,
            "quarter": 4,
            "eps": null,
            "eps_growth_year": null,
            "eps_4q": null,
            "eps_4q_growth_year": null,
            "roe": null,
            "roe_4q": 0,
            "gross_profit": null,
            "gross_margin": null,
            "gross_margin_4q_avg": 0,
            "net_income": null,
            "net_income_4q": null,
            "revenue": null,
            "revenue_4q": null,
            "common_shares": 105000,
            "book_valuer_per_share": 8.2,
            "book_valuer_per_share_4q_avg": 2.05,
            "equity": 86085,
            "current_ratio": 167.11,
            "debt_ratio": 41.38,
            "inventory_turnover_ratio": null,
            "account_receivable_turnover_ratio": null,
            "reinvestment_rate": null,
            "research_to_sale_ratio": null,
            "price_fair": 0,
            "eps_avg_yearly": 0,
            "eps_latest_yearly": 0,
            "eps_growth_yearly": 0
        },
        "20021": {
            "year_quarter": 20021,
            "year": 2002,
            "quarter": 1,
            "eps": null,
            "eps_growth_year": null,
            "eps_4q": null,
            "eps_4q_growth_year": null,
            "roe": null,
            "roe_4q": 0,
            "gross_profit": null,
            "gross_margin": null,
            "gross_margin_4q_avg": 0,
            "net_income": null,
            "net_income_4q": null,
            "revenue": null,
            "revenue_4q": null,
            "common_shares": null,
            "book_valuer_per_share": null,
            "book_valuer_per_share_4q_avg": 2.05,
            "equity": null,
            "current_ratio": null,
            "debt_ratio": null,
            "inventory_turnover_ratio": null,
            "account_receivable_turnover_ratio": null,
            "reinvestment_rate": null,
            "research_to_sale_ratio": null,
            "price_fair": 0,
            "eps_avg_yearly": 0,
            "eps_latest_yearly": 0,
            "eps_growth_yearly": 0
        },
        "20022": {
            "year_quarter": 20022,
            "year": 2002,
            "quarter": 2,
            "eps": null,
            "eps_growth_year": null,
            "eps_4q": null,
            "eps_4q_growth_year": null,
            "roe": null,
            "roe_4q": 0,
            "gross_profit": null,
            "gross_margin": null,
            "gross_margin_4q_avg": 0,
            "net_income": null,
            "net_income_4q": null,
            "revenue": null,
            "revenue_4q": null,
            "common_shares": null,
            "book_valuer_per_share": null,
            "book_valuer_per_share_4q_avg": 2.05,
            "equity": null,
            "current_ratio": null,
            "debt_ratio": null,
            "inventory_turnover_ratio": null,
            "account_receivable_turnover_ratio": null,
            "reinvestment_rate": null,
            "research_to_sale_ratio": null,
            "price_fair": 0,
            "eps_avg_yearly": 0,
            "eps_latest_yearly": 0,
            "eps_growth_yearly": 0
        },
        "20023": {
            "year_quarter": 20023,
            "year": 2002,
            "quarter": 3,
            "eps": null,
            "eps_growth_year": null,
            "eps_4q": null,
            "eps_4q_growth_year": null,
            "roe": null,
            "roe_4q": 0,
            "gross_profit": null,
            "gross_margin": null,
            "gross_margin_4q_avg": 0,
            "net_income": null,
            "net_income_4q": null,
            "revenue": null,
            "revenue_4q": null,
            "common_shares": null,
            "book_valuer_per_share": null,
            "book_valuer_per_share_4q_avg": 2.05,
            "equity": null,
            "current_ratio": null,
            "debt_ratio": null,
            "inventory_turnover_ratio": null,
            "account_receivable_turnover_ratio": null,
            "reinvestment_rate": null,
            "research_to_sale_ratio": null,
            "price_fair": 0,
            "eps_avg_yearly": 0,
            "eps_latest_yearly": 0,
            "eps_growth_yearly": 0
        },
        "20024": {
            "year_quarter": 20024,
            "year": 2002,
            "quarter": 4,
            "eps": null,
            "eps_growth_year": null,
            "eps_4q": null,
            "eps_4q_growth_year": null,
            "roe": null,
            "roe_4q": 0,
            "gross_profit": null,
            "gross_margin": null,
            "gross_margin_4q_avg": 0,
            "net_income": null,
            "net_income_4q": null,
            "revenue": null,
            "revenue_4q": null,
            "common_shares": 105000,
            "book_valuer_per_share": 9.82,
            "book_valuer_per_share_4q_avg": 2.46,
            "equity": 103148,
            "current_ratio": 273.24,
            "debt_ratio": 26.29,
            "inventory_turnover_ratio": null,
            "account_receivable_turnover_ratio": null,
            "reinvestment_rate": null,
            "research_to_sale_ratio": null,
            "price_fair": 0,
            "eps_avg_yearly": 0,
            "eps_latest_yearly": 0,
            "eps_growth_yearly": 0
        },
        "20031": {
            "year_quarter": 20031,
            "year": 2003,
            "quarter": 1,
            "eps": null,
            "eps_growth_year": null,
            "eps_4q": null,
            "eps_4q_growth_year": null,
            "roe": null,
            "roe_4q": 0,
            "gross_profit": null,
            "gross_margin": null,
            "gross_margin_4q_avg": 0,
            "net_income": null,
            "net_income_4q": null,
            "revenue": null,
            "revenue_4q": null,
            "common_shares": null,
            "book_valuer_per_share": null,
            "book_valuer_per_share_4q_avg": 2.46,
            "equity": null,
            "current_ratio": null,
            "debt_ratio": null,
            "inventory_turnover_ratio": null,
            "account_receivable_turnover_ratio": null,
            "reinvestment_rate": null,
            "research_to_sale_ratio": null,
            "price_fair": 0,
            "eps_avg_yearly": 0,
            "eps_latest_yearly": 0,
            "eps_growth_yearly": 0
        },
        "20032": {
            "year_quarter": 20032,
            "year": 2003,
            "quarter": 2,
            "eps": null,
            "eps_growth_year": null,
            "eps_4q": null,
            "eps_4q_growth_year": null,
            "roe": null,
            "roe_4q": 0,
            "gross_profit": null,
            "gross_margin": null,
            "gross_margin_4q_avg": 0,
            "net_income": null,
            "net_income_4q": null,
            "revenue": null,
            "revenue_4q": null,
            "common_shares": null,
            "book_valuer_per_share": null,
            "book_valuer_per_share_4q_avg": 2.46,
            "equity": null,
            "current_ratio": null,
            "debt_ratio": null,
            "inventory_turnover_ratio": null,
            "account_receivable_turnover_ratio": null,
            "reinvestment_rate": null,
            "research_to_sale_ratio": null,
            "price_fair": 0,
            "eps_avg_yearly": 0,
            "eps_latest_yearly": 0,
            "eps_growth_yearly": 0
        },
        "20033": {
            "year_quarter": 20033,
            "year": 2003,
            "quarter": 3,
            "eps": null,
            "eps_growth_year": null,
            "eps_4q": null,
            "eps_4q_growth_year": null,
            "roe": null,
            "roe_4q": 0,
            "gross_profit": null,
            "gross_margin": null,
            "gross_margin_4q_avg": 0,
            "net_income": null,
            "net_income_4q": null,
            "revenue": null,
            "revenue_4q": null,
            "common_shares": null,
            "book_valuer_per_share": null,
            "book_valuer_per_share_4q_avg": 2.46,
            "equity": null,
            "current_ratio": null,
            "debt_ratio": null,
            "inventory_turnover_ratio": null,
            "account_receivable_turnover_ratio": null,
            "reinvestment_rate": null,
            "research_to_sale_ratio": null,
            "price_fair": 0,
            "eps_avg_yearly": 0,
            "eps_latest_yearly": 0,
            "eps_growth_yearly": 0
        },
        "20034": {
            "year_quarter": 20034,
            "year": 2003,
            "quarter": 4,
            "eps": null,
            "eps_growth_year": null,
            "eps_4q": null,
            "eps_4q_growth_year": null,
            "roe": null,
            "roe_4q": 0,
            "gross_profit": null,
            "gross_margin": null,
            "gross_margin_4q_avg": 0,
            "net_income": null,
            "net_income_4q": null,
            "revenue": null,
            "revenue_4q": null,
            "common_shares": 150000,
            "book_valuer_per_share": 13.14,
            "book_valuer_per_share_4q_avg": 3.29,
            "equity": 197122,
            "current_ratio": 198.47,
            "debt_ratio": 42.79,
            "inventory_turnover_ratio": null,
            "account_receivable_turnover_ratio": null,
            "reinvestment_rate": null,
            "research_to_sale_ratio": null,
            "price_fair": 0,
            "eps_avg_yearly": 0,
            "eps_latest_yearly": 0,
            "eps_growth_yearly": 0
        },
        "20041": {
            "year_quarter": 20041,
            "year": 2004,
            "quarter": 1,
            "eps": null,
            "eps_growth_year": null,
            "eps_4q": null,
            "eps_4q_growth_year": null,
            "roe": null,
            "roe_4q": 0,
            "gross_profit": null,
            "gross_margin": null,
            "gross_margin_4q_avg": 0,
            "net_income": null,
            "net_income_4q": null,
            "revenue": null,
            "revenue_4q": null,
            "common_shares": null,
            "book_valuer_per_share": null,
            "book_valuer_per_share_4q_avg": 3.29,
            "equity": null,
            "current_ratio": null,
            "debt_ratio": null,
            "inventory_turnover_ratio": null,
            "account_receivable_turnover_ratio": null,
            "reinvestment_rate": null,
            "research_to_sale_ratio": null,
            "price_fair": 0,
            "eps_avg_yearly": 0,
            "eps_latest_yearly": 0,
            "eps_growth_yearly": 0
        },
        "20042": {
            "year_quarter": 20042,
            "year": 2004,
            "quarter": 2,
            "eps": null,
            "eps_growth_year": null,
            "eps_4q": null,
            "eps_4q_growth_year": null,
            "roe": null,
            "roe_4q": 0,
            "gross_profit": null,
            "gross_margin": null,
            "gross_margin_4q_avg": 0,
            "net_income": null,
            "net_income_4q": null,
            "revenue": null,
            "revenue_4q": null,
            "common_shares": null,
            "book_valuer_per_share": null,
            "book_valuer_per_share_4q_avg": 3.29,
            "equity": null,
            "current_ratio": null,
            "debt_ratio": null,
            "inventory_turnover_ratio": null,
            "account_receivable_turnover_ratio": null,
            "reinvestment_rate": null,
            "research_to_sale_ratio": null,
            "price_fair": 0,
            "eps_avg_yearly": 0,
            "eps_latest_yearly": 0,
            "eps_growth_yearly": 0
        },
        "20043": {
            "year_quarter": 20043,
            "year": 2004,
            "quarter": 3,
            "eps": 1.32,
            "eps_growth_year": null,
            "eps_4q": null,
            "eps_4q_growth_year": null,
            "roe": 9.58,
            "roe_4q": 9.58,
            "gross_profit": 36214,
            "gross_margin": 31.4,
            "gross_margin_4q_avg": 7.85,
            "net_income": 24225,
            "net_income_4q": null,
            "revenue": 115337,
            "revenue_4q": null,
            "common_shares": 184000,
            "book_valuer_per_share": 13.74,
            "book_valuer_per_share_4q_avg": 6.72,
            "equity": 252890,
            "current_ratio": 219.36,
            "debt_ratio": 28.49,
            "inventory_turnover_ratio": 2.24,
            "account_receivable_turnover_ratio": null,
            "reinvestment_rate": null,
            "research_to_sale_ratio": null,
            "price_fair": 0,
            "eps_avg_yearly": 0,
            "eps_latest_yearly": 0,
            "eps_growth_yearly": 0
        },
        "20044": {
            "year_quarter": 20044,
            "year": 2004,
            "quarter": 4,
            "eps": 1.15,
            "eps_growth_year": null,
            "eps_4q": null,
            "eps_4q_growth_year": null,
            "roe": 8.04,
            "roe_4q": 17.619999999999997,
            "gross_profit": 52730,
            "gross_margin": 38.66,
            "gross_margin_4q_avg": 17.52,
            "net_income": 21160,
            "net_income_4q": null,
            "revenue": 136396,
            "revenue_4q": null,
            "common_shares": 184000,
            "book_valuer_per_share": 14.87,
            "book_valuer_per_share_4q_avg": 7.15,
            "equity": 273612,
            "current_ratio": 200.56,
            "debt_ratio": 31.71,
            "inventory_turnover_ratio": 2.62,
            "account_receivable_turnover_ratio": null,
            "reinvestment_rate": null,
            "research_to_sale_ratio": null,
            "price_fair": 13.8,
            "eps_avg_yearly": 4.6,
            "eps_latest_yearly": 4.6,
            "eps_growth_yearly": -51.52
        },
        "20051": {
            "year_quarter": 20051,
            "year": 2005,
            "quarter": 1,
            "eps": 1.32,
            "eps_growth_year": null,
            "eps_4q": null,
            "eps_4q_growth_year": null,
            "roe": 8.5,
            "roe_4q": 26.119999999999997,
            "gross_profit": 45181,
            "gross_margin": 40.81,
            "gross_margin_4q_avg": 27.72,
            "net_income": 24293,
            "net_income_4q": null,
            "revenue": 110722,
            "revenue_4q": null,
            "common_shares": 184000,
            "book_valuer_per_share": 16.19,
            "book_valuer_per_share_4q_avg": 11.2,
            "equity": 297876,
            "current_ratio": 200.16,
            "debt_ratio": 30.15,
            "inventory_turnover_ratio": 2.2,
            "account_receivable_turnover_ratio": null,
            "reinvestment_rate": null,
            "research_to_sale_ratio": null,
            "price_fair": 68.21,
            "eps_avg_yearly": 4.94,
            "eps_latest_yearly": 5.28,
            "eps_growth_yearly": 3.81
        },
        "20052": {
            "year_quarter": 20052,
            "year": 2005,
            "quarter": 2,
            "eps": 1.33,
            "eps_growth_year": null,
            "eps_4q": 5.1,
            "eps_4q_growth_year": null,
            "roe": 7.92,
            "roe_4q": 34.04,
            "gross_profit": 48187,
            "gross_margin": 36.04,
            "gross_margin_4q_avg": 36.73,
            "net_income": 24557,
            "net_income_4q": null,
            "revenue": 133706,
            "revenue_4q": null,
            "common_shares": 184000,
            "book_valuer_per_share": 17.52,
            "book_valuer_per_share_4q_avg": 15.58,
            "equity": 322455,
            "current_ratio": 200.24,
            "debt_ratio": 29.05,
            "inventory_turnover_ratio": 2.88,
            "account_receivable_turnover_ratio": null,
            "reinvestment_rate": null,
            "research_to_sale_ratio": null,
            "price_fair": 68.65,
            "eps_avg_yearly": 5.07,
            "eps_latest_yearly": 5.32,
            "eps_growth_yearly": 3.55
        },
        "20053": {
            "year_quarter": 20053,
            "year": 2005,
            "quarter": 3,
            "eps": 1.22,
            "eps_growth_year": -7.58,
            "eps_4q": 4.03,
            "eps_4q_growth_year": null,
            "roe": 8.98,
            "roe_4q": 33.44,
            "gross_profit": 47483,
            "gross_margin": 32.35,
            "gross_margin_4q_avg": 36.97,
            "net_income": 30343,
            "net_income_4q": null,
            "revenue": 146772,
            "revenue_4q": null,
            "common_shares": 248190,
            "book_valuer_per_share": 14.25,
            "book_valuer_per_share_4q_avg": 15.71,
            "equity": 353571,
            "current_ratio": 157.32,
            "debt_ratio": 35.54,
            "inventory_turnover_ratio": 2.6,
            "account_receivable_turnover_ratio": null,
            "reinvestment_rate": null,
            "research_to_sale_ratio": null,
            "price_fair": 15.06,
            "eps_avg_yearly": 5.02,
            "eps_latest_yearly": 4.88,
            "eps_growth_yearly": -5.61
        },
        "20054": {
            "year_quarter": 20054,
            "year": 2005,
            "quarter": 4,
            "eps": 1.2,
            "eps_growth_year": 4.35,
            "eps_4q": 4.4,
            "eps_4q_growth_year": null,
            "roe": 8.05,
            "roe_4q": 33.45,
            "gross_profit": 42410,
            "gross_margin": 26.84,
            "gross_margin_4q_avg": 34.01,
            "net_income": 29660,
            "net_income_4q": null,
            "revenue": 157992,
            "revenue_4q": null,
            "common_shares": 248190,
            "book_valuer_per_share": 15.44,
            "book_valuer_per_share_4q_avg": 15.85,
            "equity": 383092,
            "current_ratio": 172.9,
            "debt_ratio": 32.31,
            "inventory_turnover_ratio": 3.21,
            "account_receivable_turnover_ratio": null,
            "reinvestment_rate": null,
            "research_to_sale_ratio": null,
            "price_fair": 14.93,
            "eps_avg_yearly": 4.98,
            "eps_latest_yearly": 4.8,
            "eps_growth_yearly": -5.8
        },
        "20061": {
            "year_quarter": 20061,
            "year": 2006,
            "quarter": 1,
            "eps": 0.65,
            "eps_growth_year": -50.76,
            "eps_4q": 3.88,
            "eps_4q_growth_year": null,
            "roe": 3.92,
            "roe_4q": 28.870000000000005,
            "gross_profit": 29913,
            "gross_margin": 30.45,
            "gross_margin_4q_avg": 31.42,
            "net_income": 17029,
            "net_income_4q": null,
            "revenue": 98235,
            "revenue_4q": null,
            "common_shares": 248190,
            "book_valuer_per_share": 19.54,
            "book_valuer_per_share_4q_avg": 16.69,
            "equity": 485081,
            "current_ratio": 300.76,
            "debt_ratio": 18.93,
            "inventory_turnover_ratio": 2.95,
            "account_receivable_turnover_ratio": null,
            "reinvestment_rate": null,
            "research_to_sale_ratio": null,
            "price_fair": 13.74,
            "eps_avg_yearly": 4.58,
            "eps_latest_yearly": 2.6,
            "eps_growth_yearly": -35.39
        },
        "20062": {
            "year_quarter": 20062,
            "year": 2006,
            "quarter": 2,
            "eps": 0.47,
            "eps_growth_year": -64.66,
            "eps_4q": 3.35,
            "eps_4q_growth_year": -34.39,
            "roe": 2.63,
            "roe_4q": 23.580000000000002,
            "gross_profit": 35303,
            "gross_margin": 36.54,
            "gross_margin_4q_avg": 31.55,
            "net_income": 12578,
            "net_income_4q": null,
            "revenue": 96616,
            "revenue_4q": null,
            "common_shares": 276730,
            "book_valuer_per_share": 16.98,
            "book_valuer_per_share_4q_avg": 16.55,
            "equity": 469979,
            "current_ratio": 251.36,
            "debt_ratio": 22.7,
            "inventory_turnover_ratio": 2.22,
            "account_receivable_turnover_ratio": null,
            "reinvestment_rate": null,
            "research_to_sale_ratio": null,
            "price_fair": 12.58,
            "eps_avg_yearly": 4.19,
            "eps_latest_yearly": 1.88,
            "eps_growth_yearly": -46.16
        },
        "20063": {
            "year_quarter": 20063,
            "year": 2006,
            "quarter": 3,
            "eps": 0.4,
            "eps_growth_year": -67.21,
            "eps_4q": 2.19,
            "eps_4q_growth_year": -45.74,
            "roe": 2.78,
            "roe_4q": 17.380000000000003,
            "gross_profit": 25850,
            "gross_margin": 21.06,
            "gross_margin_4q_avg": 28.72,
            "net_income": 13249,
            "net_income_4q": null,
            "revenue": 122719,
            "revenue_4q": null,
            "common_shares": 336976,
            "book_valuer_per_share": 14.36,
            "book_valuer_per_share_4q_avg": 16.58,
            "equity": 483825,
            "current_ratio": 271.75,
            "debt_ratio": 20.79,
            "inventory_turnover_ratio": 3.15,
            "account_receivable_turnover_ratio": null,
            "reinvestment_rate": null,
            "research_to_sale_ratio": null,
            "price_fair": 11.61,
            "eps_avg_yearly": 3.87,
            "eps_latest_yearly": 1.6,
            "eps_growth_yearly": -47.83
        },
        "20064": {
            "year_quarter": 20064,
            "year": 2006,
            "quarter": 4,
            "eps": 0.53,
            "eps_growth_year": -55.83,
            "eps_4q": 1.82,
            "eps_4q_growth_year": -58.72,
            "roe": 3.58,
            "roe_4q": 12.909999999999998,
            "gross_profit": 32310,
            "gross_margin": 25.03,
            "gross_margin_4q_avg": 28.27,
            "net_income": 17638,
            "net_income_4q": null,
            "revenue": 129099,
            "revenue_4q": null,
            "common_shares": 336976,
            "book_valuer_per_share": 14.86,
            "book_valuer_per_share_4q_avg": 16.44,
            "equity": 500853,
            "current_ratio": 300.15,
            "debt_ratio": 19.93,
            "inventory_turnover_ratio": 3.88,
            "account_receivable_turnover_ratio": null,
            "reinvestment_rate": null,
            "research_to_sale_ratio": null,
            "price_fair": 11.03,
            "eps_avg_yearly": 3.68,
            "eps_latest_yearly": 2.12,
            "eps_growth_yearly": -28.07
        },
        "20071": {
            "year_quarter": 20071,
            "year": 2007,
            "quarter": 1,
            "eps": 0.08,
            "eps_growth_year": -87.69,
            "eps_4q": 1.3,
            "eps_4q_growth_year": -66.35,
            "roe": 0.56,
            "roe_4q": 9.55,
            "gross_profit": 15126,
            "gross_margin": 21.06,
            "gross_margin_4q_avg": 25.92,
            "net_income": 2839,
            "net_income_4q": null,
            "revenue": 71837,
            "revenue_4q": null,
            "common_shares": 336976,
            "book_valuer_per_share": 14.99,
            "book_valuer_per_share_4q_avg": 15.3,
            "equity": 505150,
            "current_ratio": 387.81,
            "debt_ratio": 14.42,
            "inventory_turnover_ratio": 2.61,
            "account_receivable_turnover_ratio": null,
            "reinvestment_rate": null,
            "research_to_sale_ratio": null,
            "price_fair": 10.02,
            "eps_avg_yearly": 3.34,
            "eps_latest_yearly": 0.32,
            "eps_growth_yearly": -59.23
        },
        "20072": {
            "year_quarter": 20072,
            "year": 2007,
            "quarter": 2,
            "eps": 0.18,
            "eps_growth_year": -61.7,
            "eps_4q": 1.2,
            "eps_4q_growth_year": -64.11,
            "roe": 1.19,
            "roe_4q": 8.11,
            "gross_profit": 18148,
            "gross_margin": 21.78,
            "gross_margin_4q_avg": 22.23,
            "net_income": 5941,
            "net_income_4q": null,
            "revenue": 83329,
            "revenue_4q": null,
            "common_shares": 336976,
            "book_valuer_per_share": 14.69,
            "book_valuer_per_share_4q_avg": 14.73,
            "equity": 495086,
            "current_ratio": 313.98,
            "debt_ratio": 17.32,
            "inventory_turnover_ratio": 2.81,
            "account_receivable_turnover_ratio": null,
            "reinvestment_rate": null,
            "research_to_sale_ratio": null,
            "price_fair": 9.31,
            "eps_avg_yearly": 3.1,
            "eps_latest_yearly": 0.72,
            "eps_growth_yearly": -8.39
        },
        "20073": {
            "year_quarter": 20073,
            "year": 2007,
            "quarter": 3,
            "eps": 0.54,
            "eps_growth_year": 35,
            "eps_4q": 1.25,
            "eps_4q_growth_year": -42.78,
            "roe": 3.96,
            "roe_4q": 9.290000000000001,
            "gross_profit": 40240,
            "gross_margin": 29.87,
            "gross_margin_4q_avg": 24.44,
            "net_income": 20016,
            "net_income_4q": null,
            "revenue": 134719,
            "revenue_4q": null,
            "common_shares": 373474,
            "book_valuer_per_share": 13.81,
            "book_valuer_per_share_4q_avg": 14.59,
            "equity": 515748,
            "current_ratio": 285.7,
            "debt_ratio": 20.19,
            "inventory_turnover_ratio": 2.98,
            "account_receivable_turnover_ratio": null,
            "reinvestment_rate": null,
            "research_to_sale_ratio": null,
            "price_fair": 105.82,
            "eps_avg_yearly": 3.02,
            "eps_latest_yearly": 2.16,
            "eps_growth_yearly": 58.98
        },
        "20074": {
            "year_quarter": 20074,
            "year": 2007,
            "quarter": 4,
            "eps": 0.78,
            "eps_growth_year": 47.17,
            "eps_4q": 1.55,
            "eps_4q_growth_year": -14.51,
            "roe": 5.47,
            "roe_4q": 11.18,
            "gross_profit": 44254,
            "gross_margin": 26.02,
            "gross_margin_4q_avg": 24.68,
            "net_income": 29017,
            "net_income_4q": null,
            "revenue": 170103,
            "revenue_4q": null,
            "common_shares": 373474,
            "book_valuer_per_share": 14.6,
            "book_valuer_per_share_4q_avg": 14.52,
            "equity": 545373,
            "current_ratio": 267.22,
            "debt_ratio": 23.6,
            "inventory_turnover_ratio": 3.14,
            "account_receivable_turnover_ratio": null,
            "reinvestment_rate": null,
            "research_to_sale_ratio": null,
            "price_fair": 106.08,
            "eps_avg_yearly": 3.03,
            "eps_latest_yearly": 3.12,
            "eps_growth_yearly": 68.11
        },
        "20081": {
            "year_quarter": 20081,
            "year": 2008,
            "quarter": 1,
            "eps": 0.17,
            "eps_growth_year": 112.5,
            "eps_4q": 1.63,
            "eps_4q_growth_year": 25.29,
            "roe": 1.16,
            "roe_4q": 11.78,
            "gross_profit": 22676,
            "gross_margin": 20.04,
            "gross_margin_4q_avg": 24.43,
            "net_income": 6380,
            "net_income_4q": null,
            "revenue": 113180,
            "revenue_4q": null,
            "common_shares": 373474,
            "book_valuer_per_share": 14.74,
            "book_valuer_per_share_4q_avg": 14.46,
            "equity": 550437,
            "current_ratio": 348.15,
            "debt_ratio": 16.83,
            "inventory_turnover_ratio": 2.2,
            "account_receivable_turnover_ratio": null,
            "reinvestment_rate": null,
            "research_to_sale_ratio": null,
            "price_fair": 100.2,
            "eps_avg_yearly": 2.86,
            "eps_latest_yearly": 0.68,
            "eps_growth_yearly": 40.9
        },
        "20082": {
            "year_quarter": 20082,
            "year": 2008,
            "quarter": 2,
            "eps": 0.05,
            "eps_growth_year": -72.22,
            "eps_4q": 1.31,
            "eps_4q_growth_year": 8.76,
            "roe": 0.4,
            "roe_4q": 10.989999999999998,
            "gross_profit": 22099,
            "gross_margin": 18.69,
            "gross_margin_4q_avg": 23.66,
            "net_income": 2204,
            "net_income_4q": null,
            "revenue": 118256,
            "revenue_4q": null,
            "common_shares": 373474,
            "book_valuer_per_share": 14.51,
            "book_valuer_per_share_4q_avg": 14.42,
            "equity": 542092,
            "current_ratio": 315.98,
            "debt_ratio": 18.49,
            "inventory_turnover_ratio": 2.26,
            "account_receivable_turnover_ratio": null,
            "reinvestment_rate": 96,
            "research_to_sale_ratio": null,
            "price_fair": 78.83,
            "eps_avg_yearly": 2.69,
            "eps_latest_yearly": 0.2,
            "eps_growth_yearly": 19.35
        },
        "20083": {
            "year_quarter": 20083,
            "year": 2008,
            "quarter": 3,
            "eps": 0.61,
            "eps_growth_year": 12.96,
            "eps_4q": 1.51,
            "eps_4q_growth_year": 20.75,
            "roe": 4.57,
            "roe_4q": 11.600000000000001,
            "gross_profit": 44884,
            "gross_margin": 24.42,
            "gross_margin_4q_avg": 22.29,
            "net_income": 25410,
            "net_income_4q": null,
            "revenue": 183797,
            "revenue_4q": null,
            "common_shares": 413621,
            "book_valuer_per_share": 13.76,
            "book_valuer_per_share_4q_avg": 14.4,
            "equity": 569212,
            "current_ratio": 271.21,
            "debt_ratio": 22.47,
            "inventory_turnover_ratio": 3.05,
            "account_receivable_turnover_ratio": null,
            "reinvestment_rate": 53.65,
            "research_to_sale_ratio": null,
            "price_fair": 93.45,
            "eps_avg_yearly": 2.67,
            "eps_latest_yearly": 2.44,
            "eps_growth_yearly": 298.14
        },
        "20084": {
            "year_quarter": 20084,
            "year": 2008,
            "quarter": 4,
            "eps": 0.27,
            "eps_growth_year": -65.38,
            "eps_4q": 1.1,
            "eps_4q_growth_year": -29.32,
            "roe": 1.93,
            "roe_4q": 8.06,
            "gross_profit": 27787,
            "gross_margin": 20.38,
            "gross_margin_4q_avg": 20.88,
            "net_income": 11080,
            "net_income_4q": null,
            "revenue": 136325,
            "revenue_4q": null,
            "common_shares": 413621,
            "book_valuer_per_share": 14.06,
            "book_valuer_per_share_4q_avg": 14.27,
            "equity": 581597,
            "current_ratio": 283.66,
            "debt_ratio": 21.25,
            "inventory_turnover_ratio": 2.26,
            "account_receivable_turnover_ratio": 1.08,
            "reinvestment_rate": 51.3,
            "research_to_sale_ratio": null,
            "price_fair": 85.75,
            "eps_avg_yearly": 2.45,
            "eps_latest_yearly": 1.08,
            "eps_growth_yearly": 287.43
        },
        "20091": {
            "year_quarter": 20091,
            "year": 2009,
            "quarter": 1,
            "eps": 0.1,
            "eps_growth_year": -41.18,
            "eps_4q": 1,
            "eps_4q_growth_year": -38.75,
            "roe": 0.73,
            "roe_4q": 7.630000000000001,
            "gross_profit": 20605,
            "gross_margin": 17.43,
            "gross_margin_4q_avg": 20.23,
            "net_income": 4293,
            "net_income_4q": null,
            "revenue": 118222,
            "revenue_4q": null,
            "common_shares": 413621,
            "book_valuer_per_share": 14.21,
            "book_valuer_per_share_4q_avg": 14.14,
            "equity": 587832,
            "current_ratio": 375.14,
            "debt_ratio": 15.91,
            "inventory_turnover_ratio": 2.21,
            "account_receivable_turnover_ratio": 0.54,
            "reinvestment_rate": 39.57,
            "research_to_sale_ratio": null,
            "price_fair": 75.08,
            "eps_avg_yearly": 2.15,
            "eps_latest_yearly": 0.4,
            "eps_growth_yearly": 267.99
        },
        "20092": {
            "year_quarter": 20092,
            "year": 2009,
            "quarter": 2,
            "eps": 0.81,
            "eps_growth_year": 1520,
            "eps_4q": 1.74,
            "eps_4q_growth_year": 33.5,
            "roe": 5.88,
            "roe_4q": 13.11,
            "gross_profit": 66236,
            "gross_margin": 34.16,
            "gross_margin_4q_avg": 24.1,
            "net_income": 35331,
            "net_income_4q": null,
            "revenue": 193907,
            "revenue_4q": null,
            "common_shares": 413621,
            "book_valuer_per_share": 14.86,
            "book_valuer_per_share_4q_avg": 14.22,
            "equity": 614495,
            "current_ratio": 269.66,
            "debt_ratio": 24.29,
            "inventory_turnover_ratio": 2.42,
            "account_receivable_turnover_ratio": 0.87,
            "reinvestment_rate": 25.93,
            "research_to_sale_ratio": null,
            "price_fair": 70.53,
            "eps_avg_yearly": 2.02,
            "eps_latest_yearly": 3.24,
            "eps_growth_yearly": 445.3
        },
        "20093": {
            "year_quarter": 20093,
            "year": 2009,
            "quarter": 3,
            "eps": 1.14,
            "eps_growth_year": 86.89,
            "eps_4q": 2.29,
            "eps_4q_growth_year": 51.64,
            "roe": 7.83,
            "roe_4q": 16.37,
            "gross_profit": 90154,
            "gross_margin": 33.62,
            "gross_margin_4q_avg": 26.4,
            "net_income": 50100,
            "net_income_4q": null,
            "revenue": 268172,
            "revenue_4q": null,
            "common_shares": 438438,
            "book_valuer_per_share": 15.16,
            "book_valuer_per_share_4q_avg": 14.57,
            "equity": 664605,
            "current_ratio": 253.7,
            "debt_ratio": 27.35,
            "inventory_turnover_ratio": 2.46,
            "account_receivable_turnover_ratio": 0.82,
            "reinvestment_rate": 8.39,
            "research_to_sale_ratio": null,
            "price_fair": 69.83,
            "eps_avg_yearly": 2,
            "eps_latest_yearly": 4.56,
            "eps_growth_yearly": 457.56
        },
        "20094": {
            "year_quarter": 20094,
            "year": 2009,
            "quarter": 4,
            "eps": 0.34,
            "eps_growth_year": 25.93,
            "eps_4q": 2.39,
            "eps_4q_growth_year": 117.3,
            "roe": 2.22,
            "roe_4q": 16.66,
            "gross_profit": 35955,
            "gross_margin": 20.92,
            "gross_margin_4q_avg": 26.53,
            "net_income": 14919,
            "net_income_4q": null,
            "revenue": 171881,
            "revenue_4q": null,
            "common_shares": 438438,
            "book_valuer_per_share": 15.51,
            "book_valuer_per_share_4q_avg": 14.94,
            "equity": 680207,
            "current_ratio": 286.28,
            "debt_ratio": 23.2,
            "inventory_turnover_ratio": 1.78,
            "account_receivable_turnover_ratio": 1.08,
            "reinvestment_rate": 14.09,
            "research_to_sale_ratio": null,
            "price_fair": 62.3,
            "eps_avg_yearly": 1.78,
            "eps_latest_yearly": 1.36,
            "eps_growth_yearly": 440.42
        },
        "20101": {
            "year_quarter": 20101,
            "year": 2010,
            "quarter": 1,
            "eps": 0.7,
            "eps_growth_year": 600,
            "eps_4q": 2.99,
            "eps_4q_growth_year": 198.63,
            "roe": 4.42,
            "roe_4q": 20.35,
            "gross_profit": 61459,
            "gross_margin": 24.35,
            "gross_margin_4q_avg": 28.26,
            "net_income": 30756,
            "net_income_4q": null,
            "revenue": 252447,
            "revenue_4q": null,
            "common_shares": 438438,
            "book_valuer_per_share": 16.22,
            "book_valuer_per_share_4q_avg": 15.44,
            "equity": 711363,
            "current_ratio": 262.55,
            "debt_ratio": 26.68,
            "inventory_turnover_ratio": 2.56,
            "account_receivable_turnover_ratio": 0.77,
            "reinvestment_rate": 15.61,
            "research_to_sale_ratio": 3.88,
            "price_fair": 62.74,
            "eps_avg_yearly": 1.79,
            "eps_latest_yearly": 2.8,
            "eps_growth_yearly": 478.35
        },
        "20102": {
            "year_quarter": 20102,
            "year": 2010,
            "quarter": 2,
            "eps": 0.99,
            "eps_growth_year": 22.29,
            "eps_4q": 3.01,
            "eps_4q_growth_year": 72.67,
            "roe": 6.53,
            "roe_4q": 21,
            "gross_profit": 78071,
            "gross_margin": 25.32,
            "gross_margin_4q_avg": 26.05,
            "net_income": 46902,
            "net_income_4q": null,
            "revenue": 308347,
            "revenue_4q": null,
            "common_shares": 438438,
            "book_valuer_per_share": 16.52,
            "book_valuer_per_share_4q_avg": 15.85,
            "equity": 724326,
            "current_ratio": 214.44,
            "debt_ratio": 34.56,
            "inventory_turnover_ratio": 2.7,
            "account_receivable_turnover_ratio": 0.76,
            "reinvestment_rate": 14.02,
            "research_to_sale_ratio": 3.69,
            "price_fair": 67.29,
            "eps_avg_yearly": 1.92,
            "eps_latest_yearly": 3.96,
            "eps_growth_yearly": 495.63
        },
        "20103": {
            "year_quarter": 20103,
            "year": 2010,
            "quarter": 3,
            "eps": 1,
            "eps_growth_year": -12.71,
            "eps_4q": 2.92,
            "eps_4q_growth_year": 27.46,
            "roe": 6.34,
            "roe_4q": 19.509999999999998,
            "gross_profit": 90180,
            "gross_margin": 26.18,
            "gross_margin_4q_avg": 24.19,
            "net_income": 47764,
            "net_income_4q": null,
            "revenue": 344427,
            "revenue_4q": null,
            "common_shares": 473513,
            "book_valuer_per_share": 16.5,
            "book_valuer_per_share_4q_avg": 16.19,
            "equity": 781462,
            "current_ratio": 241.54,
            "debt_ratio": 31.01,
            "inventory_turnover_ratio": 2.77,
            "account_receivable_turnover_ratio": 0.69,
            "reinvestment_rate": 11.54,
            "research_to_sale_ratio": 2.98,
            "price_fair": 72.54,
            "eps_avg_yearly": 2.07,
            "eps_latest_yearly": 4,
            "eps_growth_yearly": 499.61
        },
        "20104": {
            "year_quarter": 20104,
            "year": 2010,
            "quarter": 4,
            "eps": 0.07,
            "eps_growth_year": -79.46,
            "eps_4q": 2.68,
            "eps_4q_growth_year": 12.4,
            "roe": 0.43,
            "roe_4q": 17.72,
            "gross_profit": 61478,
            "gross_margin": 23.63,
            "gross_margin_4q_avg": 24.87,
            "net_income": 3352,
            "net_income_4q": null,
            "revenue": 260175,
            "revenue_4q": null,
            "common_shares": 480013,
            "book_valuer_per_share": 16.35,
            "book_valuer_per_share_4q_avg": 16.4,
            "equity": 784707,
            "current_ratio": 239.81,
            "debt_ratio": 29.88,
            "inventory_turnover_ratio": 2.18,
            "account_receivable_turnover_ratio": 0.55,
            "reinvestment_rate": 19.59,
            "research_to_sale_ratio": 4.13,
            "price_fair": 68.51,
            "eps_avg_yearly": 1.96,
            "eps_latest_yearly": 0.28,
            "eps_growth_yearly": 468.23
        },
        "20111": {
            "year_quarter": 20111,
            "year": 2011,
            "quarter": 1,
            "eps": 1.05,
            "eps_growth_year": 50,
            "eps_4q": 3.09,
            "eps_4q_growth_year": 3.47,
            "roe": 6.24,
            "roe_4q": 19.54,
            "gross_profit": 83231,
            "gross_margin": 30.95,
            "gross_margin_4q_avg": 26.52,
            "net_income": 50497,
            "net_income_4q": null,
            "revenue": 268951,
            "revenue_4q": null,
            "common_shares": 480013,
            "book_valuer_per_share": 17.39,
            "book_valuer_per_share_4q_avg": 16.69,
            "equity": 834826,
            "current_ratio": 266.81,
            "debt_ratio": 27.4,
            "inventory_turnover_ratio": 1.78,
            "account_receivable_turnover_ratio": 0.67,
            "reinvestment_rate": 18.7,
            "research_to_sale_ratio": 4.43,
            "price_fair": 77,
            "eps_avg_yearly": 2.2,
            "eps_latest_yearly": 4.2,
            "eps_growth_yearly": 839.46
        },
        "20112": {
            "year_quarter": 20112,
            "year": 2011,
            "quarter": 2,
            "eps": 0.9,
            "eps_growth_year": -9.46,
            "eps_4q": 2.82,
            "eps_4q_growth_year": -6.37,
            "roe": 5.7,
            "roe_4q": 18.71,
            "gross_profit": 86440,
            "gross_margin": 30.19,
            "gross_margin_4q_avg": 27.74,
            "net_income": 47351,
            "net_income_4q": null,
            "revenue": 286297,
            "revenue_4q": null,
            "common_shares": 480013,
            "book_valuer_per_share": 17.19,
            "book_valuer_per_share_4q_avg": 16.86,
            "equity": 825329,
            "current_ratio": 246.49,
            "debt_ratio": 30.43,
            "inventory_turnover_ratio": 1.72,
            "account_receivable_turnover_ratio": 0.71,
            "reinvestment_rate": 13.66,
            "research_to_sale_ratio": 3.49,
            "price_fair": 83.3,
            "eps_avg_yearly": 2.38,
            "eps_latest_yearly": 3.6,
            "eps_growth_yearly": 804.64
        },
        "20113": {
            "year_quarter": 20113,
            "year": 2011,
            "quarter": 3,
            "eps": 1.53,
            "eps_growth_year": 53.84,
            "eps_4q": 3.43,
            "eps_4q_growth_year": 17.38,
            "roe": 9.39,
            "roe_4q": 21.759999999999998,
            "gross_profit": 107274,
            "gross_margin": 29.84,
            "gross_margin_4q_avg": 28.65,
            "net_income": 81495,
            "net_income_4q": null,
            "revenue": 359500,
            "revenue_4q": null,
            "common_shares": 528014,
            "book_valuer_per_share": 17.23,
            "book_valuer_per_share_4q_avg": 17.04,
            "equity": 909871,
            "current_ratio": 288.84,
            "debt_ratio": 26.39,
            "inventory_turnover_ratio": 2.34,
            "account_receivable_turnover_ratio": 0.74,
            "reinvestment_rate": 12.82,
            "research_to_sale_ratio": 2.72,
            "price_fair": 91.96,
            "eps_avg_yearly": 2.63,
            "eps_latest_yearly": 6.12,
            "eps_growth_yearly": 772.14
        },
        "20114": {
            "year_quarter": 20114,
            "year": 2011,
            "quarter": 4,
            "eps": 0.94,
            "eps_growth_year": 1245.83,
            "eps_4q": 4.31,
            "eps_4q_growth_year": 60.61,
            "roe": 5.36,
            "roe_4q": 26.689999999999998,
            "gross_profit": 89126,
            "gross_margin": 28.62,
            "gross_margin_4q_avg": 29.9,
            "net_income": 50032,
            "net_income_4q": null,
            "revenue": 311390,
            "revenue_4q": null,
            "common_shares": 532364,
            "book_valuer_per_share": 18,
            "book_valuer_per_share_4q_avg": 17.45,
            "equity": 958043,
            "current_ratio": 293.01,
            "debt_ratio": 26.05,
            "inventory_turnover_ratio": 2.37,
            "account_receivable_turnover_ratio": 0.6,
            "reinvestment_rate": 9.32,
            "research_to_sale_ratio": 3,
            "price_fair": 93.36,
            "eps_avg_yearly": 2.67,
            "eps_latest_yearly": 3.76,
            "eps_growth_yearly": 751.39
        },
        "20121": {
            "year_quarter": 20121,
            "year": 2012,
            "quarter": 1,
            "eps": 0.63,
            "eps_growth_year": -40,
            "eps_4q": 3.99,
            "eps_4q_growth_year": 28.83,
            "roe": 3.43,
            "roe_4q": 23.88,
            "gross_profit": 67412,
            "gross_margin": 30.38,
            "gross_margin_4q_avg": 29.76,
            "net_income": 33524,
            "net_income_4q": null,
            "revenue": 221882,
            "revenue_4q": null,
            "common_shares": 532364,
            "book_valuer_per_share": 18.68,
            "book_valuer_per_share_4q_avg": 17.78,
            "equity": 994528,
            "current_ratio": 357.34,
            "debt_ratio": 21.19,
            "inventory_turnover_ratio": 1.71,
            "account_receivable_turnover_ratio": 0.49,
            "reinvestment_rate": 8.38,
            "research_to_sale_ratio": 4.35,
            "price_fair": 97.39,
            "eps_avg_yearly": 2.78,
            "eps_latest_yearly": 2.52,
            "eps_growth_yearly": 762.69
        },
        "20122": {
            "year_quarter": 20122,
            "year": 2012,
            "quarter": 2,
            "eps": 1.53,
            "eps_growth_year": 70.28,
            "eps_4q": 4.62,
            "eps_4q_growth_year": 63.92,
            "roe": 8.65,
            "roe_4q": 26.830000000000002,
            "gross_profit": 116982,
            "gross_margin": 37.32,
            "gross_margin_4q_avg": 31.54,
            "net_income": 81372,
            "net_income_4q": null,
            "revenue": 313435,
            "revenue_4q": null,
            "common_shares": 532864,
            "book_valuer_per_share": 16.66,
            "book_valuer_per_share_4q_avg": 17.64,
            "equity": 887489,
            "current_ratio": 218.34,
            "debt_ratio": 35.1,
            "inventory_turnover_ratio": 2.02,
            "account_receivable_turnover_ratio": 0.74,
            "reinvestment_rate": 8.76,
            "research_to_sale_ratio": 3.77,
            "price_fair": 110.34,
            "eps_avg_yearly": 3.15,
            "eps_latest_yearly": 6.12,
            "eps_growth_yearly": 816.05
        },
        "20123": {
            "year_quarter": 20123,
            "year": 2012,
            "quarter": 3,
            "eps": 1.75,
            "eps_growth_year": 14.3,
            "eps_4q": 4.5,
            "eps_4q_growth_year": 31.16,
            "roe": 9.89,
            "roe_4q": 27.33,
            "gross_profit": 150091,
            "gross_margin": 39.62,
            "gross_margin_4q_avg": 33.99,
            "net_income": 104890,
            "net_income_4q": null,
            "revenue": 378779,
            "revenue_4q": null,
            "common_shares": 532864,
            "book_valuer_per_share": 23.16,
            "book_valuer_per_share_4q_avg": 19.13,
            "equity": 1234259,
            "current_ratio": 419.36,
            "debt_ratio": 28.66,
            "inventory_turnover_ratio": 2.02,
            "account_receivable_turnover_ratio": 0.77,
            "reinvestment_rate": 13.13,
            "research_to_sale_ratio": 2.95,
            "price_fair": 120.31,
            "eps_avg_yearly": 3.44,
            "eps_latest_yearly": 7,
            "eps_growth_yearly": 539.65
        },
        "20124": {
            "year_quarter": 20124,
            "year": 2012,
            "quarter": 4,
            "eps": 1.11,
            "eps_growth_year": 17.61,
            "eps_4q": 4.76,
            "eps_4q_growth_year": 10.39,
            "roe": 5.24,
            "roe_4q": 27.21,
            "gross_profit": 104855,
            "gross_margin": 31.97,
            "gross_margin_4q_avg": 34.82,
            "net_income": 66536,
            "net_income_4q": null,
            "revenue": 327940,
            "revenue_4q": null,
            "common_shares": 599520,
            "book_valuer_per_share": 21.73,
            "book_valuer_per_share_4q_avg": 20.06,
            "equity": 1302920,
            "current_ratio": 401.38,
            "debt_ratio": 29.02,
            "inventory_turnover_ratio": 1.7,
            "account_receivable_turnover_ratio": 0.6,
            "reinvestment_rate": 15.11,
            "research_to_sale_ratio": 2.33,
            "price_fair": 127.66,
            "eps_avg_yearly": 3.65,
            "eps_latest_yearly": 4.44,
            "eps_growth_yearly": 544.44
        },
        "20131": {
            "year_quarter": 20131,
            "year": 2013,
            "quarter": 1,
            "eps": 1.47,
            "eps_growth_year": 133.33,
            "eps_4q": 5.56,
            "eps_4q_growth_year": 39.56,
            "roe": 6.56,
            "roe_4q": 30.340000000000003,
            "gross_profit": 107819,
            "gross_margin": 32.94,
            "gross_margin_4q_avg": 35.46,
            "net_income": 89560,
            "net_income_4q": null,
            "revenue": 327288,
            "revenue_4q": null,
            "common_shares": 601980,
            "book_valuer_per_share": 23.75,
            "book_valuer_per_share_4q_avg": 21.33,
            "equity": 1429656,
            "current_ratio": 464.99,
            "debt_ratio": 24.25,
            "inventory_turnover_ratio": 1.72,
            "account_receivable_turnover_ratio": 0.61,
            "reinvestment_rate": 10.52,
            "research_to_sale_ratio": 2.58,
            "price_fair": 139.65,
            "eps_avg_yearly": 3.99,
            "eps_latest_yearly": 5.88,
            "eps_growth_yearly": 568.29
        },
        "20132": {
            "year_quarter": 20132,
            "year": 2013,
            "quarter": 2,
            "eps": 1.05,
            "eps_growth_year": -31.24,
            "eps_4q": 5.25,
            "eps_4q_growth_year": 13.47,
            "roe": 4.8,
            "roe_4q": 26.490000000000002,
            "gross_profit": 88519,
            "gross_margin": 32.91,
            "gross_margin_4q_avg": 34.36,
            "net_income": 64717,
            "net_income_4q": null,
            "revenue": 268994,
            "revenue_4q": null,
            "common_shares": 615431,
            "book_valuer_per_share": 20.55,
            "book_valuer_per_share_4q_avg": 22.3,
            "equity": 1264564,
            "current_ratio": 288.75,
            "debt_ratio": 34.02,
            "inventory_turnover_ratio": 1.5,
            "account_receivable_turnover_ratio": 0.57,
            "reinvestment_rate": 11.67,
            "research_to_sale_ratio": 2.99,
            "price_fair": 141.75,
            "eps_avg_yearly": 4.05,
            "eps_latest_yearly": 4.2,
            "eps_growth_yearly": 383.65
        },
        "20133": {
            "year_quarter": 20133,
            "year": 2013,
            "quarter": 3,
            "eps": 0.72,
            "eps_growth_year": -58.85,
            "eps_4q": 4.2,
            "eps_4q_growth_year": -6.58,
            "roe": 3.46,
            "roe_4q": 20.060000000000002,
            "gross_profit": 77940,
            "gross_margin": 28.07,
            "gross_margin_4q_avg": 31.47,
            "net_income": 45257,
            "net_income_4q": null,
            "revenue": 277679,
            "revenue_4q": null,
            "common_shares": 631680,
            "book_valuer_per_share": 21.35,
            "book_valuer_per_share_4q_avg": 21.85,
            "equity": 1348655,
            "current_ratio": 546.42,
            "debt_ratio": 18.81,
            "inventory_turnover_ratio": 1.65,
            "account_receivable_turnover_ratio": 0.67,
            "reinvestment_rate": 11.18,
            "research_to_sale_ratio": 3.52,
            "price_fair": 138.08,
            "eps_avg_yearly": 3.95,
            "eps_latest_yearly": 2.88,
            "eps_growth_yearly": 365.6
        },
        "20134": {
            "year_quarter": 20134,
            "year": 2013,
            "quarter": 4,
            "eps": 0.69,
            "eps_growth_year": -37.37,
            "eps_4q": 3.83,
            "eps_4q_growth_year": -19.55,
            "roe": 3.2,
            "roe_4q": 18.02,
            "gross_profit": 66710,
            "gross_margin": 27.09,
            "gross_margin_4q_avg": 30.25,
            "net_income": 44072,
            "net_income_4q": null,
            "revenue": 246215,
            "revenue_4q": null,
            "common_shares": 636610,
            "book_valuer_per_share": 22.04,
            "book_valuer_per_share_4q_avg": 21.92,
            "equity": 1403399,
            "current_ratio": 642.44,
            "debt_ratio": 16.71,
            "inventory_turnover_ratio": 1.76,
            "account_receivable_turnover_ratio": 0.58,
            "reinvestment_rate": 5.62,
            "research_to_sale_ratio": 3.86,
            "price_fair": 141.14,
            "eps_avg_yearly": 4.03,
            "eps_latest_yearly": 2.76,
            "eps_growth_yearly": 382.11
        },
        "20141": {
            "year_quarter": 20141,
            "year": 2014,
            "quarter": 1,
            "eps": 0.57,
            "eps_growth_year": -61.22,
            "eps_4q": 2.99,
            "eps_4q_growth_year": -46.21,
            "roe": 2.56,
            "roe_4q": 14.02,
            "gross_profit": 66836,
            "gross_margin": 29.59,
            "gross_margin_4q_avg": 29.42,
            "net_income": 36502,
            "net_income_4q": null,
            "revenue": 225882,
            "revenue_4q": null,
            "common_shares": 636610,
            "book_valuer_per_share": 22.69,
            "book_valuer_per_share_4q_avg": 21.66,
            "equity": 1444477,
            "current_ratio": 629.41,
            "debt_ratio": 16.97,
            "inventory_turnover_ratio": 1.73,
            "account_receivable_turnover_ratio": 0.55,
            "reinvestment_rate": 5.22,
            "research_to_sale_ratio": 4.71,
            "price_fair": 140,
            "eps_avg_yearly": 4,
            "eps_latest_yearly": 2.28,
            "eps_growth_yearly": 351.29
        },
        "20142": {
            "year_quarter": 20142,
            "year": 2014,
            "quarter": 2,
            "eps": 1,
            "eps_growth_year": -4.76,
            "eps_4q": 2.98,
            "eps_4q_growth_year": -43.27,
            "roe": 4.66,
            "roe_4q": 13.880000000000003,
            "gross_profit": 115921,
            "gross_margin": 31.44,
            "gross_margin_4q_avg": 29.05,
            "net_income": 63777,
            "net_income_4q": null,
            "revenue": 368720,
            "revenue_4q": null,
            "common_shares": 636768,
            "book_valuer_per_share": 20.33,
            "book_valuer_per_share_4q_avg": 21.6,
            "equity": 1294764,
            "current_ratio": 284.18,
            "debt_ratio": 32.52,
            "inventory_turnover_ratio": 2.31,
            "account_receivable_turnover_ratio": 0.83,
            "reinvestment_rate": 6.12,
            "research_to_sale_ratio": 3.45,
            "price_fair": 140.09,
            "eps_avg_yearly": 4,
            "eps_latest_yearly": 4,
            "eps_growth_yearly": 359.79
        },
        "20143": {
            "year_quarter": 20143,
            "year": 2014,
            "quarter": 3,
            "eps": 0.33,
            "eps_growth_year": -54.17,
            "eps_4q": 2.55,
            "eps_4q_growth_year": -39.4,
            "roe": 1.62,
            "roe_4q": 12.04,
            "gross_profit": 138286,
            "gross_margin": 31.5,
            "gross_margin_4q_avg": 29.91,
            "net_income": 21426,
            "net_income_4q": null,
            "revenue": 439020,
            "revenue_4q": null,
            "common_shares": 636988,
            "book_valuer_per_share": 21.28,
            "book_valuer_per_share_4q_avg": 21.59,
            "equity": 1355462,
            "current_ratio": 340.94,
            "debt_ratio": 23.7,
            "inventory_turnover_ratio": 2.47,
            "account_receivable_turnover_ratio": 0.78,
            "reinvestment_rate": 7,
            "research_to_sale_ratio": 2.49,
            "price_fair": 134.23,
            "eps_avg_yearly": 3.84,
            "eps_latest_yearly": 1.32,
            "eps_growth_yearly": 342.79
        },
        "20144": {
            "year_quarter": 20144,
            "year": 2014,
            "quarter": 4,
            "eps": 0.72,
            "eps_growth_year": 3.44,
            "eps_4q": 2.59,
            "eps_4q_growth_year": -32.4,
            "roe": 3.38,
            "roe_4q": 12.22,
            "gross_profit": 53462,
            "gross_margin": 21.43,
            "gross_margin_4q_avg": 28.49,
            "net_income": 46596,
            "net_income_4q": null,
            "revenue": 249420,
            "revenue_4q": null,
            "common_shares": 650661,
            "book_valuer_per_share": 21.53,
            "book_valuer_per_share_4q_avg": 21.46,
            "equity": 1400598,
            "current_ratio": 395.78,
            "debt_ratio": 20.12,
            "inventory_turnover_ratio": 1.84,
            "account_receivable_turnover_ratio": 0.41,
            "reinvestment_rate": 3.42,
            "research_to_sale_ratio": 3.88,
            "price_fair": 139.91,
            "eps_avg_yearly": 4,
            "eps_latest_yearly": 2.88,
            "eps_growth_yearly": 395.58
        },
        "20151": {
            "year_quarter": 20151,
            "year": 2015,
            "quarter": 1,
            "eps": 0.33,
            "eps_growth_year": -42.11,
            "eps_4q": 2.34,
            "eps_4q_growth_year": -21.94,
            "roe": 1.51,
            "roe_4q": 11.17,
            "gross_profit": 52595,
            "gross_margin": 24.09,
            "gross_margin_4q_avg": 27.12,
            "net_income": 21387,
            "net_income_4q": null,
            "revenue": 218334,
            "revenue_4q": null,
            "common_shares": 650661,
            "book_valuer_per_share": 22.09,
            "book_valuer_per_share_4q_avg": 21.31,
            "equity": 1437126,
            "current_ratio": 500.96,
            "debt_ratio": 15.9,
            "inventory_turnover_ratio": 1.85,
            "account_receivable_turnover_ratio": 0.37,
            "reinvestment_rate": 3.34,
            "research_to_sale_ratio": 3.44,
            "price_fair": 133.61,
            "eps_avg_yearly": 3.82,
            "eps_latest_yearly": 1.32,
            "eps_growth_yearly": 32.04
        },
        "20152": {
            "year_quarter": 20152,
            "year": 2015,
            "quarter": 2,
            "eps": 0.06,
            "eps_growth_year": -94,
            "eps_4q": 1.42,
            "eps_4q_growth_year": -52.31,
            "roe": 0.3,
            "roe_4q": 6.81,
            "gross_profit": 34009,
            "gross_margin": 16.65,
            "gross_margin_4q_avg": 23.42,
            "net_income": 4064,
            "net_income_4q": null,
            "revenue": 204268,
            "revenue_4q": null,
            "common_shares": 658450,
            "book_valuer_per_share": 19.95,
            "book_valuer_per_share_4q_avg": 21.21,
            "equity": 1313408,
            "current_ratio": 337.15,
            "debt_ratio": 23.21,
            "inventory_turnover_ratio": 1.91,
            "account_receivable_turnover_ratio": 0.37,
            "reinvestment_rate": 5.72,
            "research_to_sale_ratio": 3.98,
            "price_fair": 90.76,
            "eps_avg_yearly": 3.61,
            "eps_latest_yearly": 0.24,
            "eps_growth_yearly": 15.16
        },
        "20153": {
            "year_quarter": 20153,
            "year": 2015,
            "quarter": 3,
            "eps": 0.41,
            "eps_growth_year": 24.24,
            "eps_4q": 1.51,
            "eps_4q_growth_year": -40.85,
            "roe": 2.05,
            "roe_4q": 7.239999999999999,
            "gross_profit": 11811,
            "gross_margin": 6.29,
            "gross_margin_4q_avg": 17.12,
            "net_income": 27197,
            "net_income_4q": null,
            "revenue": 187645,
            "revenue_4q": null,
            "common_shares": 658450,
            "book_valuer_per_share": 20.37,
            "book_valuer_per_share_4q_avg": 20.99,
            "equity": 1341359,
            "current_ratio": 567.21,
            "debt_ratio": 13.94,
            "inventory_turnover_ratio": 2.15,
            "account_receivable_turnover_ratio": 0.43,
            "reinvestment_rate": 4.06,
            "research_to_sale_ratio": 3.41,
            "price_fair": 116.46,
            "eps_avg_yearly": 3.33,
            "eps_latest_yearly": 1.64,
            "eps_growth_yearly": 143.49
        },
        "20154": {
            "year_quarter": 20154,
            "year": 2015,
            "quarter": 4,
            "eps": 0.14,
            "eps_growth_year": -80.56,
            "eps_4q": 0.94,
            "eps_4q_growth_year": -63.71,
            "roe": 0.68,
            "roe_4q": 4.54,
            "gross_profit": 26515,
            "gross_margin": 15.62,
            "gross_margin_4q_avg": 15.66,
            "net_income": 9166,
            "net_income_4q": null,
            "revenue": 169781,
            "revenue_4q": null,
            "common_shares": 658450,
            "book_valuer_per_share": 20.55,
            "book_valuer_per_share_4q_avg": 20.74,
            "equity": 1353239,
            "current_ratio": 551.52,
            "debt_ratio": 13.96,
            "inventory_turnover_ratio": 1.95,
            "account_receivable_turnover_ratio": 0.57,
            "reinvestment_rate": 1.79,
            "research_to_sale_ratio": 3.06,
            "price_fair": 109.46,
            "eps_avg_yearly": 3.13,
            "eps_latest_yearly": 0.56,
            "eps_growth_yearly": 136.67
        },
        "20161": {
            "year_quarter": 20161,
            "year": 2016,
            "quarter": 1,
            "eps": -0.15,
            "eps_growth_year": -145.45,
            "eps_4q": 0.46,
            "eps_4q_growth_year": -80.35,
            "roe": -0.76,
            "roe_4q": 2.2699999999999996,
            "gross_profit": 14935,
            "gross_margin": 10.69,
            "gross_margin_4q_avg": 12.31,
            "net_income": -10199,
            "net_income_4q": null,
            "revenue": 139648,
            "revenue_4q": null,
            "common_shares": 658450,
            "book_valuer_per_share": 20.43,
            "book_valuer_per_share_4q_avg": 20.33,
            "equity": 1345536,
            "current_ratio": 656.72,
            "debt_ratio": 11.49,
            "inventory_turnover_ratio": 1.79,
            "account_receivable_turnover_ratio": 0.54,
            "reinvestment_rate": -0.46,
            "research_to_sale_ratio": 4.05,
            "price_fair": 110.88,
            "eps_avg_yearly": 3.17,
            "eps_latest_yearly": 0.56,
            "eps_growth_yearly": 154.57
        },
        "20162": {
            "year_quarter": 20162,
            "year": 2016,
            "quarter": 2,
            "eps": -0.1,
            "eps_growth_year": -266.67,
            "eps_4q": 0.3,
            "eps_4q_growth_year": -79.15,
            "roe": -0.51,
            "roe_4q": 1.46,
            "gross_profit": 19236,
            "gross_margin": 12.96,
            "gross_margin_4q_avg": 11.39,
            "net_income": -6677,
            "net_income_4q": null,
            "revenue": 148469,
            "revenue_4q": null,
            "common_shares": 658450,
            "book_valuer_per_share": 19.55,
            "book_valuer_per_share_4q_avg": 20.23,
            "equity": 1286990,
            "current_ratio": 534.14,
            "debt_ratio": 14.17,
            "inventory_turnover_ratio": 1.97,
            "account_receivable_turnover_ratio": 0.65,
            "reinvestment_rate": -4.43,
            "research_to_sale_ratio": 6,
            "price_fair": 103.5,
            "eps_avg_yearly": 2.96,
            "eps_latest_yearly": 0.56,
            "eps_growth_yearly": 124.8
        },
        "20163": {
            "year_quarter": 20163,
            "year": 2016,
            "quarter": 3,
            "eps": -0.23,
            "eps_growth_year": -156.1,
            "eps_4q": -0.35,
            "eps_4q_growth_year": -123.26,
            "roe": -1.2,
            "roe_4q": -1.7899999999999996,
            "gross_profit": 25741,
            "gross_margin": 14.24,
            "gross_margin_4q_avg": 13.38,
            "net_income": -15376,
            "net_income_4q": null,
            "revenue": 180797,
            "revenue_4q": null,
            "common_shares": 658450,
            "book_valuer_per_share": 19.4,
            "book_valuer_per_share_4q_avg": 19.98,
            "equity": 1277081,
            "current_ratio": 567.75,
            "debt_ratio": 13.36,
            "inventory_turnover_ratio": 2.02,
            "account_receivable_turnover_ratio": 0.77,
            "reinvestment_rate": -15.73,
            "research_to_sale_ratio": 5.39,
            "price_fair": 92.62,
            "eps_avg_yearly": 2.65,
            "eps_latest_yearly": 0.56,
            "eps_growth_yearly": 129.97
        },
        "20164": {
            "year_quarter": 20164,
            "year": 2016,
            "quarter": 4,
            "eps": 0.29,
            "eps_growth_year": 106.99,
            "eps_4q": -0.2,
            "eps_4q_growth_year": -121.48,
            "roe": 1.47,
            "roe_4q": -1,
            "gross_profit": 20352,
            "gross_margin": 12.07,
            "gross_margin_4q_avg": 12.49,
            "net_income": 18973,
            "net_income_4q": null,
            "revenue": 168569,
            "revenue_4q": null,
            "common_shares": 658450,
            "book_valuer_per_share": 19.7,
            "book_valuer_per_share_4q_avg": 19.77,
            "equity": 1297136,
            "current_ratio": 549.59,
            "debt_ratio": 14.17,
            "inventory_turnover_ratio": 1.59,
            "account_receivable_turnover_ratio": 0.6,
            "reinvestment_rate": -25.34,
            "research_to_sale_ratio": 5.7,
            "price_fair": 87.38,
            "eps_avg_yearly": 2.5,
            "eps_latest_yearly": 0.56,
            "eps_growth_yearly": 153
        },
        "20171": {
            "year_quarter": 20171,
            "year": 2017,
            "quarter": 1,
            "eps": -0.52,
            "eps_growth_year": null,
            "eps_4q": -0.57,
            "eps_4q_growth_year": -223.67,
            "roe": -2.68,
            "roe_4q": -2.92,
            "gross_profit": 41138,
            "gross_margin": 17.74,
            "gross_margin_4q_avg": 14.25,
            "net_income": -34304,
            "net_income_4q": null,
            "revenue": 231929,
            "revenue_4q": null,
            "common_shares": 658450,
            "book_valuer_per_share": 19.22,
            "book_valuer_per_share_4q_avg": 19.47,
            "equity": 1265232,
            "current_ratio": 399.6,
            "debt_ratio": 20,
            "inventory_turnover_ratio": 1.88,
            "account_receivable_turnover_ratio": 0.72,
            "reinvestment_rate": -25.47,
            "research_to_sale_ratio": 3.33,
            "price_fair": 76.62,
            "eps_avg_yearly": 2.19,
            "eps_latest_yearly": 0.56,
            "eps_growth_yearly": 155.11
        },
        "20172": {
            "year_quarter": 20172,
            "year": 2017,
            "quarter": 2,
            "eps": 0.23,
            "eps_growth_year": null,
            "eps_4q": -0.23,
            "eps_4q_growth_year": -179.11,
            "roe": 1.23,
            "roe_4q": -1.1800000000000002,
            "gross_profit": 33076,
            "gross_margin": 15.71,
            "gross_margin_4q_avg": 14.94,
            "net_income": 15290,
            "net_income_4q": null,
            "revenue": 210581,
            "revenue_4q": null,
            "common_shares": 658450,
            "book_valuer_per_share": 18.46,
            "book_valuer_per_share_4q_avg": 19.2,
            "equity": 1215334,
            "current_ratio": 294.44,
            "debt_ratio": 27.78,
            "inventory_turnover_ratio": 1.46,
            "account_receivable_turnover_ratio": 0.63,
            "reinvestment_rate": -31.78,
            "research_to_sale_ratio": 4.29,
            "price_fair": 69.58,
            "eps_avg_yearly": 1.99,
            "eps_latest_yearly": 0.56,
            "eps_growth_yearly": 182.05
        },
        "20173": {
            "year_quarter": 20173,
            "year": 2017,
            "quarter": 3,
            "eps": 0.56,
            "eps_growth_year": null,
            "eps_4q": 0.55,
            "eps_4q_growth_year": null,
            "roe": 2.97,
            "roe_4q": 2.99,
            "gross_profit": 71769,
            "gross_margin": 24.27,
            "gross_margin_4q_avg": 17.45,
            "net_income": 36904,
            "net_income_4q": null,
            "revenue": 295742,
            "revenue_4q": null,
            "common_shares": 658450,
            "book_valuer_per_share": 19.29,
            "book_valuer_per_share_4q_avg": 19.17,
            "equity": 1270349,
            "current_ratio": 305.98,
            "debt_ratio": 27.16,
            "inventory_turnover_ratio": 1.42,
            "account_receivable_turnover_ratio": 0.87,
            "reinvestment_rate": -32.73,
            "research_to_sale_ratio": 3.74,
            "price_fair": 67.34,
            "eps_avg_yearly": 1.92,
            "eps_latest_yearly": 2.24,
            "eps_growth_yearly": 252.01
        },
        "20174": {
            "year_quarter": 20174,
            "year": 2017,
            "quarter": 4,
            "eps": -0.21,
            "eps_growth_year": -172.52,
            "eps_4q": 0.06,
            "eps_4q_growth_year": null,
            "roe": -1.11,
            "roe_4q": 0.4099999999999997,
            "gross_profit": 29732,
            "gross_margin": 11.14,
            "gross_margin_4q_avg": 17.22,
            "net_income": -13996,
            "net_income_4q": null,
            "revenue": 266954,
            "revenue_4q": null,
            "common_shares": 669811,
            "book_valuer_per_share": 18.83,
            "book_valuer_per_share_4q_avg": 18.95,
            "equity": 1261560,
            "current_ratio": 300.33,
            "debt_ratio": 27.62,
            "inventory_turnover_ratio": 1.38,
            "account_receivable_turnover_ratio": 0.72,
            "reinvestment_rate": -41.69,
            "research_to_sale_ratio": 3.72,
            "price_fair": 64.09,
            "eps_avg_yearly": 1.83,
            "eps_latest_yearly": 2.24,
            "eps_growth_yearly": 281.87
        },
        "20181": {
            "year_quarter": 20181,
            "year": 2018,
            "quarter": 1,
            "eps": -0.11,
            "eps_growth_year": null,
            "eps_4q": 0.46,
            "eps_4q_growth_year": null,
            "roe": -0.58,
            "roe_4q": 2.5100000000000002,
            "gross_profit": 28330,
            "gross_margin": 10.83,
            "gross_margin_4q_avg": 15.49,
            "net_income": -7305,
            "net_income_4q": null,
            "revenue": 261506,
            "revenue_4q": null,
            "common_shares": 669811,
            "book_valuer_per_share": 18.71,
            "book_valuer_per_share_4q_avg": 18.82,
            "equity": 1252986,
            "current_ratio": 265.79,
            "debt_ratio": 31.44,
            "inventory_turnover_ratio": 1.36,
            "account_receivable_turnover_ratio": 0.7,
            "reinvestment_rate": -54.55,
            "research_to_sale_ratio": 4.26,
            "price_fair": 62.13,
            "eps_avg_yearly": 1.78,
            "eps_latest_yearly": 2.24,
            "eps_growth_yearly": 325.8
        },
        "20182": {
            "year_quarter": 20182,
            "year": 2018,
            "quarter": 2,
            "eps": 0.52,
            "eps_growth_year": 126.09,
            "eps_4q": 0.75,
            "eps_4q_growth_year": null,
            "roe": 2.82,
            "roe_4q": 4.1,
            "gross_profit": 21082,
            "gross_margin": 9.18,
            "gross_margin_4q_avg": 13.86,
            "net_income": 34883,
            "net_income_4q": null,
            "revenue": 229767,
            "revenue_4q": null,
            "common_shares": 669811,
            "book_valuer_per_share": 18.26,
            "book_valuer_per_share_4q_avg": 18.77,
            "equity": 1223297,
            "current_ratio": 247.9,
            "debt_ratio": 34.13,
            "inventory_turnover_ratio": 1.19,
            "account_receivable_turnover_ratio": 0.64,
            "reinvestment_rate": -73.83,
            "research_to_sale_ratio": 5.9,
            "price_fair": 51,
            "eps_avg_yearly": 1.46,
            "eps_latest_yearly": 2.24,
            "eps_growth_yearly": 329.23
        },
        "20183": {
            "year_quarter": 20183,
            "year": 2018,
            "quarter": 3,
            "eps": 0.5,
            "eps_growth_year": -10.71,
            "eps_4q": 0.7,
            "eps_4q_growth_year": 27.93,
            "roe": 2.71,
            "roe_4q": 3.839999999999999,
            "gross_profit": 62766,
            "gross_margin": 18.85,
            "gross_margin_4q_avg": 12.5,
            "net_income": 33609,
            "net_income_4q": null,
            "revenue": 333053,
            "revenue_4q": null,
            "common_shares": 669811,
            "book_valuer_per_share": 18.73,
            "book_valuer_per_share_4q_avg": 18.63,
            "equity": 1254303,
            "current_ratio": 232.85,
            "debt_ratio": 37.04,
            "inventory_turnover_ratio": 1.28,
            "account_receivable_turnover_ratio": 0.83,
            "reinvestment_rate": -75.34,
            "research_to_sale_ratio": 3.08,
            "price_fair": 54.4,
            "eps_avg_yearly": 1.55,
            "eps_latest_yearly": 2,
            "eps_growth_yearly": 365.32
        },
        "20184": {
            "year_quarter": 20184,
            "year": 2018,
            "quarter": 4,
            "eps": 0.31,
            "eps_growth_year": null,
            "eps_4q": 1.22,
            "eps_4q_growth_year": 2004.67,
            "roe": 1.64,
            "roe_4q": 6.59,
            "gross_profit": 25005,
            "gross_margin": 9.76,
            "gross_margin_4q_avg": 12.16,
            "net_income": 20769,
            "net_income_4q": null,
            "revenue": 256129,
            "revenue_4q": null,
            "common_shares": 669811,
            "book_valuer_per_share": 18.99,
            "book_valuer_per_share_4q_avg": 18.67,
            "equity": 1272047,
            "current_ratio": 234.84,
            "debt_ratio": 36.52,
            "inventory_turnover_ratio": 1.02,
            "account_receivable_turnover_ratio": 0.57,
            "reinvestment_rate": -96.95,
            "research_to_sale_ratio": 3.09,
            "price_fair": 46.2,
            "eps_avg_yearly": 1.32,
            "eps_latest_yearly": 1.24,
            "eps_growth_yearly": 276.07
        },
        "20191": {
            "year_quarter": 20191,
            "year": 2019,
            "quarter": 1,
            "eps": 0.02,
            "eps_growth_year": null,
            "eps_4q": 1.35,
            "eps_4q_growth_year": 192.94,
            "roe": 0.1,
            "roe_4q": 7.27,
            "gross_profit": 16778,
            "gross_margin": 10.9,
            "gross_margin_4q_avg": 12.17,
            "net_income": 1237,
            "net_income_4q": null,
            "revenue": 153951,
            "revenue_4q": null,
            "common_shares": 669811,
            "book_valuer_per_share": 19.04,
            "book_valuer_per_share_4q_avg": 18.76,
            "equity": 1275600,
            "current_ratio": 248.85,
            "debt_ratio": 34.95,
            "inventory_turnover_ratio": 0.68,
            "account_receivable_turnover_ratio": 0.44,
            "reinvestment_rate": -110.99,
            "research_to_sale_ratio": 5.31,
            "price_fair": 40,
            "eps_avg_yearly": 1.14,
            "eps_latest_yearly": 0.08,
            "eps_growth_yearly": 253.57
        },
        "20192": {
            "year_quarter": 20192,
            "year": 2019,
            "quarter": 2,
            "eps": 0.07,
            "eps_growth_year": -86.54,
            "eps_4q": 0.9,
            "eps_4q_growth_year": 19.65,
            "roe": 0.39,
            "roe_4q": 4.84,
            "gross_profit": 22983,
            "gross_margin": 13.7,
            "gross_margin_4q_avg": 13.3,
            "net_income": 4794,
            "net_income_4q": null,
            "revenue": 167758,
            "revenue_4q": null,
            "common_shares": 669811,
            "book_valuer_per_share": 18.04,
            "book_valuer_per_share_4q_avg": 18.7,
            "equity": 1208289,
            "current_ratio": 227.91,
            "debt_ratio": 38.07,
            "inventory_turnover_ratio": 0.75,
            "account_receivable_turnover_ratio": 0.64,
            "reinvestment_rate": -112.9,
            "research_to_sale_ratio": 5.99,
            "price_fair": 40.2,
            "eps_avg_yearly": 1.15,
            "eps_latest_yearly": 0.28,
            "eps_growth_yearly": 443.18
        },
        "20193": {
            "year_quarter": 20193,
            "year": 2019,
            "quarter": 3,
            "eps": -0.39,
            "eps_growth_year": -178,
            "eps_4q": 0.01,
            "eps_4q_growth_year": -98.01,
            "roe": -2.16,
            "roe_4q": -0.030000000000000027,
            "gross_profit": -12032,
            "gross_margin": -5.69,
            "gross_margin_4q_avg": 7.17,
            "net_income": -25855,
            "net_income_4q": null,
            "revenue": 211516,
            "revenue_4q": null,
            "common_shares": 669811,
            "book_valuer_per_share": 17.63,
            "book_valuer_per_share_4q_avg": 18.43,
            "equity": 1190002,
            "current_ratio": 222.64,
            "debt_ratio": 38.45,
            "inventory_turnover_ratio": 1.39,
            "account_receivable_turnover_ratio": 0.71,
            "reinvestment_rate": -166.24,
            "research_to_sale_ratio": 4.44,
            "price_fair": 37.33,
            "eps_avg_yearly": 1.07,
            "eps_latest_yearly": 0.28,
            "eps_growth_yearly": 128.15
        },
        "20194": {
            "year_quarter": 20194,
            "year": 2019,
            "quarter": 4,
            "eps": -0.34,
            "eps_growth_year": -208.41,
            "eps_4q": -0.63,
            "eps_4q_growth_year": -151.47,
            "roe": -1.92,
            "roe_4q": -3.59,
            "gross_profit": 26071,
            "gross_margin": 14.14,
            "gross_margin_4q_avg": 8.26,
            "net_income": -22691,
            "net_income_4q": null,
            "revenue": 184378,
            "revenue_4q": null,
            "common_shares": 675051,
            "book_valuer_per_share": 17.3,
            "book_valuer_per_share_4q_avg": 18,
            "equity": 1167521,
            "current_ratio": 214.32,
            "debt_ratio": 39.74,
            "inventory_turnover_ratio": 1.05,
            "account_receivable_turnover_ratio": 0.57,
            "reinvestment_rate": -299.52,
            "research_to_sale_ratio": 4.87,
            "price_fair": 40.88,
            "eps_avg_yearly": 1.17,
            "eps_latest_yearly": 0.28,
            "eps_growth_yearly": 206.47
        },
        "20201": {
            "year_quarter": 20201,
            "year": 2020,
            "quarter": 1,
            "eps": -0.31,
            "eps_growth_year": -1650,
            "eps_4q": -0.96,
            "eps_4q_growth_year": -171.07,
            "roe": -1.83,
            "roe_4q": -5.5200000000000005,
            "gross_profit": -7208,
            "gross_margin": -5.31,
            "gross_margin_4q_avg": 4.21,
            "net_income": -21066,
            "net_income_4q": null,
            "revenue": 135853,
            "revenue_4q": null,
            "common_shares": 675051,
            "book_valuer_per_share": 16.89,
            "book_valuer_per_share_4q_avg": 17.47,
            "equity": 1140102,
            "current_ratio": 226.43,
            "debt_ratio": 37.24,
            "inventory_turnover_ratio": 0.89,
            "account_receivable_turnover_ratio": 0.47,
            "reinvestment_rate": -448.28,
            "research_to_sale_ratio": 7.59,
            "price_fair": 40.88,
            "eps_avg_yearly": 1.17,
            "eps_latest_yearly": 0.28,
            "eps_growth_yearly": 206.47
        },
        "20202": {
            "year_quarter": 20202,
            "year": 2020,
            "quarter": 2,
            "eps": -0.41,
            "eps_growth_year": -685.71,
            "eps_4q": -1.44,
            "eps_4q_growth_year": -260.11,
            "roe": -2.51,
            "roe_4q": -8.42,
            "gross_profit": 19615,
            "gross_margin": 11.51,
            "gross_margin_4q_avg": 3.66,
            "net_income": -27866,
            "net_income_4q": null,
            "revenue": 170372,
            "revenue_4q": null,
            "common_shares": 675051,
            "book_valuer_per_share": 16.01,
            "book_valuer_per_share_4q_avg": 16.96,
            "equity": 1080905,
            "current_ratio": 197.91,
            "debt_ratio": 42.82,
            "inventory_turnover_ratio": 1.01,
            "account_receivable_turnover_ratio": 0.67,
            "reinvestment_rate": null,
            "research_to_sale_ratio": 5.26,
            "price_fair": 40.88,
            "eps_avg_yearly": 1.17,
            "eps_latest_yearly": 0.28,
            "eps_growth_yearly": 206.47
        },
        "20203": {
            "year_quarter": 20203,
            "year": 2020,
            "quarter": 3,
            "eps": -0.56,
            "eps_growth_year": null,
            "eps_4q": -1.62,
            "eps_4q_growth_year": -11692.23,
            "roe": -3.57,
            "roe_4q": -9.83,
            "gross_profit": -372,
            "gross_margin": -0.23,
            "gross_margin_4q_avg": 5.03,
            "net_income": -37924,
            "net_income_4q": null,
            "revenue": 158994,
            "revenue_4q": null,
            "common_shares": 675051,
            "book_valuer_per_share": 15.44,
            "book_valuer_per_share_4q_avg": 16.41,
            "equity": 1042077,
            "current_ratio": 193.74,
            "debt_ratio": 43.64,
            "inventory_turnover_ratio": 1.09,
            "account_receivable_turnover_ratio": 0.61,
            "reinvestment_rate": null,
            "research_to_sale_ratio": 5.84,
            "price_fair": 40.88,
            "eps_avg_yearly": 1.17,
            "eps_latest_yearly": 0.28,
            "eps_growth_yearly": 206.47
        },
        "20204": {
            "year_quarter": 20204,
            "year": 2020,
            "quarter": 4,
            "eps": -0.55,
            "eps_growth_year": null,
            "eps_4q": -1.83,
            "eps_4q_growth_year": null,
            "roe": -3.6,
            "roe_4q": -11.51,
            "gross_profit": -10569,
            "gross_margin": -5.51,
            "gross_margin_4q_avg": 0.12,
            "net_income": -36840,
            "net_income_4q": null,
            "revenue": 191795,
            "revenue_4q": null,
            "common_shares": 675051,
            "book_valuer_per_share": 14.92,
            "book_valuer_per_share_4q_avg": 15.82,
            "equity": 1006894,
            "current_ratio": 184.14,
            "debt_ratio": 45.61,
            "inventory_turnover_ratio": 1.49,
            "account_receivable_turnover_ratio": 0.7,
            "reinvestment_rate": null,
            "research_to_sale_ratio": 5.26,
            "price_fair": 40.88,
            "eps_avg_yearly": 1.17,
            "eps_latest_yearly": 0.28,
            "eps_growth_yearly": 206.47
        },
        "20211": {
            "year_quarter": 20211,
            "year": 2021,
            "quarter": 1,
            "eps": 0.01,
            "eps_growth_year": null,
            "eps_4q": -1.51,
            "eps_4q_growth_year": null,
            "roe": 0.06,
            "roe_4q": -9.62,
            "gross_profit": 27403,
            "gross_margin": 15.37,
            "gross_margin_4q_avg": 5.29,
            "net_income": 565,
            "net_income_4q": null,
            "revenue": 178232,
            "revenue_4q": null,
            "common_shares": 675051,
            "book_valuer_per_share": 15.15,
            "book_valuer_per_share_4q_avg": 15.38,
            "equity": 1022516,
            "current_ratio": 189.26,
            "debt_ratio": 44.32,
            "inventory_turnover_ratio": 1.17,
            "account_receivable_turnover_ratio": 0.62,
            "reinvestment_rate": null,
            "research_to_sale_ratio": 4.96,
            "price_fair": 40.88,
            "eps_avg_yearly": 1.17,
            "eps_latest_yearly": 0.28,
            "eps_growth_yearly": 206.47
        },
        "20212": {
            "year_quarter": 20212,
            "year": 2021,
            "quarter": 2,
            "eps": 0.13,
            "eps_growth_year": null,
            "eps_4q": -0.97,
            "eps_4q_growth_year": null,
            "roe": 0.84,
            "roe_4q": -6.27,
            "gross_profit": 54360,
            "gross_margin": 23.88,
            "gross_margin_4q_avg": 8.38,
            "net_income": 8638,
            "net_income_4q": null,
            "revenue": 227626,
            "revenue_4q": null,
            "common_shares": 675051,
            "book_valuer_per_share": 15.45,
            "book_valuer_per_share_4q_avg": 15.24,
            "equity": 1043020,
            "current_ratio": 188.52,
            "debt_ratio": 44.87,
            "inventory_turnover_ratio": 1.19,
            "account_receivable_turnover_ratio": 0.72,
            "reinvestment_rate": null,
            "research_to_sale_ratio": 4.15,
            "price_fair": 37.1,
            "eps_avg_yearly": 1.06,
            "eps_latest_yearly": 0.52,
            "eps_growth_yearly": 972.06
        },
        "20213": {
            "year_quarter": 20213,
            "year": 2021,
            "quarter": 3,
            "eps": 0.31,
            "eps_growth_year": null,
            "eps_4q": -0.1,
            "eps_4q_growth_year": null,
            "roe": 2.01,
            "roe_4q": -0.6900000000000004,
            "gross_profit": 56539,
            "gross_margin": 21.5,
            "gross_margin_4q_avg": 13.81,
            "net_income": 21137,
            "net_income_4q": null,
            "revenue": 262976,
            "revenue_4q": null,
            "common_shares": 675051,
            "book_valuer_per_share": 15.68,
            "book_valuer_per_share_4q_avg": 15.3,
            "equity": 1058163,
            "current_ratio": 188.09,
            "debt_ratio": 45.21,
            "inventory_turnover_ratio": 1.23,
            "account_receivable_turnover_ratio": 0.69,
            "reinvestment_rate": null,
            "research_to_sale_ratio": 4.75,
            "price_fair": 31.27,
            "eps_avg_yearly": 0.89,
            "eps_latest_yearly": 1.24,
            "eps_growth_yearly": 968.71
        },
        "20214": {
            "year_quarter": 20214,
            "year": 2021,
            "quarter": 4,
            "eps": 0.03,
            "eps_growth_year": null,
            "eps_4q": 0.48,
            "eps_4q_growth_year": null,
            "roe": 0.21,
            "roe_4q": 3.1199999999999997,
            "gross_profit": 29253,
            "gross_margin": 12.71,
            "gross_margin_4q_avg": 18.37,
            "net_income": 2280,
            "net_income_4q": null,
            "revenue": 230086,
            "revenue_4q": null,
            "common_shares": 675051,
            "book_valuer_per_share": 16.05,
            "book_valuer_per_share_4q_avg": 15.58,
            "equity": 1083140,
            "current_ratio": 190.54,
            "debt_ratio": 44.81,
            "inventory_turnover_ratio": 1.1,
            "account_receivable_turnover_ratio": 0.55,
            "reinvestment_rate": null,
            "research_to_sale_ratio": 5.31,
            "price_fair": 27.4,
            "eps_avg_yearly": 0.78,
            "eps_latest_yearly": 0.12,
            "eps_growth_yearly": 778.71
        },
        "20221": {
            "year_quarter": 20221,
            "year": 2022,
            "quarter": 1,
            "eps": 0.36,
            "eps_growth_year": 3500,
            "eps_4q": 0.84,
            "eps_4q_growth_year": null,
            "roe": 2.26,
            "roe_4q": 5.319999999999999,
            "gross_profit": 22129,
            "gross_margin": 9.91,
            "gross_margin_4q_avg": 17,
            "net_income": 24592,
            "net_income_4q": null,
            "revenue": 223213,
            "revenue_4q": null,
            "common_shares": 675051,
            "book_valuer_per_share": 16.15,
            "book_valuer_per_share_4q_avg": 15.83,
            "equity": 1090456,
            "current_ratio": 191.61,
            "debt_ratio": 44.76,
            "inventory_turnover_ratio": 1.05,
            "account_receivable_turnover_ratio": 0.56,
            "reinvestment_rate": null,
            "research_to_sale_ratio": 5.52,
            "price_fair": 30.28,
            "eps_avg_yearly": 0.87,
            "eps_latest_yearly": 1.44,
            "eps_growth_yearly": 1231.37
        },
        "20222": {
            "year_quarter": 20222,
            "year": 2022,
            "quarter": 2,
            "eps": 0.47,
            "eps_growth_year": 261.54,
            "eps_4q": 1.18,
            "eps_4q_growth_year": null,
            "roe": 2.94,
            "roe_4q": 7.419999999999999,
            "gross_profit": 50868,
            "gross_margin": 16.25,
            "gross_margin_4q_avg": 15.09,
            "net_income": 31937,
            "net_income_4q": null,
            "revenue": 312969,
            "revenue_4q": null,
            "common_shares": 675051,
            "book_valuer_per_share": 16.08,
            "book_valuer_per_share_4q_avg": 15.99,
            "equity": 1085623,
            "current_ratio": 187.16,
            "debt_ratio": 46.31,
            "inventory_turnover_ratio": 1.34,
            "account_receivable_turnover_ratio": 0.71,
            "reinvestment_rate": null,
            "research_to_sale_ratio": 3.38,
            "price_fair": 34.22,
            "eps_avg_yearly": 0.98,
            "eps_latest_yearly": 1.88,
            "eps_growth_yearly": 1108.13
        },
        "20223": {
            "year_quarter": 20223,
            "year": 2022,
            "quarter": 3,
            "eps": 0.83,
            "eps_growth_year": 167.74,
            "eps_4q": 1.68,
            "eps_4q_growth_year": null,
            "roe": 5.03,
            "roe_4q": 10.440000000000001,
            "gross_profit": 37986,
            "gross_margin": 13.64,
            "gross_margin_4q_avg": 13.13,
            "net_income": 56513,
            "net_income_4q": null,
            "revenue": 278481,
            "revenue_4q": null,
            "common_shares": 675051,
            "book_valuer_per_share": 17.19,
            "book_valuer_per_share_4q_avg": 16.37,
            "equity": 1160196,
            "current_ratio": 206.39,
            "debt_ratio": 42.55,
            "inventory_turnover_ratio": 1.36,
            "account_receivable_turnover_ratio": 0.54,
            "reinvestment_rate": -10925.45,
            "research_to_sale_ratio": 3.96,
            "price_fair": 39.36,
            "eps_avg_yearly": 1.12,
            "eps_latest_yearly": 3.32,
            "eps_growth_yearly": 1143.89
        },
        "20224": {
            "year_quarter": 20224,
            "year": 2022,
            "quarter": 4,
            "eps": -0.53,
            "eps_growth_year": -1665.75,
            "eps_4q": 1.12,
            "eps_4q_growth_year": 131.3,
            "roe": -3.18,
            "roe_4q": 7.05,
            "gross_profit": 17997,
            "gross_margin": 10.08,
            "gross_margin_4q_avg": 12.47,
            "net_income": -36307,
            "net_income_4q": null,
            "revenue": 178583,
            "revenue_4q": null,
            "common_shares": 686551,
            "book_valuer_per_share": 16.39,
            "book_valuer_per_share_4q_avg": 16.45,
            "equity": 1125182,
            "current_ratio": 210.89,
            "debt_ratio": 41.04,
            "inventory_turnover_ratio": 1.12,
            "account_receivable_turnover_ratio": 0.38,
            "reinvestment_rate": null,
            "research_to_sale_ratio": 5.98,
            "price_fair": 38.85,
            "eps_avg_yearly": 1.11,
            "eps_latest_yearly": 3.32,
            "eps_growth_yearly": 1305.87
        },
        "20231": {
            "year_quarter": 20231,
            "year": 2023,
            "quarter": 1,
            "eps": 0.05,
            "eps_growth_year": -86.11,
            "eps_4q": 0.81,
            "eps_4q_growth_year": -3.71,
            "roe": 0.29,
            "roe_4q": 5.08,
            "gross_profit": 26039,
            "gross_margin": 13.83,
            "gross_margin_4q_avg": 13.45,
            "net_income": 3329,
            "net_income_4q": null,
            "revenue": 188223,
            "revenue_4q": null,
            "common_shares": 686551,
            "book_valuer_per_share": 16.6,
            "book_valuer_per_share_4q_avg": 16.57,
            "equity": 1139953,
            "current_ratio": 215.34,
            "debt_ratio": 40.3,
            "inventory_turnover_ratio": 1.31,
            "account_receivable_turnover_ratio": 0.53,
            "reinvestment_rate": null,
            "research_to_sale_ratio": 4.92,
            "price_fair": 44,
            "eps_avg_yearly": 1.26,
            "eps_latest_yearly": 3.32,
            "eps_growth_yearly": 1545.88
        },
        "20232": {
            "year_quarter": 20232,
            "year": 2023,
            "quarter": 2,
            "eps": 0.39,
            "eps_growth_year": -17.02,
            "eps_4q": 0.73,
            "eps_4q_growth_year": -38.49,
            "roe": 2.35,
            "roe_4q": 4.49,
            "gross_profit": 28668,
            "gross_margin": 16.38,
            "gross_margin_4q_avg": 13.48,
            "net_income": 26477,
            "net_income_4q": null,
            "revenue": 175036,
            "revenue_4q": null,
            "common_shares": 686551,
            "book_valuer_per_share": 16.21,
            "book_valuer_per_share_4q_avg": 16.6,
            "equity": 1113150,
            "current_ratio": 213.48,
            "debt_ratio": 41.1,
            "inventory_turnover_ratio": 1.36,
            "account_receivable_turnover_ratio": 0.55,
            "reinvestment_rate": null,
            "research_to_sale_ratio": 5.5,
            "price_fair": 50.4,
            "eps_avg_yearly": 1.44,
            "eps_latest_yearly": 1.56,
            "eps_growth_yearly": 1791.59
        }
    },
    "months": {
        "2004-11": {
            "month": "2004-11",
            "price": "28.93",
            "revenue": 42515
        },
        "2004-12": {
            "month": "2004-12",
            "price": "31.25",
            "revenue": 52455
        },
        "2005-01": {
            "month": "2005-01",
            "price": "31.91",
            "revenue": 40833
        },
        "2005-02": {
            "month": "2005-02",
            "price": "30.75",
            "revenue": 30074
        },
        "2005-03": {
            "month": "2005-03",
            "price": "32.12",
            "revenue": 39815
        },
        "2005-04": {
            "month": "2005-04",
            "price": "32.91",
            "revenue": 46642
        },
        "2005-06": {
            "month": "2005-06",
            "price": "31.05",
            "revenue": 44553
        },
        "2005-07": {
            "month": "2005-07",
            "price": "34.29",
            "revenue": 42038
        },
        "2005-08": {
            "month": "2005-08",
            "price": "32.25",
            "revenue": 47198
        },
        "2005-09": {
            "month": "2005-09",
            "price": "31.23",
            "revenue": 57526
        },
        "2005-10": {
            "month": "2005-10",
            "price": "33.60",
            "revenue": 51584
        },
        "2005-11": {
            "month": "2005-11",
            "price": "33.09",
            "revenue": 61505
        },
        "2005-12": {
            "month": "2005-12",
            "price": "42.68",
            "revenue": 44902
        },
        "2006-01": {
            "month": "2006-01",
            "price": "45.75",
            "revenue": 40206
        },
        "2006-02": {
            "month": "2006-02",
            "price": "39.81",
            "revenue": 20757
        },
        "2006-03": {
            "month": "2006-03",
            "price": "35.78",
            "revenue": 37273
        },
        "2006-04": {
            "month": "2006-04",
            "price": "35.51",
            "revenue": 24766
        },
        "2006-05": {
            "month": "2006-05",
            "price": "34.59",
            "revenue": 32435
        },
        "2006-06": {
            "month": "2006-06",
            "price": "27.85",
            "revenue": 39415
        },
        "2006-07": {
            "month": "2006-07",
            "price": "25.07",
            "revenue": 42963
        },
        "2006-08": {
            "month": "2006-08",
            "price": "23.32",
            "revenue": 42521
        },
        "2006-09": {
            "month": "2006-09",
            "price": "24.90",
            "revenue": 37236
        },
        "2006-10": {
            "month": "2006-10",
            "price": "23.31",
            "revenue": 52029
        },
        "2006-11": {
            "month": "2006-11",
            "price": "23.27",
            "revenue": 40327
        },
        "2006-12": {
            "month": "2006-12",
            "price": "23.64",
            "revenue": 36741
        },
        "2007-01": {
            "month": "2007-01",
            "price": "23.87",
            "revenue": 32931
        },
        "2007-02": {
            "month": "2007-02",
            "price": "22.27",
            "revenue": 13874
        },
        "2007-03": {
            "month": "2007-03",
            "price": "21.62",
            "revenue": 25033
        },
        "2007-04": {
            "month": "2007-04",
            "price": "22.90",
            "revenue": 24844
        },
        "2007-05": {
            "month": "2007-05",
            "price": "23.36",
            "revenue": 26317
        },
        "2007-06": {
            "month": "2007-06",
            "price": "24.80",
            "revenue": 32167
        },
        "2007-07": {
            "month": "2007-07",
            "price": "27.32",
            "revenue": 28404
        },
        "2007-08": {
            "month": "2007-08",
            "price": "26.99",
            "revenue": 50601
        },
        "2007-09": {
            "month": "2007-09",
            "price": "26.29",
            "revenue": 55715
        },
        "2007-10": {
            "month": "2007-10",
            "price": "26.31",
            "revenue": 66249
        },
        "2007-11": {
            "month": "2007-11",
            "price": "25.48",
            "revenue": 60010
        },
        "2007-12": {
            "month": "2007-12",
            "price": "25.25",
            "revenue": 43844
        },
        "2008-01": {
            "month": "2008-01",
            "price": "26.33",
            "revenue": 39487
        },
        "2008-02": {
            "month": "2008-02",
            "price": "25.11",
            "revenue": 27248
        },
        "2008-03": {
            "month": "2008-03",
            "price": "24.37",
            "revenue": 42594
        },
        "2008-04": {
            "month": "2008-04",
            "price": "24.35",
            "revenue": 41201
        },
        "2008-05": {
            "month": "2008-05",
            "price": "24.96",
            "revenue": 37377
        },
        "2008-06": {
            "month": "2008-06",
            "price": "23.40",
            "revenue": 34676
        },
        "2008-07": {
            "month": "2008-07",
            "price": "18.73",
            "revenue": 49412
        },
        "2008-08": {
            "month": "2008-08",
            "price": "16.27",
            "revenue": 56516
        },
        "2008-09": {
            "month": "2008-09",
            "price": "15.58",
            "revenue": 75184
        },
        "2008-10": {
            "month": "2008-10",
            "price": "13.33",
            "revenue": 57985
        },
        "2008-11": {
            "month": "2008-11",
            "price": "11.02",
            "revenue": 43540
        },
        "2008-12": {
            "month": "2008-12",
            "price": "8.68",
            "revenue": 34257
        },
        "2009-01": {
            "month": "2009-01",
            "price": "8.36",
            "revenue": 23068
        },
        "2009-02": {
            "month": "2009-02",
            "price": "9.07",
            "revenue": 34055
        },
        "2009-03": {
            "month": "2009-03",
            "price": "12.23",
            "revenue": 51345
        },
        "2009-04": {
            "month": "2009-04",
            "price": "14.25",
            "revenue": 55361
        },
        "2009-05": {
            "month": "2009-05",
            "price": "18.12",
            "revenue": 56734
        },
        "2009-06": {
            "month": "2009-06",
            "price": "18.73",
            "revenue": 81943
        },
        "2009-07": {
            "month": "2009-07",
            "price": "23.34",
            "revenue": 98888
        },
        "2009-08": {
            "month": "2009-08",
            "price": "25.66",
            "revenue": 95362
        },
        "2009-09": {
            "month": "2009-09",
            "price": "34.35",
            "revenue": 83545
        },
        "2009-10": {
            "month": "2009-10",
            "price": "34.55",
            "revenue": 62459
        },
        "2009-11": {
            "month": "2009-11",
            "price": "30.66",
            "revenue": 55698
        },
        "2009-12": {
            "month": "2009-12",
            "price": "32.18",
            "revenue": 53724
        },
        "2010-01": {
            "month": "2010-01",
            "price": "31.70",
            "revenue": 77969
        },
        "2010-02": {
            "month": "2010-02",
            "price": "29.70",
            "revenue": 65060
        },
        "2010-03": {
            "month": "2010-03",
            "price": "32.04",
            "revenue": 109418
        },
        "2010-04": {
            "month": "2010-04",
            "price": "36.58",
            "revenue": 92046
        },
        "2010-05": {
            "month": "2010-05",
            "price": "33.07",
            "revenue": 107826
        },
        "2010-06": {
            "month": "2010-06",
            "price": "32.49",
            "revenue": 108475
        },
        "2010-07": {
            "month": "2010-07",
            "price": "31.25",
            "revenue": 115745
        },
        "2010-08": {
            "month": "2010-08",
            "price": "33.93",
            "revenue": 121922
        },
        "2010-09": {
            "month": "2010-09",
            "price": "37.99",
            "revenue": 106760
        },
        "2010-10": {
            "month": "2010-10",
            "price": "35.47",
            "revenue": 103021
        },
        "2010-11": {
            "month": "2010-11",
            "price": "34.81",
            "revenue": 83874
        },
        "2010-12": {
            "month": "2010-12",
            "price": "35.76",
            "revenue": 73280
        },
        "2011-01": {
            "month": "2011-01",
            "price": "35.50",
            "revenue": 96433
        },
        "2011-02": {
            "month": "2011-02",
            "price": "36.58",
            "revenue": 73643
        },
        "2011-03": {
            "month": "2011-03",
            "price": "36.83",
            "revenue": 98875
        },
        "2011-04": {
            "month": "2011-04",
            "price": "40.85",
            "revenue": 83684
        },
        "2011-05": {
            "month": "2011-05",
            "price": "44.01",
            "revenue": 104571
        },
        "2011-06": {
            "month": "2011-06",
            "price": "46.66",
            "revenue": 98042
        },
        "2011-07": {
            "month": "2011-07",
            "price": "44.90",
            "revenue": 113363
        },
        "2011-08": {
            "month": "2011-08",
            "price": "42.38",
            "revenue": 118986
        },
        "2011-09": {
            "month": "2011-09",
            "price": "39.52",
            "revenue": 127152
        },
        "2011-10": {
            "month": "2011-10",
            "price": "34.60",
            "revenue": 107451
        },
        "2011-11": {
            "month": "2011-11",
            "price": "34.34",
            "revenue": 87134
        },
        "2011-12": {
            "month": "2011-12",
            "price": "27.54",
            "revenue": 116805
        },
        "2012-01": {
            "month": "2012-01",
            "price": "31.74",
            "revenue": 70723
        },
        "2012-02": {
            "month": "2012-02",
            "price": "36.31",
            "revenue": 73342
        },
        "2012-03": {
            "month": "2012-03",
            "price": "37.84",
            "revenue": 77816
        },
        "2012-04": {
            "month": "2012-04",
            "price": "33.91",
            "revenue": 89216
        },
        "2012-05": {
            "month": "2012-05",
            "price": "34.43",
            "revenue": 110094
        },
        "2012-06": {
            "month": "2012-06",
            "price": "35.78",
            "revenue": 114125
        },
        "2012-07": {
            "month": "2012-07",
            "price": "37.37",
            "revenue": 135300
        },
        "2012-08": {
            "month": "2012-08",
            "price": "41.66",
            "revenue": 130213
        },
        "2012-09": {
            "month": "2012-09",
            "price": "44.13",
            "revenue": 113267
        },
        "2012-10": {
            "month": "2012-10",
            "price": "40.28",
            "revenue": 100281
        },
        "2012-11": {
            "month": "2012-11",
            "price": "38.80",
            "revenue": 119432
        },
        "2012-12": {
            "month": "2012-12",
            "price": "39.90",
            "revenue": 108226
        },
        "2013-01": {
            "month": "2013-01",
            "price": "40.18",
            "revenue": 138864
        },
        "2013-02": {
            "month": "2013-02",
            "price": "42.92",
            "revenue": 88394
        },
        "2013-03": {
            "month": "2013-03",
            "price": "44.30",
            "revenue": 100030
        },
        "2013-04": {
            "month": "2013-04",
            "price": "44.58",
            "revenue": 100118
        },
        "2013-05": {
            "month": "2013-05",
            "price": "49.92",
            "revenue": 94239
        },
        "2013-06": {
            "month": "2013-06",
            "price": "48.44",
            "revenue": 74637
        },
        "2013-07": {
            "month": "2013-07",
            "price": "43.47",
            "revenue": 101660
        },
        "2013-08": {
            "month": "2013-08",
            "price": "40.38",
            "revenue": 95047
        },
        "2013-09": {
            "month": "2013-09",
            "price": "40.62",
            "revenue": 80972
        },
        "2013-10": {
            "month": "2013-10",
            "price": "37.64",
            "revenue": 81910
        },
        "2013-11": {
            "month": "2013-11",
            "price": "36.66",
            "revenue": 81194
        },
        "2013-12": {
            "month": "2013-12",
            "price": "36.22",
            "revenue": 83111
        },
        "2014-01": {
            "month": "2014-01",
            "price": "37.72",
            "revenue": 64074
        },
        "2014-02": {
            "month": "2014-02",
            "price": "36.08",
            "revenue": 72328
        },
        "2014-03": {
            "month": "2014-03",
            "price": "36.98",
            "revenue": 89480
        },
        "2014-04": {
            "month": "2014-04",
            "price": "37.61",
            "revenue": 98719
        },
        "2014-05": {
            "month": "2014-05",
            "price": "38.11",
            "revenue": 125955
        },
        "2014-06": {
            "month": "2014-06",
            "price": "42.14",
            "revenue": 144046
        },
        "2014-07": {
            "month": "2014-07",
            "price": "45.10",
            "revenue": 155420
        },
        "2014-08": {
            "month": "2014-08",
            "price": "44.91",
            "revenue": 167983
        },
        "2014-09": {
            "month": "2014-09",
            "price": "42.81",
            "revenue": 115617
        },
        "2014-10": {
            "month": "2014-10",
            "price": "33.06",
            "revenue": 94570
        },
        "2014-11": {
            "month": "2014-11",
            "price": "29.26",
            "revenue": 75364
        },
        "2014-12": {
            "month": "2014-12",
            "price": "29.81",
            "revenue": 79486
        },
        "2015-01": {
            "month": "2015-01",
            "price": "30.56",
            "revenue": 89603
        },
        "2015-02": {
            "month": "2015-02",
            "price": "31.35",
            "revenue": 44257
        },
        "2015-03": {
            "month": "2015-03",
            "price": "31.35",
            "revenue": 83247
        },
        "2015-04": {
            "month": "2015-04",
            "price": "31.14",
            "revenue": 66336
        },
        "2015-05": {
            "month": "2015-05",
            "price": "29.56",
            "revenue": 65622
        },
        "2015-06": {
            "month": "2015-06",
            "price": "26.93",
            "revenue": 73537
        },
        "2015-07": {
            "month": "2015-07",
            "price": "21.16",
            "revenue": 69888
        },
        "2015-08": {
            "month": "2015-08",
            "price": "17.07",
            "revenue": 60978
        },
        "2015-09": {
            "month": "2015-09",
            "price": "16.90",
            "revenue": 56779
        },
        "2015-10": {
            "month": "2015-10",
            "price": "16.73",
            "revenue": 61098
        },
        "2015-11": {
            "month": "2015-11",
            "price": "15.79",
            "revenue": 52140
        },
        "2015-12": {
            "month": "2015-12",
            "price": "14.85",
            "revenue": 56543
        },
        "2016-01": {
            "month": "2016-01",
            "price": "13.03",
            "revenue": 63135
        },
        "2016-02": {
            "month": "2016-02",
            "price": "14.12",
            "revenue": 29740
        },
        "2016-03": {
            "month": "2016-03",
            "price": "15.32",
            "revenue": 46773
        },
        "2016-04": {
            "month": "2016-04",
            "price": "14.72",
            "revenue": 45811
        },
        "2016-05": {
            "month": "2016-05",
            "price": "13.38",
            "revenue": 54403
        },
        "2016-06": {
            "month": "2016-06",
            "price": "14.76",
            "revenue": 48454
        },
        "2016-07": {
            "month": "2016-07",
            "price": "14.92",
            "revenue": 50140
        },
        "2016-08": {
            "month": "2016-08",
            "price": "14.41",
            "revenue": 65663
        },
        "2016-09": {
            "month": "2016-09",
            "price": "15.03",
            "revenue": 64795
        },
        "2016-10": {
            "month": "2016-10",
            "price": "15.46",
            "revenue": 51608
        },
        "2016-11": {
            "month": "2016-11",
            "price": "13.67",
            "revenue": 63301
        },
        "2016-12": {
            "month": "2016-12",
            "price": "14.95",
            "revenue": 53660
        },
        "2017-01": {
            "month": "2017-01",
            "price": "15.19",
            "revenue": 72341
        },
        "2017-02": {
            "month": "2017-02",
            "price": "17.41",
            "revenue": 66542
        },
        "2017-03": {
            "month": "2017-03",
            "price": "18.61",
            "revenue": 93046
        },
        "2017-04": {
            "month": "2017-04",
            "price": "22.53",
            "revenue": 72485
        },
        "2017-05": {
            "month": "2017-05",
            "price": "22.88",
            "revenue": 64094
        },
        "2017-06": {
            "month": "2017-06",
            "price": "21.37",
            "revenue": 74002
        },
        "2017-07": {
            "month": "2017-07",
            "price": "22.72",
            "revenue": 104797
        },
        "2017-08": {
            "month": "2017-08",
            "price": "24.35",
            "revenue": 94934
        },
        "2017-09": {
            "month": "2017-09",
            "price": "22.83",
            "revenue": 96011
        },
        "2017-10": {
            "month": "2017-10",
            "price": "22.66",
            "revenue": 87530
        },
        "2017-11": {
            "month": "2017-11",
            "price": "24.85",
            "revenue": 94659
        },
        "2017-12": {
            "month": "2017-12",
            "price": "23.65",
            "revenue": 84765
        },
        "2018-01": {
            "month": "2018-01",
            "price": "24.02",
            "revenue": 97282
        },
        "2018-02": {
            "month": "2018-02",
            "price": "21.41",
            "revenue": 59075
        },
        "2018-03": {
            "month": "2018-03",
            "price": "21.19",
            "revenue": 105136
        },
        "2018-04": {
            "month": "2018-04",
            "price": "23.24",
            "revenue": 72000
        },
        "2018-05": {
            "month": "2018-05",
            "price": "22.50",
            "revenue": 71065
        },
        "2018-06": {
            "month": "2018-06",
            "price": "22.68",
            "revenue": 86715
        },
        "2018-07": {
            "month": "2018-07",
            "price": "22.97",
            "revenue": 95164
        },
        "2018-08": {
            "month": "2018-08",
            "price": "23.26",
            "revenue": 130132
        },
        "2018-09": {
            "month": "2018-09",
            "price": "23.77",
            "revenue": 107757
        },
        "2018-10": {
            "month": "2018-10",
            "price": "21.50",
            "revenue": 110166
        },
        "2018-11": {
            "month": "2018-11",
            "price": "20.73",
            "revenue": 73858
        },
        "2018-12": {
            "month": "2018-12",
            "price": "22.58",
            "revenue": 72105
        },
        "2019-01": {
            "month": "2019-01",
            "price": "20.85",
            "revenue": 51058
        },
        "2019-02": {
            "month": "2019-02",
            "price": "21.96",
            "revenue": 42464
        },
        "2019-03": {
            "month": "2019-03",
            "price": "23.82",
            "revenue": 60429
        },
        "2019-04": {
            "month": "2019-04",
            "price": "25.63",
            "revenue": 63635
        },
        "2019-05": {
            "month": "2019-05",
            "price": "22.84",
            "revenue": 50466
        },
        "2019-06": {
            "month": "2019-06",
            "price": "22.31",
            "revenue": 53657
        },
        "2019-07": {
            "month": "2019-07",
            "price": "23.46",
            "revenue": 75666
        },
        "2019-08": {
            "month": "2019-08",
            "price": "22.84",
            "revenue": 76672
        },
        "2019-09": {
            "month": "2019-09",
            "price": "21.97",
            "revenue": 59178
        },
        "2019-10": {
            "month": "2019-10",
            "price": "21.09",
            "revenue": 62291
        },
        "2019-11": {
            "month": "2019-11",
            "price": "22.51",
            "revenue": 65637
        },
        "2019-12": {
            "month": "2019-12",
            "price": "23.44",
            "revenue": 69410
        },
        "2020-01": {
            "month": "2020-01",
            "price": "22.49",
            "revenue": 39009
        },
        "2020-02": {
            "month": "2020-02",
            "price": "21.00",
            "revenue": 40166
        },
        "2020-03": {
            "month": "2020-03",
            "price": "15.85",
            "revenue": 43718
        },
        "2020-04": {
            "month": "2020-04",
            "price": "14.27",
            "revenue": 50757
        },
        "2020-05": {
            "month": "2020-05",
            "price": "14.32",
            "revenue": 58711
        },
        "2020-06": {
            "month": "2020-06",
            "price": "15.44",
            "revenue": 60904
        },
        "2020-07": {
            "month": "2020-07",
            "price": "15.89",
            "revenue": 62376
        },
        "2020-08": {
            "month": "2020-08",
            "price": "14.86",
            "revenue": 51213
        },
        "2020-09": {
            "month": "2020-09",
            "price": "13.95",
            "revenue": 45405
        },
        "2020-10": {
            "month": "2020-10",
            "price": "13.32",
            "revenue": 57359
        },
        "2020-11": {
            "month": "2020-11",
            "price": "14.49",
            "revenue": 70555
        },
        "2020-12": {
            "month": "2020-12",
            "price": "15.15",
            "revenue": 63881
        },
        "2021-01": {
            "month": "2021-01",
            "price": "15.12",
            "revenue": 71721
        },
        "2021-02": {
            "month": "2021-02",
            "price": "15.14",
            "revenue": 44546
        },
        "2021-03": {
            "month": "2021-03",
            "price": "15.66",
            "revenue": 61965
        },
        "2021-04": {
            "month": "2021-04",
            "price": "18.51",
            "revenue": 61778
        },
        "2021-05": {
            "month": "2021-05",
            "price": "16.06",
            "revenue": 80953
        },
        "2021-06": {
            "month": "2021-06",
            "price": "16.96",
            "revenue": 84895
        },
        "2021-07": {
            "month": "2021-07",
            "price": "18.86",
            "revenue": 92346
        },
        "2021-08": {
            "month": "2021-08",
            "price": "18.66",
            "revenue": 95572
        },
        "2021-09": {
            "month": "2021-09",
            "price": "18.84",
            "revenue": 75058
        },
        "2021-10": {
            "month": "2021-10",
            "price": "17.79",
            "revenue": 73392
        },
        "2021-11": {
            "month": "2021-11",
            "price": "19.46",
            "revenue": 74392
        },
        "2021-12": {
            "month": "2021-12",
            "price": "25.20",
            "revenue": 82302
        },
        "2022-01": {
            "month": "2022-01",
            "price": "23.71",
            "revenue": 79262
        },
        "2022-02": {
            "month": "2022-02",
            "price": "21.28",
            "revenue": 62670
        },
        "2022-03": {
            "month": "2022-03",
            "price": "19.35",
            "revenue": 81281
        },
        "2022-04": {
            "month": "2022-04",
            "price": "18.01",
            "revenue": 93054
        },
        "2022-05": {
            "month": "2022-05",
            "price": "19.00",
            "revenue": 108387
        },
        "2022-06": {
            "month": "2022-06",
            "price": "21.91",
            "revenue": 111528
        },
        "2022-07": {
            "month": "2022-07",
            "price": "21.67",
            "revenue": 108699
        },
        "2022-08": {
            "month": "2022-08",
            "price": "23.90",
            "revenue": 106825
        },
        "2022-09": {
            "month": "2022-09",
            "price": "22.69",
            "revenue": 62957
        },
        "2022-10": {
            "month": "2022-10",
            "price": "18.82",
            "revenue": 45064
        },
        "2022-11": {
            "month": "2022-11",
            "price": "18.65",
            "revenue": 72013
        },
        "2022-12": {
            "month": "2022-12",
            "price": "18.43",
            "revenue": 61506
        },
        "2023-01": {
            "month": "2023-01",
            "price": "17.85",
            "revenue": 54801
        },
        "2023-02": {
            "month": "2023-02",
            "price": "18.60",
            "revenue": 59818
        },
        "2023-03": {
            "month": "2023-03",
            "price": "18.96",
            "revenue": 73604
        },
        "2023-04": {
            "month": "2023-04",
            "price": "18.44",
            "revenue": 51066
        },
        "2023-05": {
            "month": "2023-05",
            "price": "17.69",
            "revenue": 67444
        },
        "2023-06": {
            "month": "2023-06",
            "price": "17.86",
            "revenue": 56526
        },
        "2023-07": {
            "month": "2023-07",
            "price": "17.43",
            "revenue": 57108
        },
        "2023-08": {
            "month": "2023-08",
            "price": "16.88",
            "revenue": 89292
        },
        "2023-09": {
            "month": "2023-09",
            "price": "17.53",
            "revenue": 70299
        }
    }
}
