{
    "summary": {
        "stock_name": "漢科",
        "stock_id": "3402",
        "category": "其他電子",
        "main_business": "氣體/特殊管路工程、高真空系統<br>無塵室及機電統包<br>特氣供應及監控系統整合、先進產品、濕製程設備及化學系統",
        "website_url": "http://www.wholetech.com.tw",
        "ceo": "謝清泉",
        "pe_ratio": 18,
        "report_year_from": 2004,
        "report_year_to": 2023,
        "age": 20,
        "eps_negative_percentage": 0,
        "eps_growth_avg": {
            "last_all": 16.39,
            "last_2y": 13.81,
            "last_4y": 5.6,
            "last_8y": 25.12,
            "last_12y": 11.87,
            "last_16y": 16.39,
            "last_20y": null,
            "at_2006_last_3y": null,
            "at_2007_last_3y": null,
            "at_2008_last_3y": null,
            "at_2009_last_3y": null,
            "at_2010_last_3y": 31.1,
            "at_2011_last_3y": 8.61,
            "at_2012_last_3y": 31.54,
            "at_2013_last_3y": -17.95,
            "at_2014_last_3y": -17.95,
            "at_2015_last_3y": 15.09,
            "at_2016_last_3y": 40.84,
            "at_2017_last_3y": 67.48,
            "at_2018_last_3y": 49.52,
            "at_2019_last_3y": 27.58,
            "at_2020_last_3y": 5.83,
            "at_2021_last_3y": 11.9,
            "at_2022_last_3y": 13.53,
            "at_2023_last_3y": 13.62,
            "at_2024_last_3y": 13.62,
            "at_2006_last_all": null,
            "at_2007_last_all": null,
            "at_2008_last_all": -37.8,
            "at_2009_last_all": 8.13,
            "at_2010_last_all": 31.1,
            "at_2011_last_all": 10.71,
            "at_2012_last_all": 8.43,
            "at_2013_last_all": -6.77,
            "at_2014_last_all": 6.58,
            "at_2015_last_all": 12.66,
            "at_2016_last_all": 21.39,
            "at_2017_last_all": 20.23,
            "at_2018_last_all": 20.89,
            "at_2019_last_all": 17.25,
            "at_2020_last_all": 16.95,
            "at_2021_last_all": 18.01,
            "at_2022_last_all": 19.05,
            "at_2023_last_all": 16.39,
            "at_2024_last_all": 16.39
        },
        "latest_eps": 5.16,
        "latest_price": 91.9,
        "latest_roe": 21.74,
        "latest_gross_margin": 21.91,
        "latest_equity": 1767773,
        "latest_revenue": 1082376,
        "latest_gross_profit": 237173,
        "latest_net_income": 113404,
        "latest_debt_ratio": 67.83,
        "latest_current_ratio": 133.2,
        "latest_account_receivable_turnover_ratio": 1.76,
        "latest_inventory_turnover_ratio": 0.73,
        "latest_reinvestment_rate": 19.16,
        "latest_research_to_sale_ratio": 0.47
    },
    "eps_dividends": {
        "2001": {
            "cash": 0,
            "stock": 0,
            "eps": 0
        },
        "2002": {
            "cash": 0,
            "stock": 0,
            "eps": 0
        },
        "2003": {
            "cash": 0,
            "stock": 0,
            "eps": 0
        },
        "2004": {
            "cash": 0,
            "stock": 0,
            "eps": 0
        },
        "2005": {
            "cash": 0,
            "stock": 2.91,
            "eps": 0
        },
        "2006": {
            "cash": 0.43,
            "stock": 1.8,
            "eps": 4.92
        },
        "2007": {
            "cash": 1.07,
            "stock": 2.3,
            "eps": 5.86
        },
        "2008": {
            "cash": 3.14,
            "stock": 1,
            "eps": 0.31
        },
        "2009": {
            "cash": 0,
            "stock": 0,
            "eps": 0.7
        },
        "2010": {
            "cash": 0.16,
            "stock": 0.35,
            "eps": 3.43
        },
        "2011": {
            "cash": 1.4,
            "stock": 1.33,
            "eps": 1
        },
        "2012": {
            "cash": 0.8,
            "stock": 0,
            "eps": 0.97
        },
        "2013": {
            "cash": 0.89,
            "stock": 0,
            "eps": 0.02
        },
        "2014": {
            "cash": 0,
            "stock": 0,
            "eps": 0.62
        },
        "2015": {
            "cash": 0.48,
            "stock": 0,
            "eps": 1
        },
        "2016": {
            "cash": 0.85,
            "stock": 0,
            "eps": 2.55
        },
        "2017": {
            "cash": 2,
            "stock": 0,
            "eps": 2.77
        },
        "2018": {
            "cash": 2.45,
            "stock": 0,
            "eps": 3.55
        },
        "2019": {
            "cash": 3,
            "stock": 0,
            "eps": 2.61
        },
        "2020": {
            "cash": 1.5,
            "stock": 0,
            "eps": 2.95
        },
        "2021": {
            "cash": 2.7,
            "stock": 0,
            "eps": 3.92
        },
        "2022": {
            "cash": 3,
            "stock": 0,
            "eps": 5.28
        },
        "2023": {
            "cash": 4.2,
            "stock": 0,
            "eps": 3.9
        }
    },
    "dividends": {
        "2005-03-11": {
            "cash": 0,
            "stock": 2.91
        },
        "2006-02-20": {
            "cash": 0.43,
            "stock": 1.8
        },
        "2007-03-26": {
            "cash": 1.07,
            "stock": 2.3
        },
        "2008-03-25": {
            "cash": 3.14,
            "stock": 1
        },
        "2010-05-11": {
            "cash": 0.16,
            "stock": 0.35
        },
        "2011-03-25": {
            "cash": 1.4,
            "stock": 1.33
        },
        "2012-06-18": {
            "cash": 0.8,
            "stock": 0
        },
        "2013-06-28": {
            "cash": 0.89,
            "stock": 0
        },
        "2015-09-16": {
            "cash": 0.48,
            "stock": 0
        },
        "2016-09-13": {
            "cash": 0.85,
            "stock": 0
        },
        "2017-08-18": {
            "cash": 2,
            "stock": 0
        },
        "2018-08-20": {
            "cash": 2.45,
            "stock": 0
        },
        "2019-08-30": {
            "cash": 3,
            "stock": 0
        },
        "2020-08-20": {
            "cash": 1.5,
            "stock": 0
        },
        "2021-07-23": {
            "cash": 2.7,
            "stock": 0
        },
        "2022-07-22": {
            "cash": 3,
            "stock": 0
        },
        "2023-08-10": {
            "cash": 4.2,
            "stock": 0
        }
    },
    "prices": {
        "200101": "無",
        "200102": "無",
        "200103": "無",
        "200104": "無",
        "200105": "無",
        "200106": "無",
        "200107": "無",
        "200108": "無",
        "200109": "無",
        "200110": "無",
        "200111": "無",
        "200112": "無",
        "200201": "無",
        "200202": "無",
        "200203": "無",
        "200204": "無",
        "200205": "無",
        "200206": "無",
        "200207": "無",
        "200208": "無",
        "200209": "無",
        "200210": "無",
        "200211": "無",
        "200212": "無",
        "200301": "無",
        "200302": "無",
        "200303": "無",
        "200304": "無",
        "200305": "無",
        "200306": "無",
        "200307": "無",
        "200308": "無",
        "200309": "無",
        "200310": "無",
        "200311": "無",
        "200312": "無",
        "200401": "無",
        "200402": "無",
        "200403": "無",
        "200404": "無",
        "200405": "無",
        "200406": "無",
        "200407": "無",
        "200408": "無",
        "200409": "無",
        "200410": "無",
        "200411": "無",
        "200412": "16.50",
        "200501": "15.50",
        "200502": "無",
        "200503": "15.57",
        "200504": "15.36",
        "200505": "16.13",
        "200506": "16.83",
        "200507": "15.19",
        "200508": "14.59",
        "200509": "12.33",
        "200510": "12.20",
        "200511": "12.00",
        "200512": "12.38",
        "200601": "14.90",
        "200602": "16.51",
        "200603": "22.44",
        "200604": "26.55",
        "200605": "27.65",
        "200606": "28.07",
        "200607": "27.65",
        "200608": "29.44",
        "200609": "30.75",
        "200610": "30.73",
        "200611": "32.30",
        "200612": "38.21",
        "200701": "45.20",
        "200702": "45.51",
        "200703": "45.98",
        "200704": "47.79",
        "200705": "53.46",
        "200706": "58.40",
        "200707": "66.86",
        "200708": "57.42",
        "200709": "57.52",
        "200710": "53.58",
        "200711": "44.60",
        "200712": "42.79",
        "200801": "40.35",
        "200802": "35.36",
        "200803": "39.44",
        "200804": "41.46",
        "200805": "39.00",
        "200806": "35.30",
        "200807": "30.73",
        "200808": "24.98",
        "200809": "19.70",
        "200810": "15.01",
        "200811": "9.55",
        "200812": "8.87",
        "200901": "8.40",
        "200902": "8.18",
        "200903": "10.07",
        "200904": "11.18",
        "200905": "14.04",
        "200906": "12.63",
        "200907": "13.17",
        "200908": "13.42",
        "200909": "15.92",
        "200910": "21.43",
        "200911": "23.45",
        "200912": "27.40",
        "201001": "28.72",
        "201002": "26.80",
        "201003": "28.41",
        "201004": "28.40",
        "201005": "28.31",
        "201006": "28.81",
        "201007": "30.56",
        "201008": "30.77",
        "201009": "28.21",
        "201010": "27.48",
        "201011": "23.20",
        "201012": "24.42",
        "201101": "25.04",
        "201102": "24.61",
        "201103": "24.92",
        "201104": "26.82",
        "201105": "28.12",
        "201106": "27.22",
        "201107": "25.20",
        "201108": "20.54",
        "201109": "16.68",
        "201110": "15.35",
        "201111": "14.75",
        "201112": "12.85",
        "201201": "13.15",
        "201202": "16.08",
        "201203": "15.91",
        "201204": "13.07",
        "201205": "13.15",
        "201206": "13.79",
        "201207": "13.37",
        "201208": "12.94",
        "201209": "13.30",
        "201210": "13.78",
        "201211": "11.96",
        "201212": "12.46",
        "201301": "12.49",
        "201302": "12.30",
        "201303": "12.55",
        "201304": "13.07",
        "201305": "13.92",
        "201306": "13.57",
        "201307": "13.33",
        "201308": "12.10",
        "201309": "11.67",
        "201310": "11.93",
        "201311": "11.27",
        "201312": "11.18",
        "201401": "11.80",
        "201402": "11.97",
        "201403": "17.27",
        "201404": "18.98",
        "201405": "18.14",
        "201406": "16.22",
        "201407": "17.12",
        "201408": "16.46",
        "201409": "15.95",
        "201410": "14.37",
        "201411": "14.34",
        "201412": "15.37",
        "201501": "17.08",
        "201502": "16.64",
        "201503": "15.78",
        "201504": "15.24",
        "201505": "14.94",
        "201506": "13.60",
        "201507": "13.36",
        "201508": "12.71",
        "201509": "13.28",
        "201510": "14.41",
        "201511": "14.11",
        "201512": "13.51",
        "201601": "13.07",
        "201602": "14.02",
        "201603": "15.73",
        "201604": "15.44",
        "201605": "16.52",
        "201606": "17.86",
        "201607": "19.39",
        "201608": "22.52",
        "201609": "21.94",
        "201610": "22.80",
        "201611": "21.91",
        "201612": "22.65",
        "201701": "23.25",
        "201702": "24.79",
        "201703": "26.46",
        "201704": "24.91",
        "201705": "24.24",
        "201706": "24.82",
        "201707": "24.85",
        "201708": "24.50",
        "201709": "25.35",
        "201710": "25.32",
        "201711": "24.58",
        "201712": "23.83",
        "201801": "24.15",
        "201802": "23.60",
        "201803": "25.20",
        "201804": "28.07",
        "201805": "31.28",
        "201806": "32.33",
        "201807": "31.35",
        "201808": "31.61",
        "201809": "30.23",
        "201810": "29.21",
        "201811": "27.98",
        "201812": "28.54",
        "201901": "29.45",
        "201902": "29.26",
        "201903": "30.42",
        "201904": "31.40",
        "201905": "31.10",
        "201906": "30.78",
        "201907": "31.78",
        "201908": "27.53",
        "201909": "27.27",
        "201910": "27.93",
        "201911": "28.47",
        "201912": "30.49",
        "202001": "31.35",
        "202002": "30.54",
        "202003": "25.48",
        "202004": "25.68",
        "202005": "27.20",
        "202006": "28.72",
        "202007": "29.35",
        "202008": "27.45",
        "202009": "27.10",
        "202010": "27.50",
        "202011": "29.89",
        "202012": "30.57",
        "202101": "29.58",
        "202102": "29.53",
        "202103": "32.21",
        "202104": "43.63",
        "202105": "41.16",
        "202106": "42.47",
        "202107": "41.89",
        "202108": "40.49",
        "202109": "40.38",
        "202110": "40.54",
        "202111": "45.65",
        "202112": "48.68",
        "202201": "47.88",
        "202202": "51.40",
        "202203": "51.16",
        "202204": "48.71",
        "202205": "47.01",
        "202206": "46.27",
        "202207": "43.00",
        "202208": "47.25",
        "202209": "45.30",
        "202210": "40.64",
        "202211": "43.75",
        "202212": "45.16",
        "202301": "45.37",
        "202302": "46.23",
        "202303": "49.16",
        "202304": "52.72",
        "202305": "50.93",
        "202306": "51.74",
        "202307": "49.27",
        "202308": "48.60",
        "202309": "49.56",
        "202310": "48.81",
        "202311": "57.86",
        "202312": "68.80"
    },
    "quarters": {
        "20011": {
            "year_quarter": 20011,
            "year": 2001,
            "quarter": 1,
            "eps": null,
            "eps_growth_year": null,
            "eps_4q": null,
            "eps_4q_growth_year": null,
            "roe": null,
            "roe_4q": 0,
            "gross_profit": null,
            "gross_margin": null,
            "gross_margin_4q_avg": 0,
            "net_income": null,
            "net_income_4q": null,
            "revenue": null,
            "revenue_4q": null,
            "common_shares": null,
            "book_valuer_per_share": null,
            "book_valuer_per_share_4q_avg": 0,
            "equity": null,
            "current_ratio": null,
            "debt_ratio": null,
            "inventory_turnover_ratio": null,
            "account_receivable_turnover_ratio": null,
            "reinvestment_rate": null,
            "research_to_sale_ratio": null,
            "price_fair": 0,
            "eps_avg_yearly": 0,
            "eps_latest_yearly": 0,
            "eps_growth_yearly": 0
        },
        "20012": {
            "year_quarter": 20012,
            "year": 2001,
            "quarter": 2,
            "eps": null,
            "eps_growth_year": null,
            "eps_4q": null,
            "eps_4q_growth_year": null,
            "roe": null,
            "roe_4q": 0,
            "gross_profit": null,
            "gross_margin": null,
            "gross_margin_4q_avg": 0,
            "net_income": null,
            "net_income_4q": null,
            "revenue": null,
            "revenue_4q": null,
            "common_shares": null,
            "book_valuer_per_share": null,
            "book_valuer_per_share_4q_avg": 0,
            "equity": null,
            "current_ratio": null,
            "debt_ratio": null,
            "inventory_turnover_ratio": null,
            "account_receivable_turnover_ratio": null,
            "reinvestment_rate": null,
            "research_to_sale_ratio": null,
            "price_fair": 0,
            "eps_avg_yearly": 0,
            "eps_latest_yearly": 0,
            "eps_growth_yearly": 0
        },
        "20013": {
            "year_quarter": 20013,
            "year": 2001,
            "quarter": 3,
            "eps": null,
            "eps_growth_year": null,
            "eps_4q": null,
            "eps_4q_growth_year": null,
            "roe": null,
            "roe_4q": 0,
            "gross_profit": null,
            "gross_margin": null,
            "gross_margin_4q_avg": 0,
            "net_income": null,
            "net_income_4q": null,
            "revenue": null,
            "revenue_4q": null,
            "common_shares": null,
            "book_valuer_per_share": null,
            "book_valuer_per_share_4q_avg": 0,
            "equity": null,
            "current_ratio": null,
            "debt_ratio": null,
            "inventory_turnover_ratio": null,
            "account_receivable_turnover_ratio": null,
            "reinvestment_rate": null,
            "research_to_sale_ratio": null,
            "price_fair": 0,
            "eps_avg_yearly": 0,
            "eps_latest_yearly": 0,
            "eps_growth_yearly": 0
        },
        "20014": {
            "year_quarter": 20014,
            "year": 2001,
            "quarter": 4,
            "eps": null,
            "eps_growth_year": null,
            "eps_4q": null,
            "eps_4q_growth_year": null,
            "roe": null,
            "roe_4q": 0,
            "gross_profit": null,
            "gross_margin": null,
            "gross_margin_4q_avg": 0,
            "net_income": null,
            "net_income_4q": null,
            "revenue": null,
            "revenue_4q": null,
            "common_shares": 159000,
            "book_valuer_per_share": 15.22,
            "book_valuer_per_share_4q_avg": 3.81,
            "equity": 242002,
            "current_ratio": 178.1,
            "debt_ratio": 50.46,
            "inventory_turnover_ratio": null,
            "account_receivable_turnover_ratio": null,
            "reinvestment_rate": null,
            "research_to_sale_ratio": null,
            "price_fair": 0,
            "eps_avg_yearly": 0,
            "eps_latest_yearly": 0,
            "eps_growth_yearly": 0
        },
        "20021": {
            "year_quarter": 20021,
            "year": 2002,
            "quarter": 1,
            "eps": null,
            "eps_growth_year": null,
            "eps_4q": null,
            "eps_4q_growth_year": null,
            "roe": null,
            "roe_4q": 0,
            "gross_profit": null,
            "gross_margin": null,
            "gross_margin_4q_avg": 0,
            "net_income": null,
            "net_income_4q": null,
            "revenue": null,
            "revenue_4q": null,
            "common_shares": null,
            "book_valuer_per_share": null,
            "book_valuer_per_share_4q_avg": 3.81,
            "equity": null,
            "current_ratio": null,
            "debt_ratio": null,
            "inventory_turnover_ratio": null,
            "account_receivable_turnover_ratio": null,
            "reinvestment_rate": null,
            "research_to_sale_ratio": null,
            "price_fair": 0,
            "eps_avg_yearly": 0,
            "eps_latest_yearly": 0,
            "eps_growth_yearly": 0
        },
        "20022": {
            "year_quarter": 20022,
            "year": 2002,
            "quarter": 2,
            "eps": null,
            "eps_growth_year": null,
            "eps_4q": null,
            "eps_4q_growth_year": null,
            "roe": null,
            "roe_4q": 0,
            "gross_profit": null,
            "gross_margin": null,
            "gross_margin_4q_avg": 0,
            "net_income": null,
            "net_income_4q": null,
            "revenue": null,
            "revenue_4q": null,
            "common_shares": null,
            "book_valuer_per_share": null,
            "book_valuer_per_share_4q_avg": 3.81,
            "equity": null,
            "current_ratio": null,
            "debt_ratio": null,
            "inventory_turnover_ratio": null,
            "account_receivable_turnover_ratio": null,
            "reinvestment_rate": null,
            "research_to_sale_ratio": null,
            "price_fair": 0,
            "eps_avg_yearly": 0,
            "eps_latest_yearly": 0,
            "eps_growth_yearly": 0
        },
        "20023": {
            "year_quarter": 20023,
            "year": 2002,
            "quarter": 3,
            "eps": null,
            "eps_growth_year": null,
            "eps_4q": null,
            "eps_4q_growth_year": null,
            "roe": null,
            "roe_4q": 0,
            "gross_profit": null,
            "gross_margin": null,
            "gross_margin_4q_avg": 0,
            "net_income": null,
            "net_income_4q": null,
            "revenue": null,
            "revenue_4q": null,
            "common_shares": null,
            "book_valuer_per_share": null,
            "book_valuer_per_share_4q_avg": 3.81,
            "equity": null,
            "current_ratio": null,
            "debt_ratio": null,
            "inventory_turnover_ratio": null,
            "account_receivable_turnover_ratio": null,
            "reinvestment_rate": null,
            "research_to_sale_ratio": null,
            "price_fair": 0,
            "eps_avg_yearly": 0,
            "eps_latest_yearly": 0,
            "eps_growth_yearly": 0
        },
        "20024": {
            "year_quarter": 20024,
            "year": 2002,
            "quarter": 4,
            "eps": null,
            "eps_growth_year": null,
            "eps_4q": null,
            "eps_4q_growth_year": null,
            "roe": null,
            "roe_4q": 0,
            "gross_profit": null,
            "gross_margin": null,
            "gross_margin_4q_avg": 0,
            "net_income": null,
            "net_income_4q": null,
            "revenue": null,
            "revenue_4q": null,
            "common_shares": 182850,
            "book_valuer_per_share": 12.76,
            "book_valuer_per_share_4q_avg": 3.19,
            "equity": 233266,
            "current_ratio": 214.49,
            "debt_ratio": 40.11,
            "inventory_turnover_ratio": null,
            "account_receivable_turnover_ratio": null,
            "reinvestment_rate": null,
            "research_to_sale_ratio": null,
            "price_fair": 0,
            "eps_avg_yearly": 0,
            "eps_latest_yearly": 0,
            "eps_growth_yearly": 0
        },
        "20031": {
            "year_quarter": 20031,
            "year": 2003,
            "quarter": 1,
            "eps": null,
            "eps_growth_year": null,
            "eps_4q": null,
            "eps_4q_growth_year": null,
            "roe": null,
            "roe_4q": 0,
            "gross_profit": null,
            "gross_margin": null,
            "gross_margin_4q_avg": 0,
            "net_income": null,
            "net_income_4q": null,
            "revenue": null,
            "revenue_4q": null,
            "common_shares": null,
            "book_valuer_per_share": null,
            "book_valuer_per_share_4q_avg": 3.19,
            "equity": null,
            "current_ratio": null,
            "debt_ratio": null,
            "inventory_turnover_ratio": null,
            "account_receivable_turnover_ratio": null,
            "reinvestment_rate": null,
            "research_to_sale_ratio": null,
            "price_fair": 0,
            "eps_avg_yearly": 0,
            "eps_latest_yearly": 0,
            "eps_growth_yearly": 0
        },
        "20032": {
            "year_quarter": 20032,
            "year": 2003,
            "quarter": 2,
            "eps": null,
            "eps_growth_year": null,
            "eps_4q": null,
            "eps_4q_growth_year": null,
            "roe": null,
            "roe_4q": 0,
            "gross_profit": null,
            "gross_margin": null,
            "gross_margin_4q_avg": 0,
            "net_income": null,
            "net_income_4q": null,
            "revenue": null,
            "revenue_4q": null,
            "common_shares": null,
            "book_valuer_per_share": null,
            "book_valuer_per_share_4q_avg": 3.19,
            "equity": null,
            "current_ratio": null,
            "debt_ratio": null,
            "inventory_turnover_ratio": null,
            "account_receivable_turnover_ratio": null,
            "reinvestment_rate": null,
            "research_to_sale_ratio": null,
            "price_fair": 0,
            "eps_avg_yearly": 0,
            "eps_latest_yearly": 0,
            "eps_growth_yearly": 0
        },
        "20033": {
            "year_quarter": 20033,
            "year": 2003,
            "quarter": 3,
            "eps": null,
            "eps_growth_year": null,
            "eps_4q": null,
            "eps_4q_growth_year": null,
            "roe": null,
            "roe_4q": 0,
            "gross_profit": null,
            "gross_margin": null,
            "gross_margin_4q_avg": 0,
            "net_income": null,
            "net_income_4q": null,
            "revenue": null,
            "revenue_4q": null,
            "common_shares": null,
            "book_valuer_per_share": null,
            "book_valuer_per_share_4q_avg": 3.19,
            "equity": null,
            "current_ratio": null,
            "debt_ratio": null,
            "inventory_turnover_ratio": null,
            "account_receivable_turnover_ratio": null,
            "reinvestment_rate": null,
            "research_to_sale_ratio": null,
            "price_fair": 0,
            "eps_avg_yearly": 0,
            "eps_latest_yearly": 0,
            "eps_growth_yearly": 0
        },
        "20034": {
            "year_quarter": 20034,
            "year": 2003,
            "quarter": 4,
            "eps": null,
            "eps_growth_year": null,
            "eps_4q": null,
            "eps_4q_growth_year": null,
            "roe": null,
            "roe_4q": 0,
            "gross_profit": null,
            "gross_margin": null,
            "gross_margin_4q_avg": 0,
            "net_income": null,
            "net_income_4q": null,
            "revenue": null,
            "revenue_4q": null,
            "common_shares": 182850,
            "book_valuer_per_share": 12.86,
            "book_valuer_per_share_4q_avg": 3.22,
            "equity": 257485,
            "current_ratio": 177.62,
            "debt_ratio": 48.08,
            "inventory_turnover_ratio": null,
            "account_receivable_turnover_ratio": null,
            "reinvestment_rate": null,
            "research_to_sale_ratio": null,
            "price_fair": 0,
            "eps_avg_yearly": 0,
            "eps_latest_yearly": 0,
            "eps_growth_yearly": 0
        },
        "20041": {
            "year_quarter": 20041,
            "year": 2004,
            "quarter": 1,
            "eps": null,
            "eps_growth_year": null,
            "eps_4q": null,
            "eps_4q_growth_year": null,
            "roe": null,
            "roe_4q": 0,
            "gross_profit": null,
            "gross_margin": null,
            "gross_margin_4q_avg": 0,
            "net_income": null,
            "net_income_4q": null,
            "revenue": null,
            "revenue_4q": null,
            "common_shares": null,
            "book_valuer_per_share": null,
            "book_valuer_per_share_4q_avg": 3.22,
            "equity": null,
            "current_ratio": null,
            "debt_ratio": null,
            "inventory_turnover_ratio": null,
            "account_receivable_turnover_ratio": null,
            "reinvestment_rate": null,
            "research_to_sale_ratio": null,
            "price_fair": 0,
            "eps_avg_yearly": 0,
            "eps_latest_yearly": 0,
            "eps_growth_yearly": 0
        },
        "20042": {
            "year_quarter": 20042,
            "year": 2004,
            "quarter": 2,
            "eps": null,
            "eps_growth_year": null,
            "eps_4q": null,
            "eps_4q_growth_year": null,
            "roe": null,
            "roe_4q": 0,
            "gross_profit": null,
            "gross_margin": null,
            "gross_margin_4q_avg": 0,
            "net_income": null,
            "net_income_4q": null,
            "revenue": null,
            "revenue_4q": null,
            "common_shares": null,
            "book_valuer_per_share": null,
            "book_valuer_per_share_4q_avg": 3.22,
            "equity": null,
            "current_ratio": null,
            "debt_ratio": null,
            "inventory_turnover_ratio": null,
            "account_receivable_turnover_ratio": null,
            "reinvestment_rate": null,
            "research_to_sale_ratio": null,
            "price_fair": 0,
            "eps_avg_yearly": 0,
            "eps_latest_yearly": 0,
            "eps_growth_yearly": 0
        },
        "20043": {
            "year_quarter": 20043,
            "year": 2004,
            "quarter": 3,
            "eps": null,
            "eps_growth_year": null,
            "eps_4q": null,
            "eps_4q_growth_year": null,
            "roe": null,
            "roe_4q": 0,
            "gross_profit": null,
            "gross_margin": null,
            "gross_margin_4q_avg": 0,
            "net_income": null,
            "net_income_4q": null,
            "revenue": null,
            "revenue_4q": null,
            "common_shares": null,
            "book_valuer_per_share": null,
            "book_valuer_per_share_4q_avg": 3.22,
            "equity": null,
            "current_ratio": null,
            "debt_ratio": null,
            "inventory_turnover_ratio": null,
            "account_receivable_turnover_ratio": null,
            "reinvestment_rate": null,
            "research_to_sale_ratio": null,
            "price_fair": 0,
            "eps_avg_yearly": 0,
            "eps_latest_yearly": 0,
            "eps_growth_yearly": 0
        },
        "20044": {
            "year_quarter": 20044,
            "year": 2004,
            "quarter": 4,
            "eps": null,
            "eps_growth_year": null,
            "eps_4q": null,
            "eps_4q_growth_year": null,
            "roe": null,
            "roe_4q": 0,
            "gross_profit": null,
            "gross_margin": null,
            "gross_margin_4q_avg": 0,
            "net_income": null,
            "net_income_4q": null,
            "revenue": null,
            "revenue_4q": null,
            "common_shares": 182850,
            "book_valuer_per_share": 16.22,
            "book_valuer_per_share_4q_avg": 4.06,
            "equity": 325924,
            "current_ratio": 138.1,
            "debt_ratio": 65.83,
            "inventory_turnover_ratio": null,
            "account_receivable_turnover_ratio": null,
            "reinvestment_rate": null,
            "research_to_sale_ratio": null,
            "price_fair": 0,
            "eps_avg_yearly": 0,
            "eps_latest_yearly": 0,
            "eps_growth_yearly": 0
        },
        "20051": {
            "year_quarter": 20051,
            "year": 2005,
            "quarter": 1,
            "eps": null,
            "eps_growth_year": null,
            "eps_4q": null,
            "eps_4q_growth_year": null,
            "roe": null,
            "roe_4q": 0,
            "gross_profit": null,
            "gross_margin": null,
            "gross_margin_4q_avg": 0,
            "net_income": null,
            "net_income_4q": null,
            "revenue": null,
            "revenue_4q": null,
            "common_shares": null,
            "book_valuer_per_share": null,
            "book_valuer_per_share_4q_avg": 4.06,
            "equity": null,
            "current_ratio": null,
            "debt_ratio": null,
            "inventory_turnover_ratio": null,
            "account_receivable_turnover_ratio": null,
            "reinvestment_rate": null,
            "research_to_sale_ratio": null,
            "price_fair": 0,
            "eps_avg_yearly": 0,
            "eps_latest_yearly": 0,
            "eps_growth_yearly": 0
        },
        "20052": {
            "year_quarter": 20052,
            "year": 2005,
            "quarter": 2,
            "eps": null,
            "eps_growth_year": null,
            "eps_4q": null,
            "eps_4q_growth_year": null,
            "roe": null,
            "roe_4q": 0,
            "gross_profit": null,
            "gross_margin": null,
            "gross_margin_4q_avg": 0,
            "net_income": null,
            "net_income_4q": null,
            "revenue": null,
            "revenue_4q": null,
            "common_shares": null,
            "book_valuer_per_share": null,
            "book_valuer_per_share_4q_avg": 4.06,
            "equity": null,
            "current_ratio": null,
            "debt_ratio": null,
            "inventory_turnover_ratio": null,
            "account_receivable_turnover_ratio": null,
            "reinvestment_rate": null,
            "research_to_sale_ratio": null,
            "price_fair": 0,
            "eps_avg_yearly": 0,
            "eps_latest_yearly": 0,
            "eps_growth_yearly": 0
        },
        "20053": {
            "year_quarter": 20053,
            "year": 2005,
            "quarter": 3,
            "eps": null,
            "eps_growth_year": null,
            "eps_4q": null,
            "eps_4q_growth_year": null,
            "roe": null,
            "roe_4q": 0,
            "gross_profit": null,
            "gross_margin": null,
            "gross_margin_4q_avg": 0,
            "net_income": null,
            "net_income_4q": null,
            "revenue": null,
            "revenue_4q": null,
            "common_shares": null,
            "book_valuer_per_share": null,
            "book_valuer_per_share_4q_avg": 4.06,
            "equity": null,
            "current_ratio": null,
            "debt_ratio": null,
            "inventory_turnover_ratio": null,
            "account_receivable_turnover_ratio": null,
            "reinvestment_rate": null,
            "research_to_sale_ratio": null,
            "price_fair": 0,
            "eps_avg_yearly": 0,
            "eps_latest_yearly": 0,
            "eps_growth_yearly": 0
        },
        "20054": {
            "year_quarter": 20054,
            "year": 2005,
            "quarter": 4,
            "eps": null,
            "eps_growth_year": null,
            "eps_4q": null,
            "eps_4q_growth_year": null,
            "roe": null,
            "roe_4q": 0,
            "gross_profit": null,
            "gross_margin": null,
            "gross_margin_4q_avg": 0,
            "net_income": null,
            "net_income_4q": null,
            "revenue": null,
            "revenue_4q": null,
            "common_shares": 240998,
            "book_valuer_per_share": 15.4,
            "book_valuer_per_share_4q_avg": 3.85,
            "equity": 401623,
            "current_ratio": 146.11,
            "debt_ratio": 62.81,
            "inventory_turnover_ratio": null,
            "account_receivable_turnover_ratio": null,
            "reinvestment_rate": null,
            "research_to_sale_ratio": null,
            "price_fair": 0,
            "eps_avg_yearly": 0,
            "eps_latest_yearly": 0,
            "eps_growth_yearly": 0
        },
        "20061": {
            "year_quarter": 20061,
            "year": 2006,
            "quarter": 1,
            "eps": 1.76,
            "eps_growth_year": null,
            "eps_4q": null,
            "eps_4q_growth_year": null,
            "roe": 10.39,
            "roe_4q": 10.39,
            "gross_profit": 83494,
            "gross_margin": 17.53,
            "gross_margin_4q_avg": 4.38,
            "net_income": 42327,
            "net_income_4q": null,
            "revenue": 476230,
            "revenue_4q": null,
            "common_shares": 240998,
            "book_valuer_per_share": 17.16,
            "book_valuer_per_share_4q_avg": 8.14,
            "equity": 413500,
            "current_ratio": 144.81,
            "debt_ratio": 61.38,
            "inventory_turnover_ratio": 0.94,
            "account_receivable_turnover_ratio": null,
            "reinvestment_rate": null,
            "research_to_sale_ratio": null,
            "price_fair": 0,
            "eps_avg_yearly": 0,
            "eps_latest_yearly": 0,
            "eps_growth_yearly": 0
        },
        "20062": {
            "year_quarter": 20062,
            "year": 2006,
            "quarter": 2,
            "eps": 0.91,
            "eps_growth_year": null,
            "eps_4q": null,
            "eps_4q_growth_year": null,
            "roe": 5.21,
            "roe_4q": 15.600000000000001,
            "gross_profit": 52758,
            "gross_margin": 11.98,
            "gross_margin_4q_avg": 7.38,
            "net_income": 21812,
            "net_income_4q": null,
            "revenue": 440349,
            "revenue_4q": null,
            "common_shares": 240998,
            "book_valuer_per_share": 17.58,
            "book_valuer_per_share_4q_avg": 12.54,
            "equity": 423761,
            "current_ratio": 143.39,
            "debt_ratio": 62.43,
            "inventory_turnover_ratio": 0.99,
            "account_receivable_turnover_ratio": null,
            "reinvestment_rate": null,
            "research_to_sale_ratio": null,
            "price_fair": 10.92,
            "eps_avg_yearly": 3.64,
            "eps_latest_yearly": 3.64,
            "eps_growth_yearly": -193.18
        },
        "20063": {
            "year_quarter": 20063,
            "year": 2006,
            "quarter": 3,
            "eps": 0.33,
            "eps_growth_year": null,
            "eps_4q": null,
            "eps_4q_growth_year": null,
            "roe": 2.77,
            "roe_4q": 18.37,
            "gross_profit": 42620,
            "gross_margin": 10.15,
            "gross_margin_4q_avg": 9.92,
            "net_income": 11913,
            "net_income_4q": null,
            "revenue": 419993,
            "revenue_4q": null,
            "common_shares": 289150,
            "book_valuer_per_share": 15.07,
            "book_valuer_per_share_4q_avg": 16.3,
            "equity": 435674,
            "current_ratio": 140.15,
            "debt_ratio": 64.61,
            "inventory_turnover_ratio": 0.89,
            "account_receivable_turnover_ratio": null,
            "reinvestment_rate": null,
            "research_to_sale_ratio": null,
            "price_fair": 7.44,
            "eps_avg_yearly": 2.48,
            "eps_latest_yearly": 1.32,
            "eps_growth_yearly": -224.06
        },
        "20064": {
            "year_quarter": 20064,
            "year": 2006,
            "quarter": 4,
            "eps": 1.92,
            "eps_growth_year": null,
            "eps_4q": 4.55,
            "eps_4q_growth_year": null,
            "roe": 11.98,
            "roe_4q": 30.35,
            "gross_profit": 107196,
            "gross_margin": 18.19,
            "gross_margin_4q_avg": 14.46,
            "net_income": 55512,
            "net_income_4q": null,
            "revenue": 589380,
            "revenue_4q": null,
            "common_shares": 289150,
            "book_valuer_per_share": 16.99,
            "book_valuer_per_share_4q_avg": 16.7,
            "equity": 491237,
            "current_ratio": 149.01,
            "debt_ratio": 61.61,
            "inventory_turnover_ratio": 0.87,
            "account_receivable_turnover_ratio": null,
            "reinvestment_rate": null,
            "research_to_sale_ratio": null,
            "price_fair": 147.47,
            "eps_avg_yearly": 4.21,
            "eps_latest_yearly": 7.68,
            "eps_growth_yearly": 493.05
        },
        "20071": {
            "year_quarter": 20071,
            "year": 2007,
            "quarter": 1,
            "eps": 1.76,
            "eps_growth_year": 0,
            "eps_4q": 4.51,
            "eps_4q_growth_year": null,
            "roe": 9.98,
            "roe_4q": 29.94,
            "gross_profit": 105624,
            "gross_margin": 17.41,
            "gross_margin_4q_avg": 14.43,
            "net_income": 57191,
            "net_income_4q": null,
            "revenue": 606703,
            "revenue_4q": null,
            "common_shares": 329150,
            "book_valuer_per_share": 19.88,
            "book_valuer_per_share_4q_avg": 17.38,
            "equity": 654428,
            "current_ratio": 171.56,
            "debt_ratio": 52.25,
            "inventory_turnover_ratio": 0.76,
            "account_receivable_turnover_ratio": null,
            "reinvestment_rate": null,
            "research_to_sale_ratio": null,
            "price_fair": 172.2,
            "eps_avg_yearly": 4.92,
            "eps_latest_yearly": 7.04,
            "eps_growth_yearly": 361.45
        },
        "20072": {
            "year_quarter": 20072,
            "year": 2007,
            "quarter": 2,
            "eps": 1.8,
            "eps_growth_year": 97.8,
            "eps_4q": 5.61,
            "eps_4q_growth_year": null,
            "roe": 8.86,
            "roe_4q": 33.59,
            "gross_profit": 88612,
            "gross_margin": 13.88,
            "gross_margin_4q_avg": 14.91,
            "net_income": 58913,
            "net_income_4q": null,
            "revenue": 638431,
            "revenue_4q": null,
            "common_shares": 329150,
            "book_valuer_per_share": 20.52,
            "book_valuer_per_share_4q_avg": 18.12,
            "equity": 675520,
            "current_ratio": 164.91,
            "debt_ratio": 54.67,
            "inventory_turnover_ratio": 0.85,
            "account_receivable_turnover_ratio": null,
            "reinvestment_rate": null,
            "research_to_sale_ratio": null,
            "price_fair": 188.16,
            "eps_avg_yearly": 5.38,
            "eps_latest_yearly": 7.2,
            "eps_growth_yearly": 290.98
        },
        "20073": {
            "year_quarter": 20073,
            "year": 2007,
            "quarter": 3,
            "eps": 1.08,
            "eps_growth_year": 227.27,
            "eps_4q": 5.24,
            "eps_4q_growth_year": null,
            "roe": 6.38,
            "roe_4q": 37.2,
            "gross_profit": 91428,
            "gross_margin": 16.09,
            "gross_margin_4q_avg": 16.39,
            "net_income": 44512,
            "net_income_4q": null,
            "revenue": 568059,
            "revenue_4q": null,
            "common_shares": 414725,
            "book_valuer_per_share": 17.36,
            "book_valuer_per_share_4q_avg": 18.69,
            "equity": 720032,
            "current_ratio": 170.15,
            "debt_ratio": 53,
            "inventory_turnover_ratio": 0.67,
            "account_receivable_turnover_ratio": null,
            "reinvestment_rate": null,
            "research_to_sale_ratio": null,
            "price_fair": 182,
            "eps_avg_yearly": 5.2,
            "eps_latest_yearly": 4.32,
            "eps_growth_yearly": 215.82
        },
        "20074": {
            "year_quarter": 20074,
            "year": 2007,
            "quarter": 4,
            "eps": 1.22,
            "eps_growth_year": -36.46,
            "eps_4q": 5.09,
            "eps_4q_growth_year": 11.9,
            "roe": 6.77,
            "roe_4q": 31.99,
            "gross_profit": 108059,
            "gross_margin": 22.67,
            "gross_margin_4q_avg": 17.51,
            "net_income": 50610,
            "net_income_4q": null,
            "revenue": 476656,
            "revenue_4q": null,
            "common_shares": 414725,
            "book_valuer_per_share": 18.68,
            "book_valuer_per_share_4q_avg": 19.11,
            "equity": 774668,
            "current_ratio": 259.94,
            "debt_ratio": 55.3,
            "inventory_turnover_ratio": 0.45,
            "account_receivable_turnover_ratio": null,
            "reinvestment_rate": null,
            "research_to_sale_ratio": null,
            "price_fair": 180.4,
            "eps_avg_yearly": 5.15,
            "eps_latest_yearly": 4.88,
            "eps_growth_yearly": 192.39
        },
        "20081": {
            "year_quarter": 20081,
            "year": 2008,
            "quarter": 1,
            "eps": 0.54,
            "eps_growth_year": -69.32,
            "eps_4q": 4.25,
            "eps_4q_growth_year": -5.75,
            "roe": 2.86,
            "roe_4q": 24.869999999999997,
            "gross_profit": 53741,
            "gross_margin": 11.5,
            "gross_margin_4q_avg": 16.04,
            "net_income": 22438,
            "net_income_4q": null,
            "revenue": 467234,
            "revenue_4q": null,
            "common_shares": 414725,
            "book_valuer_per_share": 19.19,
            "book_valuer_per_share_4q_avg": 18.94,
            "equity": 795915,
            "current_ratio": 264.21,
            "debt_ratio": 55.35,
            "inventory_turnover_ratio": 0.49,
            "account_receivable_turnover_ratio": null,
            "reinvestment_rate": null,
            "research_to_sale_ratio": null,
            "price_fair": 167.3,
            "eps_avg_yearly": 4.78,
            "eps_latest_yearly": 2.16,
            "eps_growth_yearly": 140.48
        },
        "20082": {
            "year_quarter": 20082,
            "year": 2008,
            "quarter": 2,
            "eps": 1.59,
            "eps_growth_year": -11.67,
            "eps_4q": 4.43,
            "eps_4q_growth_year": -21.07,
            "roe": 8.66,
            "roe_4q": 24.669999999999998,
            "gross_profit": 58492,
            "gross_margin": 9.09,
            "gross_margin_4q_avg": 14.84,
            "net_income": 65911,
            "net_income_4q": null,
            "revenue": 643347,
            "revenue_4q": null,
            "common_shares": 414725,
            "book_valuer_per_share": 17.51,
            "book_valuer_per_share_4q_avg": 18.19,
            "equity": 726112,
            "current_ratio": 180.44,
            "debt_ratio": 66.58,
            "inventory_turnover_ratio": 0.58,
            "account_receivable_turnover_ratio": null,
            "reinvestment_rate": null,
            "research_to_sale_ratio": null,
            "price_fair": 173.44,
            "eps_avg_yearly": 4.96,
            "eps_latest_yearly": 6.36,
            "eps_growth_yearly": 211.29
        },
        "20083": {
            "year_quarter": 20083,
            "year": 2008,
            "quarter": 3,
            "eps": 1.22,
            "eps_growth_year": 12.96,
            "eps_4q": 4.18,
            "eps_4q_growth_year": -20.38,
            "roe": 7.58,
            "roe_4q": 25.87,
            "gross_profit": 115129,
            "gross_margin": 14.76,
            "gross_margin_4q_avg": 14.51,
            "net_income": 57365,
            "net_income_4q": null,
            "revenue": 780034,
            "revenue_4q": null,
            "common_shares": 468398,
            "book_valuer_per_share": 16.81,
            "book_valuer_per_share_4q_avg": 18.05,
            "equity": 787274,
            "current_ratio": 174.96,
            "debt_ratio": 66.39,
            "inventory_turnover_ratio": 0.52,
            "account_receivable_turnover_ratio": null,
            "reinvestment_rate": null,
            "research_to_sale_ratio": null,
            "price_fair": 173.18,
            "eps_avg_yearly": 4.95,
            "eps_latest_yearly": 4.88,
            "eps_growth_yearly": 180.85
        },
        "20084": {
            "year_quarter": 20084,
            "year": 2008,
            "quarter": 4,
            "eps": -3.04,
            "eps_growth_year": -349.18,
            "eps_4q": 0.07,
            "eps_4q_growth_year": -98.63,
            "roe": -19.97,
            "roe_4q": -0.8699999999999988,
            "gross_profit": 54290,
            "gross_margin": 17.63,
            "gross_margin_4q_avg": 13.25,
            "net_income": -142450,
            "net_income_4q": null,
            "revenue": 307975,
            "revenue_4q": null,
            "common_shares": 468398,
            "book_valuer_per_share": 13.65,
            "book_valuer_per_share_4q_avg": 16.79,
            "equity": 639554,
            "current_ratio": 157.55,
            "debt_ratio": 71.19,
            "inventory_turnover_ratio": 0.21,
            "account_receivable_turnover_ratio": 1.51,
            "reinvestment_rate": null,
            "research_to_sale_ratio": null,
            "price_fair": 173.18,
            "eps_avg_yearly": 4.95,
            "eps_latest_yearly": 4.88,
            "eps_growth_yearly": 180.85
        },
        "20091": {
            "year_quarter": 20091,
            "year": 2009,
            "quarter": 1,
            "eps": 0.69,
            "eps_growth_year": 27.78,
            "eps_4q": 0.27,
            "eps_4q_growth_year": -93.56,
            "roe": 4.84,
            "roe_4q": 1.1100000000000012,
            "gross_profit": 74923,
            "gross_margin": 26.4,
            "gross_margin_4q_avg": 16.97,
            "net_income": 31752,
            "net_income_4q": null,
            "revenue": 283812,
            "revenue_4q": null,
            "common_shares": 468398,
            "book_valuer_per_share": 14.37,
            "book_valuer_per_share_4q_avg": 15.59,
            "equity": 673018,
            "current_ratio": 178.51,
            "debt_ratio": 64.37,
            "inventory_turnover_ratio": 0.22,
            "account_receivable_turnover_ratio": 0.72,
            "reinvestment_rate": null,
            "research_to_sale_ratio": null,
            "price_fair": 173.18,
            "eps_avg_yearly": 4.95,
            "eps_latest_yearly": 4.88,
            "eps_growth_yearly": 180.85
        },
        "20092": {
            "year_quarter": 20092,
            "year": 2009,
            "quarter": 2,
            "eps": 0.44,
            "eps_growth_year": -72.33,
            "eps_4q": -0.7,
            "eps_4q_growth_year": -115.89,
            "roe": 2.99,
            "roe_4q": -4.559999999999999,
            "gross_profit": 22798,
            "gross_margin": 16.29,
            "gross_margin_4q_avg": 18.77,
            "net_income": 20528,
            "net_income_4q": null,
            "revenue": 139936,
            "revenue_4q": null,
            "common_shares": 468398,
            "book_valuer_per_share": 14.95,
            "book_valuer_per_share_4q_avg": 14.95,
            "equity": 700186,
            "current_ratio": 215.41,
            "debt_ratio": 56.73,
            "inventory_turnover_ratio": 0.14,
            "account_receivable_turnover_ratio": 0.41,
            "reinvestment_rate": null,
            "research_to_sale_ratio": null,
            "price_fair": 163.04,
            "eps_avg_yearly": 4.66,
            "eps_latest_yearly": 1.76,
            "eps_growth_yearly": 151.23
        },
        "20093": {
            "year_quarter": 20093,
            "year": 2009,
            "quarter": 3,
            "eps": 0.43,
            "eps_growth_year": -64.75,
            "eps_4q": -1.52,
            "eps_4q_growth_year": -136.48,
            "roe": 2.8,
            "roe_4q": -9.34,
            "gross_profit": 51632,
            "gross_margin": 31.38,
            "gross_margin_4q_avg": 22.93,
            "net_income": 19850,
            "net_income_4q": null,
            "revenue": 164562,
            "revenue_4q": null,
            "common_shares": 468398,
            "book_valuer_per_share": 15.34,
            "book_valuer_per_share_4q_avg": 14.58,
            "equity": 718711,
            "current_ratio": 265.16,
            "debt_ratio": 50.52,
            "inventory_turnover_ratio": 0.15,
            "account_receivable_turnover_ratio": 0.57,
            "reinvestment_rate": null,
            "research_to_sale_ratio": null,
            "price_fair": 154.47,
            "eps_avg_yearly": 4.41,
            "eps_latest_yearly": 1.72,
            "eps_growth_yearly": 137.87
        },
        "20094": {
            "year_quarter": 20094,
            "year": 2009,
            "quarter": 4,
            "eps": -0.86,
            "eps_growth_year": null,
            "eps_4q": 0.68,
            "eps_4q_growth_year": 871.82,
            "roe": -5.76,
            "roe_4q": 4.87,
            "gross_profit": 37154,
            "gross_margin": 9.51,
            "gross_margin_4q_avg": 20.9,
            "net_income": -40266,
            "net_income_4q": null,
            "revenue": 390663,
            "revenue_4q": null,
            "common_shares": 468398,
            "book_valuer_per_share": 14.49,
            "book_valuer_per_share_4q_avg": 14.79,
            "equity": 678531,
            "current_ratio": 158.97,
            "debt_ratio": 58.31,
            "inventory_turnover_ratio": 0.73,
            "account_receivable_turnover_ratio": 3.4,
            "reinvestment_rate": 31.42,
            "research_to_sale_ratio": null,
            "price_fair": 154.47,
            "eps_avg_yearly": 4.41,
            "eps_latest_yearly": 1.72,
            "eps_growth_yearly": 137.87
        },
        "20101": {
            "year_quarter": 20101,
            "year": 2010,
            "quarter": 1,
            "eps": 0.61,
            "eps_growth_year": -11.59,
            "eps_4q": 0.61,
            "eps_4q_growth_year": 124.54,
            "roe": 4.13,
            "roe_4q": 4.16,
            "gross_profit": 38259,
            "gross_margin": 12.21,
            "gross_margin_4q_avg": 17.35,
            "net_income": 28635,
            "net_income_4q": null,
            "revenue": 313228,
            "revenue_4q": null,
            "common_shares": 468398,
            "book_valuer_per_share": 15.09,
            "book_valuer_per_share_4q_avg": 14.97,
            "equity": 706631,
            "current_ratio": 158,
            "debt_ratio": 58.83,
            "inventory_turnover_ratio": 0.99,
            "account_receivable_turnover_ratio": 1.41,
            "reinvestment_rate": 37.02,
            "research_to_sale_ratio": 0.35,
            "price_fair": 154.47,
            "eps_avg_yearly": 4.41,
            "eps_latest_yearly": 1.72,
            "eps_growth_yearly": 137.87
        },
        "20102": {
            "year_quarter": 20102,
            "year": 2010,
            "quarter": 2,
            "eps": 1.05,
            "eps_growth_year": 139.19,
            "eps_4q": 1.22,
            "eps_4q_growth_year": null,
            "roe": 7.09,
            "roe_4q": 8.259999999999998,
            "gross_profit": 64148,
            "gross_margin": 9.95,
            "gross_margin_4q_avg": 15.76,
            "net_income": 51621,
            "net_income_4q": null,
            "revenue": 644796,
            "revenue_4q": null,
            "common_shares": 468398,
            "book_valuer_per_share": 16.02,
            "book_valuer_per_share_4q_avg": 15.24,
            "equity": 750520,
            "current_ratio": 143.06,
            "debt_ratio": 65.37,
            "inventory_turnover_ratio": 1.86,
            "account_receivable_turnover_ratio": 1.9,
            "reinvestment_rate": 36.2,
            "research_to_sale_ratio": 0.17,
            "price_fair": 156.1,
            "eps_avg_yearly": 4.46,
            "eps_latest_yearly": 4.2,
            "eps_growth_yearly": 178.02
        },
        "20103": {
            "year_quarter": 20103,
            "year": 2010,
            "quarter": 3,
            "eps": 0.44,
            "eps_growth_year": 1.9,
            "eps_4q": 1.05,
            "eps_4q_growth_year": null,
            "roe": 3.02,
            "roe_4q": 8.479999999999999,
            "gross_profit": 64546,
            "gross_margin": 8.98,
            "gross_margin_4q_avg": 10.16,
            "net_income": 28508,
            "net_income_4q": null,
            "revenue": 718650,
            "revenue_4q": null,
            "common_shares": 650607,
            "book_valuer_per_share": 17.46,
            "book_valuer_per_share_4q_avg": 15.77,
            "equity": 1136050,
            "current_ratio": 164.39,
            "debt_ratio": 57.69,
            "inventory_turnover_ratio": 1.59,
            "account_receivable_turnover_ratio": 1.35,
            "reinvestment_rate": 33.7,
            "research_to_sale_ratio": 0.17,
            "price_fair": 157.38,
            "eps_avg_yearly": 4.5,
            "eps_latest_yearly": 1.76,
            "eps_growth_yearly": 179.9
        },
        "20104": {
            "year_quarter": 20104,
            "year": 2010,
            "quarter": 4,
            "eps": 1.33,
            "eps_growth_year": null,
            "eps_4q": 3.01,
            "eps_4q_growth_year": 341.82,
            "roe": 7.37,
            "roe_4q": 21.61,
            "gross_profit": 124483,
            "gross_margin": 21.17,
            "gross_margin_4q_avg": 13.08,
            "net_income": 86783,
            "net_income_4q": null,
            "revenue": 588143,
            "revenue_4q": null,
            "common_shares": 650606,
            "book_valuer_per_share": 18.71,
            "book_valuer_per_share_4q_avg": 16.82,
            "equity": 1217509,
            "current_ratio": 178.63,
            "debt_ratio": 53.21,
            "inventory_turnover_ratio": 1,
            "account_receivable_turnover_ratio": 1.14,
            "reinvestment_rate": 25.29,
            "research_to_sale_ratio": 0.26,
            "price_fair": 150.5,
            "eps_avg_yearly": 4.3,
            "eps_latest_yearly": 5.32,
            "eps_growth_yearly": 86.71
        },
        "20111": {
            "year_quarter": 20111,
            "year": 2011,
            "quarter": 1,
            "eps": 0.75,
            "eps_growth_year": 22.95,
            "eps_4q": 3.34,
            "eps_4q_growth_year": 443.69,
            "roe": 3.9,
            "roe_4q": 21.38,
            "gross_profit": 94851,
            "gross_margin": 16.63,
            "gross_margin_4q_avg": 14.18,
            "net_income": 48135,
            "net_income_4q": null,
            "revenue": 570398,
            "revenue_4q": null,
            "common_shares": 650606,
            "book_valuer_per_share": 19.44,
            "book_valuer_per_share_4q_avg": 17.91,
            "equity": 1252707,
            "current_ratio": 185.21,
            "debt_ratio": 51.01,
            "inventory_turnover_ratio": 1.13,
            "account_receivable_turnover_ratio": 1.37,
            "reinvestment_rate": 27.98,
            "research_to_sale_ratio": 0.15,
            "price_fair": 138.72,
            "eps_avg_yearly": 3.96,
            "eps_latest_yearly": 3,
            "eps_growth_yearly": 74.96
        },
        "20112": {
            "year_quarter": 20112,
            "year": 2011,
            "quarter": 2,
            "eps": 0.45,
            "eps_growth_year": -57.68,
            "eps_4q": 2.68,
            "eps_4q_growth_year": 119.89,
            "roe": 2.66,
            "roe_4q": 16.95,
            "gross_profit": 72095,
            "gross_margin": 15.12,
            "gross_margin_4q_avg": 15.48,
            "net_income": 32538,
            "net_income_4q": null,
            "revenue": 476884,
            "revenue_4q": null,
            "common_shares": 650606,
            "book_valuer_per_share": 18.51,
            "book_valuer_per_share_4q_avg": 18.53,
            "equity": 1193098,
            "current_ratio": 174.57,
            "debt_ratio": 54.12,
            "inventory_turnover_ratio": 1.05,
            "account_receivable_turnover_ratio": 1.01,
            "reinvestment_rate": 37.76,
            "research_to_sale_ratio": 0.3,
            "price_fair": 122.97,
            "eps_avg_yearly": 3.51,
            "eps_latest_yearly": 1.8,
            "eps_growth_yearly": 60.86
        },
        "20113": {
            "year_quarter": 20113,
            "year": 2011,
            "quarter": 3,
            "eps": 0.49,
            "eps_growth_year": 11.58,
            "eps_4q": 2.78,
            "eps_4q_growth_year": 164.18,
            "roe": 2.94,
            "roe_4q": 16.87,
            "gross_profit": 65142,
            "gross_margin": 22.23,
            "gross_margin_4q_avg": 18.79,
            "net_income": 35715,
            "net_income_4q": null,
            "revenue": 293012,
            "revenue_4q": null,
            "common_shares": 736607,
            "book_valuer_per_share": 16.98,
            "book_valuer_per_share_4q_avg": 18.41,
            "equity": 1240625,
            "current_ratio": 195.35,
            "debt_ratio": 46.22,
            "inventory_turnover_ratio": 0.6,
            "account_receivable_turnover_ratio": 0.56,
            "reinvestment_rate": 71.74,
            "research_to_sale_ratio": 0.54,
            "price_fair": 116.08,
            "eps_avg_yearly": 3.32,
            "eps_latest_yearly": 1.96,
            "eps_growth_yearly": 77.16
        },
        "20114": {
            "year_quarter": 20114,
            "year": 2011,
            "quarter": 4,
            "eps": -0.69,
            "eps_growth_year": -151.79,
            "eps_4q": 0.9,
            "eps_4q_growth_year": -69.97,
            "roe": -4.15,
            "roe_4q": 5.35,
            "gross_profit": 22945,
            "gross_margin": 6.43,
            "gross_margin_4q_avg": 15.1,
            "net_income": -50458,
            "net_income_4q": null,
            "revenue": 356964,
            "revenue_4q": null,
            "common_shares": 736606,
            "book_valuer_per_share": 16.29,
            "book_valuer_per_share_4q_avg": 17.81,
            "equity": 1189752,
            "current_ratio": 206.75,
            "debt_ratio": 42.69,
            "inventory_turnover_ratio": 0.95,
            "account_receivable_turnover_ratio": 0.75,
            "reinvestment_rate": 96,
            "research_to_sale_ratio": 0.57,
            "price_fair": 111.11,
            "eps_avg_yearly": 3.17,
            "eps_latest_yearly": 1.96,
            "eps_growth_yearly": 79.46
        },
        "20121": {
            "year_quarter": 20121,
            "year": 2012,
            "quarter": 1,
            "eps": 0.21,
            "eps_growth_year": -72,
            "eps_4q": 0.45,
            "eps_4q_growth_year": -86.4,
            "roe": 1.28,
            "roe_4q": 2.73,
            "gross_profit": 58853,
            "gross_margin": 20,
            "gross_margin_4q_avg": 15.95,
            "net_income": 15354,
            "net_income_4q": null,
            "revenue": 294309,
            "revenue_4q": null,
            "common_shares": 736606,
            "book_valuer_per_share": 16.46,
            "book_valuer_per_share_4q_avg": 17.06,
            "equity": 1202033,
            "current_ratio": 227,
            "debt_ratio": 38.87,
            "inventory_turnover_ratio": 0.7,
            "account_receivable_turnover_ratio": 0.76,
            "reinvestment_rate": 95.18,
            "research_to_sale_ratio": 0.75,
            "price_fair": 114.66,
            "eps_avg_yearly": 3.28,
            "eps_latest_yearly": 1.96,
            "eps_growth_yearly": 109.7
        },
        "20122": {
            "year_quarter": 20122,
            "year": 2012,
            "quarter": 2,
            "eps": 0.44,
            "eps_growth_year": -1.58,
            "eps_4q": 0.45,
            "eps_4q_growth_year": -83.34,
            "roe": 2.64,
            "roe_4q": 2.7099999999999995,
            "gross_profit": 80522,
            "gross_margin": 31,
            "gross_margin_4q_avg": 19.92,
            "net_income": 30965,
            "net_income_4q": null,
            "revenue": 259755,
            "revenue_4q": null,
            "common_shares": 736606,
            "book_valuer_per_share": 16.18,
            "book_valuer_per_share_4q_avg": 16.48,
            "equity": 1142591,
            "current_ratio": 204.61,
            "debt_ratio": 42.47,
            "inventory_turnover_ratio": 0.52,
            "account_receivable_turnover_ratio": 0.79,
            "reinvestment_rate": 114.82,
            "research_to_sale_ratio": 0.88,
            "price_fair": 98.56,
            "eps_avg_yearly": 2.82,
            "eps_latest_yearly": 1.76,
            "eps_growth_yearly": 75.73
        },
        "20123": {
            "year_quarter": 20123,
            "year": 2012,
            "quarter": 3,
            "eps": 0.08,
            "eps_growth_year": -83.12,
            "eps_4q": 0.02,
            "eps_4q_growth_year": -99.15,
            "roe": 0.51,
            "roe_4q": 0.28000000000000025,
            "gross_profit": 52085,
            "gross_margin": 16.01,
            "gross_margin_4q_avg": 18.36,
            "net_income": 5799,
            "net_income_4q": null,
            "revenue": 325283,
            "revenue_4q": null,
            "common_shares": 736606,
            "book_valuer_per_share": 16.24,
            "book_valuer_per_share_4q_avg": 16.29,
            "equity": 1141055,
            "current_ratio": 216,
            "debt_ratio": 40.04,
            "inventory_turnover_ratio": 0.8,
            "account_receivable_turnover_ratio": 0.99,
            "reinvestment_rate": 135.99,
            "research_to_sale_ratio": 0.7,
            "price_fair": 82.6,
            "eps_avg_yearly": 2.36,
            "eps_latest_yearly": 0.32,
            "eps_growth_yearly": 52.32
        },
        "20124": {
            "year_quarter": 20124,
            "year": 2012,
            "quarter": 4,
            "eps": 0.24,
            "eps_growth_year": null,
            "eps_4q": 0.98,
            "eps_4q_growth_year": 8.64,
            "roe": 1.46,
            "roe_4q": 5.890000000000001,
            "gross_profit": 60823,
            "gross_margin": 16.73,
            "gross_margin_4q_avg": 20.94,
            "net_income": 16767,
            "net_income_4q": null,
            "revenue": 363495,
            "revenue_4q": null,
            "common_shares": 736606,
            "book_valuer_per_share": 16.47,
            "book_valuer_per_share_4q_avg": 16.34,
            "equity": 1157077,
            "current_ratio": 225.24,
            "debt_ratio": 38.35,
            "inventory_turnover_ratio": 0.87,
            "account_receivable_turnover_ratio": 1.28,
            "reinvestment_rate": 72.69,
            "research_to_sale_ratio": 0.59,
            "price_fair": 78.15,
            "eps_avg_yearly": 2.23,
            "eps_latest_yearly": 0.96,
            "eps_growth_yearly": 120.29
        },
        "20131": {
            "year_quarter": 20131,
            "year": 2013,
            "quarter": 1,
            "eps": 0.14,
            "eps_growth_year": -33.33,
            "eps_4q": 0.9,
            "eps_4q_growth_year": 97.79,
            "roe": 0.82,
            "roe_4q": 5.43,
            "gross_profit": 57015,
            "gross_margin": 23.66,
            "gross_margin_4q_avg": 21.85,
            "net_income": 9528,
            "net_income_4q": null,
            "revenue": 240927,
            "revenue_4q": null,
            "common_shares": 736606,
            "book_valuer_per_share": 16.47,
            "book_valuer_per_share_4q_avg": 16.34,
            "equity": 1156765,
            "current_ratio": 235.59,
            "debt_ratio": 36.75,
            "inventory_turnover_ratio": 0.51,
            "account_receivable_turnover_ratio": 1.11,
            "reinvestment_rate": 33.62,
            "research_to_sale_ratio": 0.81,
            "price_fair": 73.27,
            "eps_avg_yearly": 2.09,
            "eps_latest_yearly": 0.56,
            "eps_growth_yearly": 96.37
        },
        "20132": {
            "year_quarter": 20132,
            "year": 2013,
            "quarter": 2,
            "eps": -0.13,
            "eps_growth_year": -129.65,
            "eps_4q": 0.33,
            "eps_4q_growth_year": -26.7,
            "roe": -0.81,
            "roe_4q": 1.9799999999999998,
            "gross_profit": 34803,
            "gross_margin": 12.87,
            "gross_margin_4q_avg": 17.32,
            "net_income": -9072,
            "net_income_4q": null,
            "revenue": 270460,
            "revenue_4q": null,
            "common_shares": 736606,
            "book_valuer_per_share": 15.47,
            "book_valuer_per_share_4q_avg": 16.16,
            "equity": 1086632,
            "current_ratio": 210.13,
            "debt_ratio": 40.72,
            "inventory_turnover_ratio": 0.64,
            "account_receivable_turnover_ratio": 1.25,
            "reinvestment_rate": 42.51,
            "research_to_sale_ratio": 0.86,
            "price_fair": 74.33,
            "eps_avg_yearly": 2.12,
            "eps_latest_yearly": 0.56,
            "eps_growth_yearly": 118.31
        },
        "20133": {
            "year_quarter": 20133,
            "year": 2013,
            "quarter": 3,
            "eps": 0,
            "eps_growth_year": -100,
            "eps_4q": 0.25,
            "eps_4q_growth_year": 945.47,
            "roe": 0.01,
            "roe_4q": 1.48,
            "gross_profit": 45851,
            "gross_margin": 15.22,
            "gross_margin_4q_avg": 17.12,
            "net_income": 132,
            "net_income_4q": null,
            "revenue": 301212,
            "revenue_4q": null,
            "common_shares": 736606,
            "book_valuer_per_share": 15.44,
            "book_valuer_per_share_4q_avg": 15.96,
            "equity": 1084742,
            "current_ratio": 233.97,
            "debt_ratio": 36.47,
            "inventory_turnover_ratio": 0.76,
            "account_receivable_turnover_ratio": 1.31,
            "reinvestment_rate": 48.66,
            "research_to_sale_ratio": 0.28,
            "price_fair": 75.74,
            "eps_avg_yearly": 2.16,
            "eps_latest_yearly": 0.56,
            "eps_growth_yearly": 131.05
        },
        "20134": {
            "year_quarter": 20134,
            "year": 2013,
            "quarter": 4,
            "eps": 0.01,
            "eps_growth_year": -95.84,
            "eps_4q": 0.02,
            "eps_4q_growth_year": -98.13,
            "roe": 0.06,
            "roe_4q": 0.07999999999999985,
            "gross_profit": 53207,
            "gross_margin": 16.3,
            "gross_margin_4q_avg": 17.01,
            "net_income": 698,
            "net_income_4q": null,
            "revenue": 326504,
            "revenue_4q": null,
            "common_shares": 736606,
            "book_valuer_per_share": 15.48,
            "book_valuer_per_share_4q_avg": 15.72,
            "equity": 1087412,
            "current_ratio": 217.73,
            "debt_ratio": 39.43,
            "inventory_turnover_ratio": 0.84,
            "account_receivable_turnover_ratio": 1.43,
            "reinvestment_rate": 21.67,
            "research_to_sale_ratio": 1.03,
            "price_fair": 75.74,
            "eps_avg_yearly": 2.16,
            "eps_latest_yearly": 0.56,
            "eps_growth_yearly": 131.05
        },
        "20141": {
            "year_quarter": 20141,
            "year": 2014,
            "quarter": 1,
            "eps": 0.11,
            "eps_growth_year": -21.43,
            "eps_4q": -0,
            "eps_4q_growth_year": -100.26,
            "roe": 0.74,
            "roe_4q": 0,
            "gross_profit": 38706,
            "gross_margin": 11.23,
            "gross_margin_4q_avg": 13.91,
            "net_income": 8078,
            "net_income_4q": null,
            "revenue": 344688,
            "revenue_4q": null,
            "common_shares": 730476,
            "book_valuer_per_share": 15.6,
            "book_valuer_per_share_4q_avg": 15.5,
            "equity": 1096128,
            "current_ratio": 211.61,
            "debt_ratio": 40.63,
            "inventory_turnover_ratio": 0.83,
            "account_receivable_turnover_ratio": 1.48,
            "reinvestment_rate": 22.04,
            "research_to_sale_ratio": 0.63,
            "price_fair": 70.25,
            "eps_avg_yearly": 2.01,
            "eps_latest_yearly": 0.44,
            "eps_growth_yearly": 482.77
        },
        "20142": {
            "year_quarter": 20142,
            "year": 2014,
            "quarter": 2,
            "eps": 0,
            "eps_growth_year": null,
            "eps_4q": 0.12,
            "eps_4q_growth_year": -61.92,
            "roe": 0.02,
            "roe_4q": 0.8300000000000001,
            "gross_profit": 59478,
            "gross_margin": 13.7,
            "gross_margin_4q_avg": 14.11,
            "net_income": 208,
            "net_income_4q": null,
            "revenue": 433995,
            "revenue_4q": null,
            "common_shares": 730476,
            "book_valuer_per_share": 15.7,
            "book_valuer_per_share_4q_avg": 15.56,
            "equity": 1146915,
            "current_ratio": 217.17,
            "debt_ratio": 39.48,
            "inventory_turnover_ratio": 1.01,
            "account_receivable_turnover_ratio": 1.9,
            "reinvestment_rate": 33.85,
            "research_to_sale_ratio": 0.61,
            "price_fair": 62.58,
            "eps_avg_yearly": 1.79,
            "eps_latest_yearly": 0.44,
            "eps_growth_yearly": 502.2
        },
        "20143": {
            "year_quarter": 20143,
            "year": 2014,
            "quarter": 3,
            "eps": 0.2,
            "eps_growth_year": null,
            "eps_4q": 0.32,
            "eps_4q_growth_year": 31.5,
            "roe": 1.28,
            "roe_4q": 2.1,
            "gross_profit": 64612,
            "gross_margin": 13.56,
            "gross_margin_4q_avg": 13.7,
            "net_income": 14745,
            "net_income_4q": null,
            "revenue": 476354,
            "revenue_4q": null,
            "common_shares": 730476,
            "book_valuer_per_share": 15.93,
            "book_valuer_per_share_4q_avg": 15.68,
            "equity": 1163388,
            "current_ratio": 215.16,
            "debt_ratio": 40.22,
            "inventory_turnover_ratio": 1.24,
            "account_receivable_turnover_ratio": 1.78,
            "reinvestment_rate": 41.34,
            "research_to_sale_ratio": 0.36,
            "price_fair": 62.69,
            "eps_avg_yearly": 1.79,
            "eps_latest_yearly": 0.44,
            "eps_growth_yearly": 583.82
        },
        "20144": {
            "year_quarter": 20144,
            "year": 2014,
            "quarter": 4,
            "eps": 0.31,
            "eps_growth_year": 3057.94,
            "eps_4q": 0.63,
            "eps_4q_growth_year": 3336.37,
            "roe": 1.95,
            "roe_4q": 3.99,
            "gross_profit": 91564,
            "gross_margin": 13.95,
            "gross_margin_4q_avg": 13.11,
            "net_income": 22918,
            "net_income_4q": null,
            "revenue": 656506,
            "revenue_4q": null,
            "common_shares": 730476,
            "book_valuer_per_share": 16.26,
            "book_valuer_per_share_4q_avg": 15.87,
            "equity": 1188013,
            "current_ratio": 183.66,
            "debt_ratio": 47.93,
            "inventory_turnover_ratio": 1.69,
            "account_receivable_turnover_ratio": 2.56,
            "reinvestment_rate": 62.5,
            "research_to_sale_ratio": 0.29,
            "price_fair": 46.82,
            "eps_avg_yearly": 1.34,
            "eps_latest_yearly": 1.24,
            "eps_growth_yearly": 518.36
        },
        "20151": {
            "year_quarter": 20151,
            "year": 2015,
            "quarter": 1,
            "eps": 0.29,
            "eps_growth_year": 163.64,
            "eps_4q": 0.81,
            "eps_4q_growth_year": null,
            "roe": 1.8,
            "roe_4q": 5.05,
            "gross_profit": 80659,
            "gross_margin": 16.81,
            "gross_margin_4q_avg": 14.51,
            "net_income": 21505,
            "net_income_4q": null,
            "revenue": 479941,
            "revenue_4q": null,
            "common_shares": 730476,
            "book_valuer_per_share": 16.52,
            "book_valuer_per_share_4q_avg": 16.1,
            "equity": 1207034,
            "current_ratio": 199.12,
            "debt_ratio": 43.44,
            "inventory_turnover_ratio": 1.14,
            "account_receivable_turnover_ratio": 1.98,
            "reinvestment_rate": 79.94,
            "research_to_sale_ratio": 0.39,
            "price_fair": 39.67,
            "eps_avg_yearly": 1.13,
            "eps_latest_yearly": 1.16,
            "eps_growth_yearly": 534.88
        },
        "20152": {
            "year_quarter": 20152,
            "year": 2015,
            "quarter": 2,
            "eps": 0.45,
            "eps_growth_year": null,
            "eps_4q": 1.26,
            "eps_4q_growth_year": 912.06,
            "roe": 2.75,
            "roe_4q": 7.78,
            "gross_profit": 102892,
            "gross_margin": 16.01,
            "gross_margin_4q_avg": 15.08,
            "net_income": 33091,
            "net_income_4q": null,
            "revenue": 642759,
            "revenue_4q": null,
            "common_shares": 730476,
            "book_valuer_per_share": 16.48,
            "book_valuer_per_share_4q_avg": 16.3,
            "equity": 1203810,
            "current_ratio": 190.5,
            "debt_ratio": 48.84,
            "inventory_turnover_ratio": 1.56,
            "account_receivable_turnover_ratio": 1.96,
            "reinvestment_rate": 54.58,
            "research_to_sale_ratio": 0.19,
            "price_fair": 39.67,
            "eps_avg_yearly": 1.13,
            "eps_latest_yearly": 1.8,
            "eps_growth_yearly": 577.18
        },
        "20153": {
            "year_quarter": 20153,
            "year": 2015,
            "quarter": 3,
            "eps": 0.24,
            "eps_growth_year": 20,
            "eps_4q": 1.3,
            "eps_4q_growth_year": 300.09,
            "roe": 1.43,
            "roe_4q": 7.93,
            "gross_profit": 95862,
            "gross_margin": 14.37,
            "gross_margin_4q_avg": 15.29,
            "net_income": 17423,
            "net_income_4q": null,
            "revenue": 667106,
            "revenue_4q": null,
            "common_shares": 730476,
            "book_valuer_per_share": 16.77,
            "book_valuer_per_share_4q_avg": 16.51,
            "equity": 1225117,
            "current_ratio": 169.17,
            "debt_ratio": 55.39,
            "inventory_turnover_ratio": 1.5,
            "account_receivable_turnover_ratio": 1.91,
            "reinvestment_rate": -37.44,
            "research_to_sale_ratio": 0.33,
            "price_fair": 35.78,
            "eps_avg_yearly": 1.02,
            "eps_latest_yearly": 0.96,
            "eps_growth_yearly": 552.49
        },
        "20154": {
            "year_quarter": 20154,
            "year": 2015,
            "quarter": 4,
            "eps": 0.02,
            "eps_growth_year": -94.15,
            "eps_4q": 1,
            "eps_4q_growth_year": 59.65,
            "roe": 0.11,
            "roe_4q": 6.09,
            "gross_profit": 57521,
            "gross_margin": 8.08,
            "gross_margin_4q_avg": 13.82,
            "net_income": 1340,
            "net_income_4q": null,
            "revenue": 711549,
            "revenue_4q": null,
            "common_shares": 730476,
            "book_valuer_per_share": 16.68,
            "book_valuer_per_share_4q_avg": 16.61,
            "equity": 1218205,
            "current_ratio": 153.19,
            "debt_ratio": 61.51,
            "inventory_turnover_ratio": 1.28,
            "account_receivable_turnover_ratio": 2.22,
            "reinvestment_rate": -37.82,
            "research_to_sale_ratio": 0.24,
            "price_fair": 32.48,
            "eps_avg_yearly": 0.93,
            "eps_latest_yearly": 0.08,
            "eps_growth_yearly": 460.57
        },
        "20161": {
            "year_quarter": 20161,
            "year": 2016,
            "quarter": 1,
            "eps": 0.66,
            "eps_growth_year": 127.59,
            "eps_4q": 1.37,
            "eps_4q_growth_year": 69.05,
            "roe": 3.9,
            "roe_4q": 8.19,
            "gross_profit": 118558,
            "gross_margin": 14.8,
            "gross_margin_4q_avg": 13.32,
            "net_income": 48521,
            "net_income_4q": null,
            "revenue": 801320,
            "revenue_4q": null,
            "common_shares": 730476,
            "book_valuer_per_share": 17.35,
            "book_valuer_per_share_4q_avg": 16.82,
            "equity": 1267103,
            "current_ratio": 144.77,
            "debt_ratio": 63.43,
            "inventory_turnover_ratio": 1.16,
            "account_receivable_turnover_ratio": 1.48,
            "reinvestment_rate": -23.43,
            "research_to_sale_ratio": 0.26,
            "price_fair": 37.93,
            "eps_avg_yearly": 1.08,
            "eps_latest_yearly": 2.64,
            "eps_growth_yearly": 1582.34
        },
        "20162": {
            "year_quarter": 20162,
            "year": 2016,
            "quarter": 2,
            "eps": 0.78,
            "eps_growth_year": 73.33,
            "eps_4q": 1.7,
            "eps_4q_growth_year": 34.77,
            "roe": 4.52,
            "roe_4q": 9.959999999999999,
            "gross_profit": 132611,
            "gross_margin": 15.9,
            "gross_margin_4q_avg": 13.29,
            "net_income": 57050,
            "net_income_4q": null,
            "revenue": 834232,
            "revenue_4q": null,
            "common_shares": 730476,
            "book_valuer_per_share": 17.19,
            "book_valuer_per_share_4q_avg": 17,
            "equity": 1255599,
            "current_ratio": 155.48,
            "debt_ratio": 58.88,
            "inventory_turnover_ratio": 1.31,
            "account_receivable_turnover_ratio": 1.41,
            "reinvestment_rate": -36.18,
            "research_to_sale_ratio": 0.26,
            "price_fair": 42.25,
            "eps_avg_yearly": 1.21,
            "eps_latest_yearly": 3.12,
            "eps_growth_yearly": 1549.12
        },
        "20163": {
            "year_quarter": 20163,
            "year": 2016,
            "quarter": 3,
            "eps": 0.54,
            "eps_growth_year": 125,
            "eps_4q": 2,
            "eps_4q_growth_year": 54.12,
            "roe": 3.1,
            "roe_4q": 11.629999999999999,
            "gross_profit": 136878,
            "gross_margin": 17.39,
            "gross_margin_4q_avg": 14.04,
            "net_income": 39409,
            "net_income_4q": null,
            "revenue": 787133,
            "revenue_4q": null,
            "common_shares": 730476,
            "book_valuer_per_share": 17.61,
            "book_valuer_per_share_4q_avg": 17.21,
            "equity": 1286631,
            "current_ratio": 155.25,
            "debt_ratio": 59.78,
            "inventory_turnover_ratio": 1.23,
            "account_receivable_turnover_ratio": 1.64,
            "reinvestment_rate": -30.04,
            "research_to_sale_ratio": 0.27,
            "price_fair": 48.11,
            "eps_avg_yearly": 1.37,
            "eps_latest_yearly": 2.16,
            "eps_growth_yearly": 1567.68
        },
        "20164": {
            "year_quarter": 20164,
            "year": 2016,
            "quarter": 4,
            "eps": 0.57,
            "eps_growth_year": 3010.63,
            "eps_4q": 2.56,
            "eps_4q_growth_year": 154.45,
            "roe": 3.2,
            "roe_4q": 14.72,
            "gross_profit": 116768,
            "gross_margin": 13.58,
            "gross_margin_4q_avg": 15.42,
            "net_income": 41682,
            "net_income_4q": null,
            "revenue": 859631,
            "revenue_4q": null,
            "common_shares": 730476,
            "book_valuer_per_share": 18.08,
            "book_valuer_per_share_4q_avg": 17.56,
            "equity": 1320384,
            "current_ratio": 156.65,
            "debt_ratio": 60.04,
            "inventory_turnover_ratio": 1.47,
            "account_receivable_turnover_ratio": 1.84,
            "reinvestment_rate": -24.63,
            "research_to_sale_ratio": 0.23,
            "price_fair": 52.31,
            "eps_avg_yearly": 1.49,
            "eps_latest_yearly": 2.28,
            "eps_growth_yearly": 1496.98
        },
        "20171": {
            "year_quarter": 20171,
            "year": 2017,
            "quarter": 1,
            "eps": 0.46,
            "eps_growth_year": -30.3,
            "eps_4q": 2.35,
            "eps_4q_growth_year": 70.92,
            "roe": 2.51,
            "roe_4q": 13.33,
            "gross_profit": 131199,
            "gross_margin": 15.39,
            "gross_margin_4q_avg": 15.57,
            "net_income": 33417,
            "net_income_4q": null,
            "revenue": 852558,
            "revenue_4q": null,
            "common_shares": 730476,
            "book_valuer_per_share": 18.37,
            "book_valuer_per_share_4q_avg": 17.81,
            "equity": 1342070,
            "current_ratio": 159.18,
            "debt_ratio": 58.73,
            "inventory_turnover_ratio": 1.57,
            "account_receivable_turnover_ratio": 2.07,
            "reinvestment_rate": 24.01,
            "research_to_sale_ratio": 0.31,
            "price_fair": 56.38,
            "eps_avg_yearly": 1.61,
            "eps_latest_yearly": 1.84,
            "eps_growth_yearly": 1505.11
        },
        "20172": {
            "year_quarter": 20172,
            "year": 2017,
            "quarter": 2,
            "eps": 0.9,
            "eps_growth_year": 15.38,
            "eps_4q": 2.47,
            "eps_4q_growth_year": 45.04,
            "roe": 5.05,
            "roe_4q": 13.86,
            "gross_profit": 141155,
            "gross_margin": 16.22,
            "gross_margin_4q_avg": 15.65,
            "net_income": 65821,
            "net_income_4q": null,
            "revenue": 870169,
            "revenue_4q": null,
            "common_shares": 730476,
            "book_valuer_per_share": 17.35,
            "book_valuer_per_share_4q_avg": 17.85,
            "equity": 1267130,
            "current_ratio": 157.38,
            "debt_ratio": 58.63,
            "inventory_turnover_ratio": 1.77,
            "account_receivable_turnover_ratio": 1.88,
            "reinvestment_rate": 20.56,
            "research_to_sale_ratio": 0.37,
            "price_fair": 62.18,
            "eps_avg_yearly": 1.78,
            "eps_latest_yearly": 3.6,
            "eps_growth_yearly": 1411.57
        },
        "20173": {
            "year_quarter": 20173,
            "year": 2017,
            "quarter": 3,
            "eps": 0.66,
            "eps_growth_year": 22.22,
            "eps_4q": 2.59,
            "eps_4q_growth_year": 29.33,
            "roe": 3.74,
            "roe_4q": 14.5,
            "gross_profit": 117732,
            "gross_margin": 13.69,
            "gross_margin_4q_avg": 14.72,
            "net_income": 48320,
            "net_income_4q": null,
            "revenue": 860042,
            "revenue_4q": null,
            "common_shares": 730476,
            "book_valuer_per_share": 18.06,
            "book_valuer_per_share_4q_avg": 17.97,
            "equity": 1319404,
            "current_ratio": 160.56,
            "debt_ratio": 56.88,
            "inventory_turnover_ratio": 1.9,
            "account_receivable_turnover_ratio": 1.97,
            "reinvestment_rate": 26.53,
            "research_to_sale_ratio": 0.42,
            "price_fair": 64.51,
            "eps_avg_yearly": 1.84,
            "eps_latest_yearly": 2.64,
            "eps_growth_yearly": 1294.78
        },
        "20174": {
            "year_quarter": 20174,
            "year": 2017,
            "quarter": 4,
            "eps": 0.75,
            "eps_growth_year": 32.1,
            "eps_4q": 2.77,
            "eps_4q_growth_year": 8.55,
            "roe": 4.09,
            "roe_4q": 15.389999999999999,
            "gross_profit": 134617,
            "gross_margin": 16.4,
            "gross_margin_4q_avg": 15.43,
            "net_income": 55062,
            "net_income_4q": null,
            "revenue": 820846,
            "revenue_4q": null,
            "common_shares": 730476,
            "book_valuer_per_share": 18.78,
            "book_valuer_per_share_4q_avg": 18.14,
            "equity": 1371915,
            "current_ratio": 160.64,
            "debt_ratio": 56.48,
            "inventory_turnover_ratio": 1.81,
            "account_receivable_turnover_ratio": 1.47,
            "reinvestment_rate": 29.98,
            "research_to_sale_ratio": 0.36,
            "price_fair": 67.4,
            "eps_avg_yearly": 1.93,
            "eps_latest_yearly": 3,
            "eps_growth_yearly": 1206.19
        },
        "20181": {
            "year_quarter": 20181,
            "year": 2018,
            "quarter": 1,
            "eps": 0.73,
            "eps_growth_year": 58.7,
            "eps_4q": 3.05,
            "eps_4q_growth_year": 29.74,
            "roe": 3.81,
            "roe_4q": 16.69,
            "gross_profit": 144706,
            "gross_margin": 16.31,
            "gross_margin_4q_avg": 15.66,
            "net_income": 53382,
            "net_income_4q": null,
            "revenue": 887035,
            "revenue_4q": null,
            "common_shares": 730476,
            "book_valuer_per_share": 19.58,
            "book_valuer_per_share_4q_avg": 18.44,
            "equity": 1430377,
            "current_ratio": 164.54,
            "debt_ratio": 55.31,
            "inventory_turnover_ratio": 1.85,
            "account_receivable_turnover_ratio": 1.45,
            "reinvestment_rate": 27.43,
            "research_to_sale_ratio": 0.28,
            "price_fair": 73.6,
            "eps_avg_yearly": 2.1,
            "eps_latest_yearly": 2.92,
            "eps_growth_yearly": 919.72
        },
        "20182": {
            "year_quarter": 20182,
            "year": 2018,
            "quarter": 2,
            "eps": 1.35,
            "eps_growth_year": 50,
            "eps_4q": 3.5,
            "eps_4q_growth_year": 41.58,
            "roe": 7.1,
            "roe_4q": 18.740000000000002,
            "gross_profit": 178388,
            "gross_margin": 18.08,
            "gross_margin_4q_avg": 16.12,
            "net_income": 98551,
            "net_income_4q": null,
            "revenue": 986801,
            "revenue_4q": null,
            "common_shares": 730476,
            "book_valuer_per_share": 18.43,
            "book_valuer_per_share_4q_avg": 18.71,
            "equity": 1346138,
            "current_ratio": 141.03,
            "debt_ratio": 64.98,
            "inventory_turnover_ratio": 1.54,
            "account_receivable_turnover_ratio": 1.64,
            "reinvestment_rate": 20.23,
            "research_to_sale_ratio": 0.26,
            "price_fair": 81.29,
            "eps_avg_yearly": 2.32,
            "eps_latest_yearly": 5.4,
            "eps_growth_yearly": 881.05
        },
        "20183": {
            "year_quarter": 20183,
            "year": 2018,
            "quarter": 3,
            "eps": 0.63,
            "eps_growth_year": -4.55,
            "eps_4q": 3.47,
            "eps_4q_growth_year": 33.86,
            "roe": 3.4,
            "roe_4q": 18.4,
            "gross_profit": 170962,
            "gross_margin": 17.13,
            "gross_margin_4q_avg": 16.98,
            "net_income": 46320,
            "net_income_4q": null,
            "revenue": 997941,
            "revenue_4q": null,
            "common_shares": 730476,
            "book_valuer_per_share": 18.9,
            "book_valuer_per_share_4q_avg": 18.92,
            "equity": 1380673,
            "current_ratio": 155.86,
            "debt_ratio": 58.96,
            "inventory_turnover_ratio": 1.72,
            "account_receivable_turnover_ratio": 1.58,
            "reinvestment_rate": 17.88,
            "research_to_sale_ratio": 0.4,
            "price_fair": 81.73,
            "eps_avg_yearly": 2.34,
            "eps_latest_yearly": 2.52,
            "eps_growth_yearly": 812.65
        },
        "20184": {
            "year_quarter": 20184,
            "year": 2018,
            "quarter": 4,
            "eps": 0.84,
            "eps_growth_year": 11.93,
            "eps_4q": 3.56,
            "eps_4q_growth_year": 28.26,
            "roe": 4.37,
            "roe_4q": 18.68,
            "gross_profit": 161838,
            "gross_margin": 19.08,
            "gross_margin_4q_avg": 17.65,
            "net_income": 61631,
            "net_income_4q": null,
            "revenue": 848122,
            "revenue_4q": null,
            "common_shares": 730476,
            "book_valuer_per_share": 19.75,
            "book_valuer_per_share_4q_avg": 19.17,
            "equity": 1442548,
            "current_ratio": 165.94,
            "debt_ratio": 54.87,
            "inventory_turnover_ratio": 1.95,
            "account_receivable_turnover_ratio": 1.81,
            "reinvestment_rate": 17.47,
            "research_to_sale_ratio": 0.57,
            "price_fair": 86.36,
            "eps_avg_yearly": 2.47,
            "eps_latest_yearly": 3.36,
            "eps_growth_yearly": 807.24
        },
        "20191": {
            "year_quarter": 20191,
            "year": 2019,
            "quarter": 1,
            "eps": 0.53,
            "eps_growth_year": -27.4,
            "eps_4q": 3.35,
            "eps_4q_growth_year": 10.01,
            "roe": 2.62,
            "roe_4q": 17.490000000000002,
            "gross_profit": 105897,
            "gross_margin": 15.88,
            "gross_margin_4q_avg": 17.54,
            "net_income": 38372,
            "net_income_4q": null,
            "revenue": 666700,
            "revenue_4q": null,
            "common_shares": 730476,
            "book_valuer_per_share": 20.4,
            "book_valuer_per_share_4q_avg": 19.37,
            "equity": 1490140,
            "current_ratio": 167.79,
            "debt_ratio": 54.1,
            "inventory_turnover_ratio": 1.55,
            "account_receivable_turnover_ratio": 1.13,
            "reinvestment_rate": 17.38,
            "research_to_sale_ratio": 0.35,
            "price_fair": 88.46,
            "eps_avg_yearly": 2.53,
            "eps_latest_yearly": 2.12,
            "eps_growth_yearly": 799.62
        },
        "20192": {
            "year_quarter": 20192,
            "year": 2019,
            "quarter": 2,
            "eps": 0.62,
            "eps_growth_year": -54.07,
            "eps_4q": 2.62,
            "eps_4q_growth_year": -25.01,
            "roe": 3.22,
            "roe_4q": 13.610000000000001,
            "gross_profit": 128206,
            "gross_margin": 17.92,
            "gross_margin_4q_avg": 17.5,
            "net_income": 45131,
            "net_income_4q": null,
            "revenue": 715348,
            "revenue_4q": null,
            "common_shares": 730476,
            "book_valuer_per_share": 17.95,
            "book_valuer_per_share_4q_avg": 19.25,
            "equity": 1311388,
            "current_ratio": 151.96,
            "debt_ratio": 58.86,
            "inventory_turnover_ratio": 1.49,
            "account_receivable_turnover_ratio": 1.03,
            "reinvestment_rate": 17.33,
            "research_to_sale_ratio": 0.34,
            "price_fair": 89.95,
            "eps_avg_yearly": 2.57,
            "eps_latest_yearly": 2.48,
            "eps_growth_yearly": 790.07
        },
        "20193": {
            "year_quarter": 20193,
            "year": 2019,
            "quarter": 3,
            "eps": 0.6,
            "eps_growth_year": -4.76,
            "eps_4q": 2.59,
            "eps_4q_growth_year": -25.27,
            "roe": 3.33,
            "roe_4q": 13.540000000000003,
            "gross_profit": 176689,
            "gross_margin": 25.48,
            "gross_margin_4q_avg": 19.59,
            "net_income": 44173,
            "net_income_4q": null,
            "revenue": 693541,
            "revenue_4q": null,
            "common_shares": 730476,
            "book_valuer_per_share": 18.34,
            "book_valuer_per_share_4q_avg": 19.11,
            "equity": 1339379,
            "current_ratio": 161.08,
            "debt_ratio": 55.28,
            "inventory_turnover_ratio": 1.37,
            "account_receivable_turnover_ratio": 1.02,
            "reinvestment_rate": 15.28,
            "research_to_sale_ratio": 0.42,
            "price_fair": 93.1,
            "eps_avg_yearly": 2.66,
            "eps_latest_yearly": 2.4,
            "eps_growth_yearly": 800.94
        },
        "20194": {
            "year_quarter": 20194,
            "year": 2019,
            "quarter": 4,
            "eps": 0.86,
            "eps_growth_year": 2.17,
            "eps_4q": 2.61,
            "eps_4q_growth_year": -26.64,
            "roe": 4.6,
            "roe_4q": 13.77,
            "gross_profit": 140910,
            "gross_margin": 20.78,
            "gross_margin_4q_avg": 20.02,
            "net_income": 62970,
            "net_income_4q": null,
            "revenue": 678178,
            "revenue_4q": null,
            "common_shares": 730476,
            "book_valuer_per_share": 19.1,
            "book_valuer_per_share_4q_avg": 18.95,
            "equity": 1395493,
            "current_ratio": 171.57,
            "debt_ratio": 51.51,
            "inventory_turnover_ratio": 1.54,
            "account_receivable_turnover_ratio": 1.01,
            "reinvestment_rate": 15.83,
            "research_to_sale_ratio": 0.25,
            "price_fair": 100.45,
            "eps_avg_yearly": 2.87,
            "eps_latest_yearly": 3.44,
            "eps_growth_yearly": 834.69
        },
        "20201": {
            "year_quarter": 20201,
            "year": 2020,
            "quarter": 1,
            "eps": 0.42,
            "eps_growth_year": -20.75,
            "eps_4q": 2.51,
            "eps_4q_growth_year": -25.26,
            "roe": 2.25,
            "roe_4q": 13.4,
            "gross_profit": 106335,
            "gross_margin": 17.03,
            "gross_margin_4q_avg": 20.3,
            "net_income": 30387,
            "net_income_4q": null,
            "revenue": 624414,
            "revenue_4q": null,
            "common_shares": 730476,
            "book_valuer_per_share": 17.93,
            "book_valuer_per_share_4q_avg": 18.33,
            "equity": 1307002,
            "current_ratio": 160.52,
            "debt_ratio": 54.79,
            "inventory_turnover_ratio": 1.4,
            "account_receivable_turnover_ratio": 1.26,
            "reinvestment_rate": 13.94,
            "research_to_sale_ratio": 0.61,
            "price_fair": 89.62,
            "eps_avg_yearly": 2.81,
            "eps_latest_yearly": 1.68,
            "eps_growth_yearly": 21.89
        },
        "20202": {
            "year_quarter": 20202,
            "year": 2020,
            "quarter": 2,
            "eps": 0.7,
            "eps_growth_year": 12.9,
            "eps_4q": 2.62,
            "eps_4q_growth_year": 0.07,
            "roe": 3.82,
            "roe_4q": 14,
            "gross_profit": 143732,
            "gross_margin": 19.75,
            "gross_margin_4q_avg": 20.76,
            "net_income": 50088,
            "net_income_4q": null,
            "revenue": 727704,
            "revenue_4q": null,
            "common_shares": 730476,
            "book_valuer_per_share": 18.38,
            "book_valuer_per_share_4q_avg": 18.44,
            "equity": 1314482,
            "current_ratio": 158.42,
            "debt_ratio": 55.61,
            "inventory_turnover_ratio": 1.48,
            "account_receivable_turnover_ratio": 1.62,
            "reinvestment_rate": 15.17,
            "research_to_sale_ratio": 0.84,
            "price_fair": 97.65,
            "eps_avg_yearly": 2.79,
            "eps_latest_yearly": 2.8,
            "eps_growth_yearly": 34.02
        },
        "20203": {
            "year_quarter": 20203,
            "year": 2020,
            "quarter": 3,
            "eps": 0.8,
            "eps_growth_year": 33.33,
            "eps_4q": 2.81,
            "eps_4q_growth_year": 8.25,
            "roe": 4.25,
            "roe_4q": 14.92,
            "gross_profit": 133394,
            "gross_margin": 18.46,
            "gross_margin_4q_avg": 19.01,
            "net_income": 57238,
            "net_income_4q": null,
            "revenue": 722677,
            "revenue_4q": null,
            "common_shares": 730476,
            "book_valuer_per_share": 19.28,
            "book_valuer_per_share_4q_avg": 18.67,
            "equity": 1379323,
            "current_ratio": 168.11,
            "debt_ratio": 52.58,
            "inventory_turnover_ratio": 1.48,
            "account_receivable_turnover_ratio": 1.52,
            "reinvestment_rate": 15.61,
            "research_to_sale_ratio": 0.2,
            "price_fair": 99.93,
            "eps_avg_yearly": 2.86,
            "eps_latest_yearly": 3.2,
            "eps_growth_yearly": 45.28
        },
        "20204": {
            "year_quarter": 20204,
            "year": 2020,
            "quarter": 4,
            "eps": 1.03,
            "eps_growth_year": 19.77,
            "eps_4q": 2.96,
            "eps_4q_growth_year": 13.32,
            "roe": 5.2,
            "roe_4q": 15.52,
            "gross_profit": 142115,
            "gross_margin": 18.38,
            "gross_margin_4q_avg": 18.41,
            "net_income": 73858,
            "net_income_4q": null,
            "revenue": 773034,
            "revenue_4q": null,
            "common_shares": 730476,
            "book_valuer_per_share": 20.44,
            "book_valuer_per_share_4q_avg": 19.01,
            "equity": 1462230,
            "current_ratio": 171.71,
            "debt_ratio": 52.03,
            "inventory_turnover_ratio": 1.72,
            "account_receivable_turnover_ratio": 1.62,
            "reinvestment_rate": 15.13,
            "research_to_sale_ratio": 0.42,
            "price_fair": 103.95,
            "eps_avg_yearly": 2.97,
            "eps_latest_yearly": 4.12,
            "eps_growth_yearly": 51.08
        },
        "20211": {
            "year_quarter": 20211,
            "year": 2021,
            "quarter": 1,
            "eps": 0.75,
            "eps_growth_year": 78.57,
            "eps_4q": 3.28,
            "eps_4q_growth_year": 30.87,
            "roe": 3.84,
            "roe_4q": 17.11,
            "gross_profit": 127134,
            "gross_margin": 17.84,
            "gross_margin_4q_avg": 18.61,
            "net_income": 53359,
            "net_income_4q": null,
            "revenue": 712542,
            "revenue_4q": null,
            "common_shares": 730476,
            "book_valuer_per_share": 18.43,
            "book_valuer_per_share_4q_avg": 19.13,
            "equity": 1318397,
            "current_ratio": 157.26,
            "debt_ratio": 56.92,
            "inventory_turnover_ratio": 1.76,
            "account_receivable_turnover_ratio": 1.3,
            "reinvestment_rate": 13.42,
            "research_to_sale_ratio": 0.37,
            "price_fair": 106.49,
            "eps_avg_yearly": 3.04,
            "eps_latest_yearly": 3,
            "eps_growth_yearly": 49.11
        },
        "20212": {
            "year_quarter": 20212,
            "year": 2021,
            "quarter": 2,
            "eps": 1.2,
            "eps_growth_year": 71.43,
            "eps_4q": 3.77,
            "eps_4q_growth_year": 43.91,
            "roe": 6.3,
            "roe_4q": 19.59,
            "gross_profit": 189373,
            "gross_margin": 22.93,
            "gross_margin_4q_avg": 19.4,
            "net_income": 85551,
            "net_income_4q": null,
            "revenue": 825974,
            "revenue_4q": null,
            "common_shares": 730476,
            "book_valuer_per_share": 19.56,
            "book_valuer_per_share_4q_avg": 19.43,
            "equity": 1399270,
            "current_ratio": 156.67,
            "debt_ratio": 57.57,
            "inventory_turnover_ratio": 1.87,
            "account_receivable_turnover_ratio": 1.3,
            "reinvestment_rate": 10.98,
            "research_to_sale_ratio": 0.36,
            "price_fair": 109.11,
            "eps_avg_yearly": 3.12,
            "eps_latest_yearly": 4.8,
            "eps_growth_yearly": 40.19
        },
        "20213": {
            "year_quarter": 20213,
            "year": 2021,
            "quarter": 3,
            "eps": 1.08,
            "eps_growth_year": 35,
            "eps_4q": 4.06,
            "eps_4q_growth_year": 44.67,
            "roe": 5.39,
            "roe_4q": 20.73,
            "gross_profit": 179281,
            "gross_margin": 20.29,
            "gross_margin_4q_avg": 19.86,
            "net_income": 77554,
            "net_income_4q": null,
            "revenue": 883678,
            "revenue_4q": null,
            "common_shares": 730476,
            "book_valuer_per_share": 20.63,
            "book_valuer_per_share_4q_avg": 19.77,
            "equity": 1475951,
            "current_ratio": 154.6,
            "debt_ratio": 58.94,
            "inventory_turnover_ratio": 1.5,
            "account_receivable_turnover_ratio": 1.53,
            "reinvestment_rate": 6.46,
            "research_to_sale_ratio": 0.38,
            "price_fair": 112.79,
            "eps_avg_yearly": 3.22,
            "eps_latest_yearly": 4.32,
            "eps_growth_yearly": 44.36
        },
        "20214": {
            "year_quarter": 20214,
            "year": 2021,
            "quarter": 4,
            "eps": 0.89,
            "eps_growth_year": -14.17,
            "eps_4q": 3.85,
            "eps_4q_growth_year": 30.16,
            "roe": 4.2,
            "roe_4q": 19.73,
            "gross_profit": 181095,
            "gross_margin": 17.94,
            "gross_margin_4q_avg": 19.75,
            "net_income": 64730,
            "net_income_4q": null,
            "revenue": 1009410,
            "revenue_4q": null,
            "common_shares": 730476,
            "book_valuer_per_share": 22.02,
            "book_valuer_per_share_4q_avg": 20.16,
            "equity": 1608303,
            "current_ratio": 158.45,
            "debt_ratio": 58.24,
            "inventory_turnover_ratio": 1.51,
            "account_receivable_turnover_ratio": 1.83,
            "reinvestment_rate": 2.07,
            "research_to_sale_ratio": 0.42,
            "price_fair": 114.01,
            "eps_avg_yearly": 3.26,
            "eps_latest_yearly": 3.56,
            "eps_growth_yearly": 36.55
        },
        "20221": {
            "year_quarter": 20221,
            "year": 2022,
            "quarter": 1,
            "eps": 1.19,
            "eps_growth_year": 58.67,
            "eps_4q": 4.31,
            "eps_4q_growth_year": 31.45,
            "roe": 5.6,
            "roe_4q": 21.490000000000002,
            "gross_profit": 188740,
            "gross_margin": 18.43,
            "gross_margin_4q_avg": 19.9,
            "net_income": 86992,
            "net_income_4q": null,
            "revenue": 1023959,
            "revenue_4q": null,
            "common_shares": 730476,
            "book_valuer_per_share": 20.48,
            "book_valuer_per_share_4q_avg": 20.67,
            "equity": 1496020,
            "current_ratio": 140.27,
            "debt_ratio": 62.6,
            "inventory_turnover_ratio": 1.46,
            "account_receivable_turnover_ratio": 1.44,
            "reinvestment_rate": 17.39,
            "research_to_sale_ratio": 0.41,
            "price_fair": 118.04,
            "eps_avg_yearly": 3.37,
            "eps_latest_yearly": 4.76,
            "eps_growth_yearly": 45.65
        },
        "20222": {
            "year_quarter": 20222,
            "year": 2022,
            "quarter": 2,
            "eps": 1,
            "eps_growth_year": -16.67,
            "eps_4q": 4.14,
            "eps_4q_growth_year": 9.71,
            "roe": 4.79,
            "roe_4q": 19.98,
            "gross_profit": 174728,
            "gross_margin": 14.72,
            "gross_margin_4q_avg": 17.85,
            "net_income": 73213,
            "net_income_4q": null,
            "revenue": 1186980,
            "revenue_4q": null,
            "common_shares": 730476,
            "book_valuer_per_share": 21.38,
            "book_valuer_per_share_4q_avg": 21.13,
            "equity": 1561802,
            "current_ratio": 136.26,
            "debt_ratio": 65.08,
            "inventory_turnover_ratio": 1.53,
            "account_receivable_turnover_ratio": 1.22,
            "reinvestment_rate": 19.84,
            "research_to_sale_ratio": 0.38,
            "price_fair": 99.94,
            "eps_avg_yearly": 3.29,
            "eps_latest_yearly": 4,
            "eps_growth_yearly": 20.42
        },
        "20223": {
            "year_quarter": 20223,
            "year": 2022,
            "quarter": 3,
            "eps": 1.83,
            "eps_growth_year": 69.44,
            "eps_4q": 4.9,
            "eps_4q_growth_year": 20.85,
            "roe": 8.17,
            "roe_4q": 22.76,
            "gross_profit": 233016,
            "gross_margin": 16.48,
            "gross_margin_4q_avg": 16.89,
            "net_income": 133337,
            "net_income_4q": null,
            "revenue": 1413748,
            "revenue_4q": null,
            "common_shares": 730476,
            "book_valuer_per_share": 23.29,
            "book_valuer_per_share_4q_avg": 21.79,
            "equity": 1701201,
            "current_ratio": 127.91,
            "debt_ratio": 71.29,
            "inventory_turnover_ratio": 1.49,
            "account_receivable_turnover_ratio": 0.83,
            "reinvestment_rate": 19.35,
            "research_to_sale_ratio": 0.14,
            "price_fair": 125.48,
            "eps_avg_yearly": 3.59,
            "eps_latest_yearly": 7.32,
            "eps_growth_yearly": 54.51
        },
        "20224": {
            "year_quarter": 20224,
            "year": 2022,
            "quarter": 4,
            "eps": 1.26,
            "eps_growth_year": 42.38,
            "eps_4q": 5.28,
            "eps_4q_growth_year": 37.17,
            "roe": 5.29,
            "roe_4q": 23.85,
            "gross_profit": 234789,
            "gross_margin": 20.36,
            "gross_margin_4q_avg": 17.5,
            "net_income": 92165,
            "net_income_4q": null,
            "revenue": 1152937,
            "revenue_4q": null,
            "common_shares": 730476,
            "book_valuer_per_share": 24.42,
            "book_valuer_per_share_4q_avg": 22.39,
            "equity": 1783812,
            "current_ratio": 129,
            "debt_ratio": 71.1,
            "inventory_turnover_ratio": 0.96,
            "account_receivable_turnover_ratio": 0.78,
            "reinvestment_rate": 17.41,
            "research_to_sale_ratio": 0.5,
            "price_fair": 129.15,
            "eps_avg_yearly": 3.69,
            "eps_latest_yearly": 5.04,
            "eps_growth_yearly": 38.39
        },
        "20231": {
            "year_quarter": 20231,
            "year": 2023,
            "quarter": 1,
            "eps": 0.75,
            "eps_growth_year": -36.97,
            "eps_4q": 4.84,
            "eps_4q_growth_year": 12.32,
            "roe": 3.31,
            "roe_4q": 21.56,
            "gross_profit": 193190,
            "gross_margin": 20.53,
            "gross_margin_4q_avg": 18.02,
            "net_income": 54897,
            "net_income_4q": null,
            "revenue": 941112,
            "revenue_4q": null,
            "common_shares": 730476,
            "book_valuer_per_share": 21.01,
            "book_valuer_per_share_4q_avg": 22.53,
            "equity": 1535001,
            "current_ratio": 121.38,
            "debt_ratio": 75.71,
            "inventory_turnover_ratio": 0.66,
            "account_receivable_turnover_ratio": 1.38,
            "reinvestment_rate": 15.74,
            "research_to_sale_ratio": 0.41,
            "price_fair": 131.08,
            "eps_avg_yearly": 3.75,
            "eps_latest_yearly": 3,
            "eps_growth_yearly": 37.49
        },
        "20232": {
            "year_quarter": 20232,
            "year": 2023,
            "quarter": 2,
            "eps": 1.6,
            "eps_growth_year": 60,
            "eps_4q": 5.44,
            "eps_4q_growth_year": 31.27,
            "roe": 7.36,
            "roe_4q": 24.130000000000003,
            "gross_profit": 225878,
            "gross_margin": 21.44,
            "gross_margin_4q_avg": 19.7,
            "net_income": 116685,
            "net_income_4q": null,
            "revenue": 1053552,
            "revenue_4q": null,
            "common_shares": 730476,
            "book_valuer_per_share": 22.38,
            "book_valuer_per_share_4q_avg": 22.78,
            "equity": 1634611,
            "current_ratio": 127.56,
            "debt_ratio": 71.66,
            "inventory_turnover_ratio": 0.7,
            "account_receivable_turnover_ratio": 1.59,
            "reinvestment_rate": 14.85,
            "research_to_sale_ratio": 0.46,
            "price_fair": 139.65,
            "eps_avg_yearly": 3.99,
            "eps_latest_yearly": 6.4,
            "eps_growth_yearly": 61.58
        },
        "20233": {
            "year_quarter": 20233,
            "year": 2023,
            "quarter": 3,
            "eps": 1.55,
            "eps_growth_year": -15.3,
            "eps_4q": 5.16,
            "eps_4q_growth_year": 5.27,
            "roe": 6.67,
            "roe_4q": 22.63,
            "gross_profit": 237173,
            "gross_margin": 21.91,
            "gross_margin_4q_avg": 21.06,
            "net_income": 113404,
            "net_income_4q": null,
            "revenue": 1082376,
            "revenue_4q": null,
            "common_shares": 730476,
            "book_valuer_per_share": 24.2,
            "book_valuer_per_share_4q_avg": 23,
            "equity": 1767773,
            "current_ratio": 133.2,
            "debt_ratio": 67.83,
            "inventory_turnover_ratio": 0.73,
            "account_receivable_turnover_ratio": 1.76,
            "reinvestment_rate": 19.16,
            "research_to_sale_ratio": 0.47,
            "price_fair": 147.96,
            "eps_avg_yearly": 4.23,
            "eps_latest_yearly": 6.2,
            "eps_growth_yearly": 61.61
        }
    },
    "months": {
        "2004-12": {
            "month": "2004-12",
            "price": "16.50",
            "revenue": 134199
        },
        "2005-01": {
            "month": "2005-01",
            "price": "15.50",
            "revenue": 87115
        },
        "2005-03": {
            "month": "2005-03",
            "price": "15.57",
            "revenue": 114772
        },
        "2005-04": {
            "month": "2005-04",
            "price": "15.36",
            "revenue": 89971
        },
        "2005-05": {
            "month": "2005-05",
            "price": "16.13",
            "revenue": 89764
        },
        "2005-06": {
            "month": "2005-06",
            "price": "16.83",
            "revenue": 46756
        },
        "2005-07": {
            "month": "2005-07",
            "price": "15.19",
            "revenue": 57153
        },
        "2005-08": {
            "month": "2005-08",
            "price": "14.59",
            "revenue": 62700
        },
        "2005-09": {
            "month": "2005-09",
            "price": "12.33",
            "revenue": 85537
        },
        "2005-10": {
            "month": "2005-10",
            "price": "12.20",
            "revenue": 73314
        },
        "2005-11": {
            "month": "2005-11",
            "price": "12.00",
            "revenue": 140763
        },
        "2005-12": {
            "month": "2005-12",
            "price": "12.38",
            "revenue": 284430
        },
        "2006-01": {
            "month": "2006-01",
            "price": "14.90",
            "revenue": 182791
        },
        "2006-02": {
            "month": "2006-02",
            "price": "16.51",
            "revenue": 126894
        },
        "2006-03": {
            "month": "2006-03",
            "price": "22.44",
            "revenue": 166546
        },
        "2006-04": {
            "month": "2006-04",
            "price": "26.55",
            "revenue": 157117
        },
        "2006-05": {
            "month": "2006-05",
            "price": "27.65",
            "revenue": 137086
        },
        "2006-06": {
            "month": "2006-06",
            "price": "28.07",
            "revenue": 146145
        },
        "2006-07": {
            "month": "2006-07",
            "price": "27.65",
            "revenue": 112379
        },
        "2006-08": {
            "month": "2006-08",
            "price": "29.44",
            "revenue": 126268
        },
        "2006-09": {
            "month": "2006-09",
            "price": "30.75",
            "revenue": 181346
        },
        "2006-10": {
            "month": "2006-10",
            "price": "30.73",
            "revenue": 192087
        },
        "2006-11": {
            "month": "2006-11",
            "price": "32.30",
            "revenue": 141278
        },
        "2006-12": {
            "month": "2006-12",
            "price": "38.21",
            "revenue": 256016
        },
        "2007-01": {
            "month": "2007-01",
            "price": "45.20",
            "revenue": 196087
        },
        "2007-02": {
            "month": "2007-02",
            "price": "45.51",
            "revenue": 205172
        },
        "2007-03": {
            "month": "2007-03",
            "price": "45.98",
            "revenue": 205444
        },
        "2007-04": {
            "month": "2007-04",
            "price": "47.79",
            "revenue": 174924
        },
        "2007-05": {
            "month": "2007-05",
            "price": "53.46",
            "revenue": 302209
        },
        "2007-06": {
            "month": "2007-06",
            "price": "58.40",
            "revenue": 161298
        },
        "2007-07": {
            "month": "2007-07",
            "price": "66.86",
            "revenue": 202432
        },
        "2007-08": {
            "month": "2007-08",
            "price": "57.42",
            "revenue": 141159
        },
        "2007-09": {
            "month": "2007-09",
            "price": "57.52",
            "revenue": 224468
        },
        "2007-10": {
            "month": "2007-10",
            "price": "53.58",
            "revenue": 155336
        },
        "2007-11": {
            "month": "2007-11",
            "price": "44.60",
            "revenue": 150045
        },
        "2007-12": {
            "month": "2007-12",
            "price": "42.79",
            "revenue": 171275
        },
        "2008-01": {
            "month": "2008-01",
            "price": "40.35",
            "revenue": 115506
        },
        "2008-02": {
            "month": "2008-02",
            "price": "35.36",
            "revenue": 189751
        },
        "2008-03": {
            "month": "2008-03",
            "price": "39.44",
            "revenue": 129816
        },
        "2008-04": {
            "month": "2008-04",
            "price": "41.46",
            "revenue": 149481
        },
        "2008-05": {
            "month": "2008-05",
            "price": "39.00",
            "revenue": 208794
        },
        "2008-06": {
            "month": "2008-06",
            "price": "35.30",
            "revenue": 213327
        },
        "2008-07": {
            "month": "2008-07",
            "price": "30.73",
            "revenue": 265507
        },
        "2008-08": {
            "month": "2008-08",
            "price": "24.98",
            "revenue": 240282
        },
        "2008-09": {
            "month": "2008-09",
            "price": "19.70",
            "revenue": 197715
        },
        "2008-10": {
            "month": "2008-10",
            "price": "15.01",
            "revenue": 123707
        },
        "2008-11": {
            "month": "2008-11",
            "price": "9.55",
            "revenue": 106953
        },
        "2008-12": {
            "month": "2008-12",
            "price": "8.87",
            "revenue": 80096
        },
        "2009-01": {
            "month": "2009-01",
            "price": "8.40",
            "revenue": 87741
        },
        "2009-02": {
            "month": "2009-02",
            "price": "8.18",
            "revenue": 83624
        },
        "2009-03": {
            "month": "2009-03",
            "price": "10.07",
            "revenue": 108137
        },
        "2009-04": {
            "month": "2009-04",
            "price": "11.18",
            "revenue": 44464
        },
        "2009-05": {
            "month": "2009-05",
            "price": "14.04",
            "revenue": 31381
        },
        "2009-06": {
            "month": "2009-06",
            "price": "12.63",
            "revenue": 32980
        },
        "2009-07": {
            "month": "2009-07",
            "price": "13.17",
            "revenue": 32670
        },
        "2009-08": {
            "month": "2009-08",
            "price": "13.42",
            "revenue": 44420
        },
        "2009-09": {
            "month": "2009-09",
            "price": "15.92",
            "revenue": 64400
        },
        "2009-10": {
            "month": "2009-10",
            "price": "21.43",
            "revenue": 66959
        },
        "2009-11": {
            "month": "2009-11",
            "price": "23.45",
            "revenue": 70799
        },
        "2009-12": {
            "month": "2009-12",
            "price": "27.40",
            "revenue": 92596
        },
        "2010-01": {
            "month": "2010-01",
            "price": "28.72",
            "revenue": 58144
        },
        "2010-02": {
            "month": "2010-02",
            "price": "26.80",
            "revenue": 76472
        },
        "2010-03": {
            "month": "2010-03",
            "price": "28.41",
            "revenue": 109915
        },
        "2010-04": {
            "month": "2010-04",
            "price": "28.40",
            "revenue": 207807
        },
        "2010-05": {
            "month": "2010-05",
            "price": "28.31",
            "revenue": 221738
        },
        "2010-06": {
            "month": "2010-06",
            "price": "28.81",
            "revenue": 193059
        },
        "2010-07": {
            "month": "2010-07",
            "price": "30.56",
            "revenue": 305064
        },
        "2010-08": {
            "month": "2010-08",
            "price": "30.77",
            "revenue": 175627
        },
        "2010-09": {
            "month": "2010-09",
            "price": "28.21",
            "revenue": 209163
        },
        "2010-10": {
            "month": "2010-10",
            "price": "27.48",
            "revenue": 167673
        },
        "2010-11": {
            "month": "2010-11",
            "price": "23.20",
            "revenue": 201272
        },
        "2010-12": {
            "month": "2010-12",
            "price": "24.42",
            "revenue": 183228
        },
        "2011-01": {
            "month": "2011-01",
            "price": "25.04",
            "revenue": 165120
        },
        "2011-02": {
            "month": "2011-02",
            "price": "24.61",
            "revenue": 170372
        },
        "2011-03": {
            "month": "2011-03",
            "price": "24.92",
            "revenue": 202823
        },
        "2011-04": {
            "month": "2011-04",
            "price": "26.82",
            "revenue": 210618
        },
        "2011-05": {
            "month": "2011-05",
            "price": "28.12",
            "revenue": 158961
        },
        "2011-06": {
            "month": "2011-06",
            "price": "27.22",
            "revenue": 85517
        },
        "2011-07": {
            "month": "2011-07",
            "price": "25.20",
            "revenue": 93278
        },
        "2011-08": {
            "month": "2011-08",
            "price": "20.54",
            "revenue": 85392
        },
        "2011-09": {
            "month": "2011-09",
            "price": "16.68",
            "revenue": 80233
        },
        "2011-10": {
            "month": "2011-10",
            "price": "15.35",
            "revenue": 89513
        },
        "2011-11": {
            "month": "2011-11",
            "price": "14.75",
            "revenue": 93292
        },
        "2011-12": {
            "month": "2011-12",
            "price": "12.85",
            "revenue": 81908
        },
        "2012-01": {
            "month": "2012-01",
            "price": "13.15",
            "revenue": 61229
        },
        "2012-02": {
            "month": "2012-02",
            "price": "16.08",
            "revenue": 66915
        },
        "2012-03": {
            "month": "2012-03",
            "price": "15.91",
            "revenue": 83828
        },
        "2012-04": {
            "month": "2012-04",
            "price": "13.07",
            "revenue": 63155
        },
        "2012-05": {
            "month": "2012-05",
            "price": "13.15",
            "revenue": 90085
        },
        "2012-06": {
            "month": "2012-06",
            "price": "13.79",
            "revenue": 81208
        },
        "2012-07": {
            "month": "2012-07",
            "price": "13.37",
            "revenue": 61018
        },
        "2012-08": {
            "month": "2012-08",
            "price": "12.94",
            "revenue": 106165
        },
        "2012-09": {
            "month": "2012-09",
            "price": "13.30",
            "revenue": 119858
        },
        "2012-10": {
            "month": "2012-10",
            "price": "13.78",
            "revenue": 100277
        },
        "2012-11": {
            "month": "2012-11",
            "price": "11.96",
            "revenue": 120738
        },
        "2012-12": {
            "month": "2012-12",
            "price": "12.46",
            "revenue": 99365
        },
        "2013-01": {
            "month": "2013-01",
            "price": "12.49",
            "revenue": 76979
        },
        "2013-02": {
            "month": "2013-02",
            "price": "12.30",
            "revenue": 74681
        },
        "2013-03": {
            "month": "2013-03",
            "price": "12.55",
            "revenue": 89267
        },
        "2013-04": {
            "month": "2013-04",
            "price": "13.07",
            "revenue": 90673
        },
        "2013-05": {
            "month": "2013-05",
            "price": "13.92",
            "revenue": 102670
        },
        "2013-06": {
            "month": "2013-06",
            "price": "13.57",
            "revenue": 77117
        },
        "2013-07": {
            "month": "2013-07",
            "price": "13.33",
            "revenue": 94079
        },
        "2013-08": {
            "month": "2013-08",
            "price": "12.10",
            "revenue": 91929
        },
        "2013-09": {
            "month": "2013-09",
            "price": "11.67",
            "revenue": 115204
        },
        "2013-10": {
            "month": "2013-10",
            "price": "11.93",
            "revenue": 88566
        },
        "2013-11": {
            "month": "2013-11",
            "price": "11.27",
            "revenue": 110913
        },
        "2013-12": {
            "month": "2013-12",
            "price": "11.18",
            "revenue": 127025
        },
        "2014-01": {
            "month": "2014-01",
            "price": "11.80",
            "revenue": 98287
        },
        "2014-02": {
            "month": "2014-02",
            "price": "11.97",
            "revenue": 116233
        },
        "2014-03": {
            "month": "2014-03",
            "price": "17.27",
            "revenue": 130168
        },
        "2014-04": {
            "month": "2014-04",
            "price": "18.98",
            "revenue": 135268
        },
        "2014-05": {
            "month": "2014-05",
            "price": "18.14",
            "revenue": 134103
        },
        "2014-06": {
            "month": "2014-06",
            "price": "16.22",
            "revenue": 164624
        },
        "2014-07": {
            "month": "2014-07",
            "price": "17.12",
            "revenue": 158844
        },
        "2014-08": {
            "month": "2014-08",
            "price": "16.46",
            "revenue": 159149
        },
        "2014-09": {
            "month": "2014-09",
            "price": "15.95",
            "revenue": 158361
        },
        "2014-10": {
            "month": "2014-10",
            "price": "14.37",
            "revenue": 202997
        },
        "2014-11": {
            "month": "2014-11",
            "price": "14.34",
            "revenue": 211676
        },
        "2014-12": {
            "month": "2014-12",
            "price": "15.37",
            "revenue": 241833
        },
        "2015-01": {
            "month": "2015-01",
            "price": "17.08",
            "revenue": 155573
        },
        "2015-02": {
            "month": "2015-02",
            "price": "16.64",
            "revenue": 131448
        },
        "2015-03": {
            "month": "2015-03",
            "price": "15.78",
            "revenue": 192920
        },
        "2015-04": {
            "month": "2015-04",
            "price": "15.24",
            "revenue": 210240
        },
        "2015-05": {
            "month": "2015-05",
            "price": "14.94",
            "revenue": 203432
        },
        "2015-06": {
            "month": "2015-06",
            "price": "13.60",
            "revenue": 229087
        },
        "2015-07": {
            "month": "2015-07",
            "price": "13.36",
            "revenue": 257070
        },
        "2015-08": {
            "month": "2015-08",
            "price": "12.71",
            "revenue": 218274
        },
        "2015-09": {
            "month": "2015-09",
            "price": "13.28",
            "revenue": 191762
        },
        "2015-10": {
            "month": "2015-10",
            "price": "14.41",
            "revenue": 214048
        },
        "2015-11": {
            "month": "2015-11",
            "price": "14.11",
            "revenue": 220186
        },
        "2015-12": {
            "month": "2015-12",
            "price": "13.51",
            "revenue": 277315
        },
        "2016-01": {
            "month": "2016-01",
            "price": "13.07",
            "revenue": 281713
        },
        "2016-02": {
            "month": "2016-02",
            "price": "14.02",
            "revenue": 244929
        },
        "2016-03": {
            "month": "2016-03",
            "price": "15.73",
            "revenue": 274678
        },
        "2016-04": {
            "month": "2016-04",
            "price": "15.44",
            "revenue": 285025
        },
        "2016-05": {
            "month": "2016-05",
            "price": "16.52",
            "revenue": 267664
        },
        "2016-06": {
            "month": "2016-06",
            "price": "17.86",
            "revenue": 281543
        },
        "2016-07": {
            "month": "2016-07",
            "price": "19.39",
            "revenue": 253583
        },
        "2016-08": {
            "month": "2016-08",
            "price": "22.52",
            "revenue": 255582
        },
        "2016-09": {
            "month": "2016-09",
            "price": "21.94",
            "revenue": 277968
        },
        "2016-10": {
            "month": "2016-10",
            "price": "22.80",
            "revenue": 282011
        },
        "2016-11": {
            "month": "2016-11",
            "price": "21.91",
            "revenue": 270931
        },
        "2016-12": {
            "month": "2016-12",
            "price": "22.65",
            "revenue": 306689
        },
        "2017-01": {
            "month": "2017-01",
            "price": "23.25",
            "revenue": 300420
        },
        "2017-02": {
            "month": "2017-02",
            "price": "24.79",
            "revenue": 256931
        },
        "2017-03": {
            "month": "2017-03",
            "price": "26.46",
            "revenue": 295207
        },
        "2017-04": {
            "month": "2017-04",
            "price": "24.91",
            "revenue": 287212
        },
        "2017-05": {
            "month": "2017-05",
            "price": "24.24",
            "revenue": 297913
        },
        "2017-06": {
            "month": "2017-06",
            "price": "24.82",
            "revenue": 285044
        },
        "2017-07": {
            "month": "2017-07",
            "price": "24.85",
            "revenue": 290246
        },
        "2017-08": {
            "month": "2017-08",
            "price": "24.50",
            "revenue": 291961
        },
        "2017-09": {
            "month": "2017-09",
            "price": "25.35",
            "revenue": 277835
        },
        "2017-10": {
            "month": "2017-10",
            "price": "25.32",
            "revenue": 265142
        },
        "2017-11": {
            "month": "2017-11",
            "price": "24.58",
            "revenue": 265792
        },
        "2017-12": {
            "month": "2017-12",
            "price": "23.83",
            "revenue": 289912
        },
        "2018-01": {
            "month": "2018-01",
            "price": "24.15",
            "revenue": 298433
        },
        "2018-02": {
            "month": "2018-02",
            "price": "23.60",
            "revenue": 265580
        },
        "2018-03": {
            "month": "2018-03",
            "price": "25.20",
            "revenue": 323022
        },
        "2018-04": {
            "month": "2018-04",
            "price": "28.07",
            "revenue": 331663
        },
        "2018-05": {
            "month": "2018-05",
            "price": "31.28",
            "revenue": 314221
        },
        "2018-06": {
            "month": "2018-06",
            "price": "32.33",
            "revenue": 340917
        },
        "2018-07": {
            "month": "2018-07",
            "price": "31.35",
            "revenue": 328219
        },
        "2018-08": {
            "month": "2018-08",
            "price": "31.61",
            "revenue": 337429
        },
        "2018-09": {
            "month": "2018-09",
            "price": "30.23",
            "revenue": 332293
        },
        "2018-10": {
            "month": "2018-10",
            "price": "29.21",
            "revenue": 304963
        },
        "2018-11": {
            "month": "2018-11",
            "price": "27.98",
            "revenue": 290106
        },
        "2018-12": {
            "month": "2018-12",
            "price": "28.54",
            "revenue": 253053
        },
        "2019-01": {
            "month": "2019-01",
            "price": "29.45",
            "revenue": 233083
        },
        "2019-02": {
            "month": "2019-02",
            "price": "29.26",
            "revenue": 204796
        },
        "2019-03": {
            "month": "2019-03",
            "price": "30.42",
            "revenue": 228821
        },
        "2019-04": {
            "month": "2019-04",
            "price": "31.40",
            "revenue": 236804
        },
        "2019-05": {
            "month": "2019-05",
            "price": "31.10",
            "revenue": 235328
        },
        "2019-06": {
            "month": "2019-06",
            "price": "30.78",
            "revenue": 243216
        },
        "2019-07": {
            "month": "2019-07",
            "price": "31.78",
            "revenue": 233391
        },
        "2019-08": {
            "month": "2019-08",
            "price": "27.53",
            "revenue": 222360
        },
        "2019-09": {
            "month": "2019-09",
            "price": "27.27",
            "revenue": 237790
        },
        "2019-10": {
            "month": "2019-10",
            "price": "27.93",
            "revenue": 224167
        },
        "2019-11": {
            "month": "2019-11",
            "price": "28.47",
            "revenue": 226289
        },
        "2019-12": {
            "month": "2019-12",
            "price": "30.49",
            "revenue": 227722
        },
        "2020-01": {
            "month": "2020-01",
            "price": "31.35",
            "revenue": 194964
        },
        "2020-02": {
            "month": "2020-02",
            "price": "30.54",
            "revenue": 200369
        },
        "2020-03": {
            "month": "2020-03",
            "price": "25.48",
            "revenue": 229081
        },
        "2020-04": {
            "month": "2020-04",
            "price": "25.68",
            "revenue": 225105
        },
        "2020-05": {
            "month": "2020-05",
            "price": "27.20",
            "revenue": 251888
        },
        "2020-06": {
            "month": "2020-06",
            "price": "28.72",
            "revenue": 250711
        },
        "2020-07": {
            "month": "2020-07",
            "price": "29.35",
            "revenue": 223592
        },
        "2020-08": {
            "month": "2020-08",
            "price": "27.45",
            "revenue": 242442
        },
        "2020-09": {
            "month": "2020-09",
            "price": "27.10",
            "revenue": 256643
        },
        "2020-10": {
            "month": "2020-10",
            "price": "27.50",
            "revenue": 242815
        },
        "2020-11": {
            "month": "2020-11",
            "price": "29.89",
            "revenue": 270895
        },
        "2020-12": {
            "month": "2020-12",
            "price": "30.57",
            "revenue": 259324
        },
        "2021-01": {
            "month": "2021-01",
            "price": "29.58",
            "revenue": 244566
        },
        "2021-02": {
            "month": "2021-02",
            "price": "29.53",
            "revenue": 198419
        },
        "2021-03": {
            "month": "2021-03",
            "price": "32.21",
            "revenue": 269557
        },
        "2021-04": {
            "month": "2021-04",
            "price": "43.63",
            "revenue": 293346
        },
        "2021-05": {
            "month": "2021-05",
            "price": "41.16",
            "revenue": 264569
        },
        "2021-06": {
            "month": "2021-06",
            "price": "42.47",
            "revenue": 268059
        },
        "2021-07": {
            "month": "2021-07",
            "price": "41.89",
            "revenue": 274096
        },
        "2021-08": {
            "month": "2021-08",
            "price": "40.49",
            "revenue": 308267
        },
        "2021-09": {
            "month": "2021-09",
            "price": "40.38",
            "revenue": 301315
        },
        "2021-10": {
            "month": "2021-10",
            "price": "40.54",
            "revenue": 308332
        },
        "2021-11": {
            "month": "2021-11",
            "price": "45.65",
            "revenue": 312287
        },
        "2021-12": {
            "month": "2021-12",
            "price": "48.68",
            "revenue": 388791
        },
        "2022-01": {
            "month": "2022-01",
            "price": "47.88",
            "revenue": 330726
        },
        "2022-02": {
            "month": "2022-02",
            "price": "51.40",
            "revenue": 331748
        },
        "2022-03": {
            "month": "2022-03",
            "price": "51.16",
            "revenue": 361485
        },
        "2022-04": {
            "month": "2022-04",
            "price": "48.71",
            "revenue": 375903
        },
        "2022-05": {
            "month": "2022-05",
            "price": "47.01",
            "revenue": 373711
        },
        "2022-06": {
            "month": "2022-06",
            "price": "46.27",
            "revenue": 437366
        },
        "2022-07": {
            "month": "2022-07",
            "price": "43.00",
            "revenue": 462178
        },
        "2022-08": {
            "month": "2022-08",
            "price": "47.25",
            "revenue": 477450
        },
        "2022-09": {
            "month": "2022-09",
            "price": "45.30",
            "revenue": 474120
        },
        "2022-10": {
            "month": "2022-10",
            "price": "40.64",
            "revenue": 410048
        },
        "2022-11": {
            "month": "2022-11",
            "price": "43.75",
            "revenue": 378549
        },
        "2022-12": {
            "month": "2022-12",
            "price": "45.16",
            "revenue": 364340
        },
        "2023-01": {
            "month": "2023-01",
            "price": "45.37",
            "revenue": 259783
        },
        "2023-02": {
            "month": "2023-02",
            "price": "46.23",
            "revenue": 359710
        },
        "2023-03": {
            "month": "2023-03",
            "price": "49.16",
            "revenue": 321619
        },
        "2023-04": {
            "month": "2023-04",
            "price": "52.72",
            "revenue": 345255
        },
        "2023-05": {
            "month": "2023-05",
            "price": "50.93",
            "revenue": 343125
        },
        "2023-06": {
            "month": "2023-06",
            "price": "51.74",
            "revenue": 365172
        },
        "2023-07": {
            "month": "2023-07",
            "price": "49.27",
            "revenue": 365525
        },
        "2023-08": {
            "month": "2023-08",
            "price": "48.60",
            "revenue": 355725
        },
        "2023-09": {
            "month": "2023-09",
            "price": "49.56",
            "revenue": 361126
        },
        "2023-10": {
            "month": "2023-10",
            "price": "48.81",
            "revenue": 453517
        },
        "2023-11": {
            "month": "2023-11",
            "price": "57.86",
            "revenue": 455066
        },
        "2023-12": {
            "month": "2023-12",
            "price": "68.80",
            "revenue": 452978
        }
    }
}
