{
    "summary": {
        "stock_name": "玉晶光",
        "stock_id": "3406",
        "category": "光電",
        "main_business": "各類光學鏡頭、鏡片研發及生產製造。<br>高功率LED室內外照明產品。",
        "website_url": "http://www.gseo.com",
        "ceo": "郭英理",
        "pe_ratio": 14,
        "report_year_from": 2004,
        "report_year_to": 2023,
        "age": 19,
        "eps_negative_percentage": 35,
        "eps_growth_avg": {
            "last_all": -14.57,
            "last_2y": 10.08,
            "last_4y": 23.89,
            "last_8y": 23.89,
            "last_12y": 6.36,
            "last_16y": -12.39,
            "last_20y": null,
            "at_2006_last_3y": null,
            "at_2007_last_3y": null,
            "at_2008_last_3y": -70.36,
            "at_2009_last_3y": -87.39,
            "at_2010_last_3y": -100,
            "at_2011_last_3y": 47.53,
            "at_2012_last_3y": 15.69,
            "at_2013_last_3y": -22.87,
            "at_2014_last_3y": -22.87,
            "at_2015_last_3y": -58.08,
            "at_2016_last_3y": -100,
            "at_2017_last_3y": null,
            "at_2018_last_3y": -10.76,
            "at_2019_last_3y": 44.62,
            "at_2020_last_3y": 34.32,
            "at_2021_last_3y": 19.44,
            "at_2022_last_3y": 32.56,
            "at_2023_last_3y": 32.56,
            "at_2006_last_all": -55.55,
            "at_2007_last_all": -70.36,
            "at_2008_last_all": -70.36,
            "at_2009_last_all": -70.36,
            "at_2010_last_all": -70.36,
            "at_2011_last_all": -40.89,
            "at_2012_last_all": -35.94,
            "at_2013_last_all": -46.62,
            "at_2014_last_all": -46.62,
            "at_2015_last_all": -46.62,
            "at_2016_last_all": -46.62,
            "at_2017_last_all": -46.62,
            "at_2018_last_all": -41.5,
            "at_2019_last_all": -23.81,
            "at_2020_last_all": -19.64,
            "at_2021_last_all": -20.2,
            "at_2022_last_all": -14.57,
            "at_2023_last_all": -14.57
        },
        "latest_eps": 28.25,
        "latest_price": 394.5,
        "latest_roe": 17.77,
        "latest_gross_margin": 31.24,
        "latest_equity": 18671412,
        "latest_revenue": 3327549,
        "latest_gross_profit": 1039530,
        "latest_net_income": 239285,
        "latest_debt_ratio": 52.9,
        "latest_current_ratio": 143.67,
        "latest_account_receivable_turnover_ratio": 0.92,
        "latest_inventory_turnover_ratio": 0.71,
        "latest_reinvestment_rate": 131.5,
        "latest_research_to_sale_ratio": 16.48
    },
    "eps_dividends": {
        "2001": {
            "cash": 0,
            "stock": 0,
            "eps": 0
        },
        "2002": {
            "cash": 0,
            "stock": 0,
            "eps": 0
        },
        "2003": {
            "cash": 0,
            "stock": 0,
            "eps": 0
        },
        "2004": {
            "cash": 0,
            "stock": 0,
            "eps": 27.21
        },
        "2005": {
            "cash": 5,
            "stock": 5,
            "eps": 17.33
        },
        "2006": {
            "cash": 7,
            "stock": 1,
            "eps": 4.37
        },
        "2007": {
            "cash": 3,
            "stock": 0.1,
            "eps": -4.61
        },
        "2008": {
            "cash": 0,
            "stock": 0,
            "eps": -8.4
        },
        "2009": {
            "cash": 0,
            "stock": 0,
            "eps": -6.85
        },
        "2010": {
            "cash": 0,
            "stock": 0,
            "eps": 7.3
        },
        "2011": {
            "cash": 4,
            "stock": 0,
            "eps": 10.77
        },
        "2012": {
            "cash": 0,
            "stock": 0,
            "eps": 9.03
        },
        "2013": {
            "cash": 2,
            "stock": 0,
            "eps": -3.69
        },
        "2014": {
            "cash": 0,
            "stock": 0,
            "eps": -6.95
        },
        "2015": {
            "cash": 0,
            "stock": 0,
            "eps": -11.31
        },
        "2016": {
            "cash": 0,
            "stock": 0,
            "eps": -1.55
        },
        "2017": {
            "cash": 0,
            "stock": 0,
            "eps": 10.5
        },
        "2018": {
            "cash": 3.5,
            "stock": 0,
            "eps": 9.37
        },
        "2019": {
            "cash": 3.5,
            "stock": 0,
            "eps": 24.1
        },
        "2020": {
            "cash": 9,
            "stock": 0,
            "eps": 27.41
        },
        "2021": {
            "cash": 10,
            "stock": 0,
            "eps": 20.5
        },
        "2022": {
            "cash": 8,
            "stock": 0,
            "eps": 29.05
        },
        "2023": {
            "cash": 12,
            "stock": 0,
            "eps": 2.11
        }
    },
    "dividends": {
        "2005-03-08": {
            "cash": 5,
            "stock": 5
        },
        "2006-03-23": {
            "cash": 7,
            "stock": 1
        },
        "2007-04-23": {
            "cash": 3,
            "stock": 0.1
        },
        "2011-01-01": {
            "cash": 2.5,
            "stock": 0
        },
        "2011-04-01": {
            "cash": 1.5,
            "stock": 0
        },
        "2013-03-25": {
            "cash": 2,
            "stock": 0
        },
        "2018-08-03": {
            "cash": 3.5,
            "stock": 0
        },
        "2019-08-22": {
            "cash": 3.5,
            "stock": 0
        },
        "2020-08-18": {
            "cash": 9,
            "stock": 0
        },
        "2021-08-26": {
            "cash": 10,
            "stock": 0
        },
        "2022-08-26": {
            "cash": 8,
            "stock": 0
        },
        "2023-03-23": {
            "cash": 12,
            "stock": 0
        }
    },
    "prices": {
        "200101": "無",
        "200102": "無",
        "200103": "無",
        "200104": "無",
        "200105": "無",
        "200106": "無",
        "200107": "無",
        "200108": "無",
        "200109": "無",
        "200110": "無",
        "200111": "無",
        "200112": "無",
        "200201": "無",
        "200202": "無",
        "200203": "無",
        "200204": "無",
        "200205": "無",
        "200206": "無",
        "200207": "無",
        "200208": "無",
        "200209": "無",
        "200210": "無",
        "200211": "無",
        "200212": "無",
        "200301": "無",
        "200302": "無",
        "200303": "無",
        "200304": "無",
        "200305": "無",
        "200306": "無",
        "200307": "無",
        "200308": "無",
        "200309": "無",
        "200310": "無",
        "200311": "無",
        "200312": "無",
        "200401": "無",
        "200402": "無",
        "200403": "無",
        "200404": "無",
        "200405": "無",
        "200406": "無",
        "200407": "無",
        "200408": "無",
        "200409": "無",
        "200410": "無",
        "200411": "無",
        "200412": "217.89",
        "200501": "262.96",
        "200502": "262.41",
        "200503": "301.26",
        "200504": "315.66",
        "200505": "291.84",
        "200506": "211.84",
        "200507": "266.19",
        "200508": "304.75",
        "200509": "304.40",
        "200510": "328.29",
        "200511": "364.29",
        "200512": "480.39",
        "200601": "413.83",
        "200602": "340.53",
        "200603": "313.74",
        "200604": "271.18",
        "200605": "265.55",
        "200606": "200.32",
        "200607": "160.55",
        "200608": "147.93",
        "200609": "172.14",
        "200610": "167.40",
        "200611": "159.30",
        "200612": "131.40",
        "200701": "132.48",
        "200702": "125.96",
        "200703": "108.85",
        "200704": "104.12",
        "200705": "82.61",
        "200706": "87.10",
        "200707": "94.82",
        "200708": "70.13",
        "200709": "61.49",
        "200710": "67.51",
        "200711": "55.88",
        "200712": "51.47",
        "200801": "40.42",
        "200802": "36.11",
        "200803": "45.65",
        "200804": "45.80",
        "200805": "54.98",
        "200806": "62.65",
        "200807": "53.71",
        "200808": "70.09",
        "200809": "50.76",
        "200810": "35.29",
        "200811": "23.51",
        "200812": "21.30",
        "200901": "25.66",
        "200902": "28.57",
        "200903": "35.09",
        "200904": "39.31",
        "200905": "41.98",
        "200906": "49.61",
        "200907": "52.40",
        "200908": "46.62",
        "200909": "48.59",
        "200910": "49.95",
        "200911": "48.43",
        "200912": "52.37",
        "201001": "51.52",
        "201002": "43.03",
        "201003": "46.80",
        "201004": "56.90",
        "201005": "81.48",
        "201006": "90.73",
        "201007": "79.63",
        "201008": "88.63",
        "201009": "147.90",
        "201010": "173.10",
        "201011": "243.77",
        "201012": "349.59",
        "201101": "341.32",
        "201102": "299.71",
        "201103": "299.67",
        "201104": "295.16",
        "201105": "290.31",
        "201106": "278.95",
        "201107": "267.05",
        "201108": "317.39",
        "201109": "287.79",
        "201110": "212.18",
        "201111": "180.82",
        "201112": "164.02",
        "201201": "204.00",
        "201202": "287.00",
        "201203": "319.83",
        "201204": "244.35",
        "201205": "206.82",
        "201206": "232.55",
        "201207": "215.09",
        "201208": "225.05",
        "201209": "227.12",
        "201210": "226.09",
        "201211": "212.66",
        "201212": "218.48",
        "201301": "203.25",
        "201302": "205.50",
        "201303": "190.33",
        "201304": "171.95",
        "201305": "184.68",
        "201306": "181.32",
        "201307": "172.46",
        "201308": "167.10",
        "201309": "162.98",
        "201310": "130.09",
        "201311": "91.57",
        "201312": "86.93",
        "201401": "91.78",
        "201402": "92.74",
        "201403": "89.78",
        "201404": "106.60",
        "201405": "94.13",
        "201406": "93.42",
        "201407": "96.81",
        "201408": "84.63",
        "201409": "96.48",
        "201410": "93.78",
        "201411": "100.27",
        "201412": "108.45",
        "201501": "110.60",
        "201502": "104.69",
        "201503": "105.77",
        "201504": "92.84",
        "201505": "84.34",
        "201506": "66.87",
        "201507": "67.82",
        "201508": "52.12",
        "201509": "54.83",
        "201510": "67.22",
        "201511": "69.07",
        "201512": "62.71",
        "201601": "51.99",
        "201602": "54.68",
        "201603": "61.21",
        "201604": "54.24",
        "201605": "45.01",
        "201606": "49.93",
        "201607": "55.02",
        "201608": "55.34",
        "201609": "52.76",
        "201610": "51.24",
        "201611": "63.90",
        "201612": "104.49",
        "201701": "125.59",
        "201702": "202.69",
        "201703": "231.59",
        "201704": "317.44",
        "201705": "321.92",
        "201706": "308.72",
        "201707": "342.60",
        "201708": "384.93",
        "201709": "461.89",
        "201710": "376.82",
        "201711": "332.36",
        "201712": "312.60",
        "201801": "281.45",
        "201802": "249.81",
        "201803": "261.96",
        "201804": "350.78",
        "201805": "395.45",
        "201806": "493.68",
        "201807": "477.43",
        "201808": "404.59",
        "201809": "337.68",
        "201810": "240.80",
        "201811": "204.75",
        "201812": "202.52",
        "201901": "200.88",
        "201902": "269.88",
        "201903": "335.18",
        "201904": "429.80",
        "201905": "359.91",
        "201906": "358.39",
        "201907": "426.57",
        "201908": "412.07",
        "201909": "427.53",
        "201910": "456.71",
        "201911": "424.38",
        "201912": "492.57",
        "202001": "577.47",
        "202002": "534.84",
        "202003": "422.84",
        "202004": "451.10",
        "202005": "483.55",
        "202006": "602.10",
        "202007": "732.43",
        "202008": "643.33",
        "202009": "593.50",
        "202010": "574.42",
        "202011": "592.76",
        "202012": "590.04",
        "202101": "497.55",
        "202102": "497.73",
        "202103": "480.23",
        "202104": "501.18",
        "202105": "445.07",
        "202106": "523.67",
        "202107": "563.45",
        "202108": "494.39",
        "202109": "476.25",
        "202110": "397.80",
        "202111": "468.89",
        "202112": "536.05",
        "202201": "518.64",
        "202202": "475.83",
        "202203": "436.15",
        "202204": "420.18",
        "202205": "365.76",
        "202206": "390.31",
        "202207": "404.17",
        "202208": "408.39",
        "202209": "417.71",
        "202210": "320.90",
        "202211": "359.75",
        "202212": "373.05",
        "202301": "354.04",
        "202302": "383.11",
        "202303": "395.37",
        "202304": "379.65",
        "202305": "388.84",
        "202306": "398.32"
    },
    "quarters": {
        "20011": {
            "year_quarter": 20011,
            "year": 2001,
            "quarter": 1,
            "eps": null,
            "eps_growth_year": null,
            "eps_4q": null,
            "eps_4q_growth_year": null,
            "roe": null,
            "roe_4q": 0,
            "gross_profit": null,
            "gross_margin": null,
            "gross_margin_4q_avg": 0,
            "net_income": null,
            "revenue": null,
            "common_shares": null,
            "book_valuer_per_share": null,
            "book_valuer_per_share_4q_avg": 0,
            "equity": null,
            "current_ratio": null,
            "debt_ratio": null,
            "inventory_turnover_ratio": null,
            "account_receivable_turnover_ratio": null,
            "reinvestment_rate": null,
            "research_to_sale_ratio": null,
            "price_fair": 0,
            "eps_avg_yearly": 0,
            "eps_latest_yearly": 0,
            "eps_growth_yearly": 0
        },
        "20012": {
            "year_quarter": 20012,
            "year": 2001,
            "quarter": 2,
            "eps": null,
            "eps_growth_year": null,
            "eps_4q": null,
            "eps_4q_growth_year": null,
            "roe": null,
            "roe_4q": 0,
            "gross_profit": null,
            "gross_margin": null,
            "gross_margin_4q_avg": 0,
            "net_income": null,
            "revenue": null,
            "common_shares": null,
            "book_valuer_per_share": null,
            "book_valuer_per_share_4q_avg": 0,
            "equity": null,
            "current_ratio": null,
            "debt_ratio": null,
            "inventory_turnover_ratio": null,
            "account_receivable_turnover_ratio": null,
            "reinvestment_rate": null,
            "research_to_sale_ratio": null,
            "price_fair": 0,
            "eps_avg_yearly": 0,
            "eps_latest_yearly": 0,
            "eps_growth_yearly": 0
        },
        "20013": {
            "year_quarter": 20013,
            "year": 2001,
            "quarter": 3,
            "eps": null,
            "eps_growth_year": null,
            "eps_4q": null,
            "eps_4q_growth_year": null,
            "roe": null,
            "roe_4q": 0,
            "gross_profit": null,
            "gross_margin": null,
            "gross_margin_4q_avg": 0,
            "net_income": null,
            "revenue": null,
            "common_shares": null,
            "book_valuer_per_share": null,
            "book_valuer_per_share_4q_avg": 0,
            "equity": null,
            "current_ratio": null,
            "debt_ratio": null,
            "inventory_turnover_ratio": null,
            "account_receivable_turnover_ratio": null,
            "reinvestment_rate": null,
            "research_to_sale_ratio": null,
            "price_fair": 0,
            "eps_avg_yearly": 0,
            "eps_latest_yearly": 0,
            "eps_growth_yearly": 0
        },
        "20014": {
            "year_quarter": 20014,
            "year": 2001,
            "quarter": 4,
            "eps": null,
            "eps_growth_year": null,
            "eps_4q": null,
            "eps_4q_growth_year": null,
            "roe": null,
            "roe_4q": 0,
            "gross_profit": null,
            "gross_margin": null,
            "gross_margin_4q_avg": 0,
            "net_income": null,
            "revenue": null,
            "common_shares": 50000,
            "book_valuer_per_share": 6.75,
            "book_valuer_per_share_4q_avg": 1.69,
            "equity": 33755,
            "current_ratio": 41.75,
            "debt_ratio": 68.73,
            "inventory_turnover_ratio": null,
            "account_receivable_turnover_ratio": null,
            "reinvestment_rate": null,
            "research_to_sale_ratio": null,
            "price_fair": 0,
            "eps_avg_yearly": 0,
            "eps_latest_yearly": 0,
            "eps_growth_yearly": 0
        },
        "20021": {
            "year_quarter": 20021,
            "year": 2002,
            "quarter": 1,
            "eps": null,
            "eps_growth_year": null,
            "eps_4q": null,
            "eps_4q_growth_year": null,
            "roe": null,
            "roe_4q": 0,
            "gross_profit": null,
            "gross_margin": null,
            "gross_margin_4q_avg": 0,
            "net_income": null,
            "revenue": null,
            "common_shares": null,
            "book_valuer_per_share": null,
            "book_valuer_per_share_4q_avg": 1.69,
            "equity": null,
            "current_ratio": null,
            "debt_ratio": null,
            "inventory_turnover_ratio": null,
            "account_receivable_turnover_ratio": null,
            "reinvestment_rate": null,
            "research_to_sale_ratio": null,
            "price_fair": 0,
            "eps_avg_yearly": 0,
            "eps_latest_yearly": 0,
            "eps_growth_yearly": 0
        },
        "20022": {
            "year_quarter": 20022,
            "year": 2002,
            "quarter": 2,
            "eps": null,
            "eps_growth_year": null,
            "eps_4q": null,
            "eps_4q_growth_year": null,
            "roe": null,
            "roe_4q": 0,
            "gross_profit": null,
            "gross_margin": null,
            "gross_margin_4q_avg": 0,
            "net_income": null,
            "revenue": null,
            "common_shares": null,
            "book_valuer_per_share": null,
            "book_valuer_per_share_4q_avg": 1.69,
            "equity": null,
            "current_ratio": null,
            "debt_ratio": null,
            "inventory_turnover_ratio": null,
            "account_receivable_turnover_ratio": null,
            "reinvestment_rate": null,
            "research_to_sale_ratio": null,
            "price_fair": 0,
            "eps_avg_yearly": 0,
            "eps_latest_yearly": 0,
            "eps_growth_yearly": 0
        },
        "20023": {
            "year_quarter": 20023,
            "year": 2002,
            "quarter": 3,
            "eps": null,
            "eps_growth_year": null,
            "eps_4q": null,
            "eps_4q_growth_year": null,
            "roe": null,
            "roe_4q": 0,
            "gross_profit": null,
            "gross_margin": null,
            "gross_margin_4q_avg": 0,
            "net_income": null,
            "revenue": null,
            "common_shares": null,
            "book_valuer_per_share": null,
            "book_valuer_per_share_4q_avg": 1.69,
            "equity": null,
            "current_ratio": null,
            "debt_ratio": null,
            "inventory_turnover_ratio": null,
            "account_receivable_turnover_ratio": null,
            "reinvestment_rate": null,
            "research_to_sale_ratio": null,
            "price_fair": 0,
            "eps_avg_yearly": 0,
            "eps_latest_yearly": 0,
            "eps_growth_yearly": 0
        },
        "20024": {
            "year_quarter": 20024,
            "year": 2002,
            "quarter": 4,
            "eps": null,
            "eps_growth_year": null,
            "eps_4q": null,
            "eps_4q_growth_year": null,
            "roe": null,
            "roe_4q": 0,
            "gross_profit": null,
            "gross_margin": null,
            "gross_margin_4q_avg": 0,
            "net_income": null,
            "revenue": null,
            "common_shares": 50000,
            "book_valuer_per_share": 8.42,
            "book_valuer_per_share_4q_avg": 2.11,
            "equity": 42096,
            "current_ratio": 60.05,
            "debt_ratio": 65.1,
            "inventory_turnover_ratio": null,
            "account_receivable_turnover_ratio": null,
            "reinvestment_rate": null,
            "research_to_sale_ratio": null,
            "price_fair": 0,
            "eps_avg_yearly": 0,
            "eps_latest_yearly": 0,
            "eps_growth_yearly": 0
        },
        "20031": {
            "year_quarter": 20031,
            "year": 2003,
            "quarter": 1,
            "eps": null,
            "eps_growth_year": null,
            "eps_4q": null,
            "eps_4q_growth_year": null,
            "roe": null,
            "roe_4q": 0,
            "gross_profit": null,
            "gross_margin": null,
            "gross_margin_4q_avg": 0,
            "net_income": null,
            "revenue": null,
            "common_shares": null,
            "book_valuer_per_share": null,
            "book_valuer_per_share_4q_avg": 2.11,
            "equity": null,
            "current_ratio": null,
            "debt_ratio": null,
            "inventory_turnover_ratio": null,
            "account_receivable_turnover_ratio": null,
            "reinvestment_rate": null,
            "research_to_sale_ratio": null,
            "price_fair": 0,
            "eps_avg_yearly": 0,
            "eps_latest_yearly": 0,
            "eps_growth_yearly": 0
        },
        "20032": {
            "year_quarter": 20032,
            "year": 2003,
            "quarter": 2,
            "eps": null,
            "eps_growth_year": null,
            "eps_4q": null,
            "eps_4q_growth_year": null,
            "roe": null,
            "roe_4q": 0,
            "gross_profit": null,
            "gross_margin": null,
            "gross_margin_4q_avg": 0,
            "net_income": null,
            "revenue": null,
            "common_shares": null,
            "book_valuer_per_share": null,
            "book_valuer_per_share_4q_avg": 2.11,
            "equity": null,
            "current_ratio": null,
            "debt_ratio": null,
            "inventory_turnover_ratio": null,
            "account_receivable_turnover_ratio": null,
            "reinvestment_rate": null,
            "research_to_sale_ratio": null,
            "price_fair": 0,
            "eps_avg_yearly": 0,
            "eps_latest_yearly": 0,
            "eps_growth_yearly": 0
        },
        "20033": {
            "year_quarter": 20033,
            "year": 2003,
            "quarter": 3,
            "eps": null,
            "eps_growth_year": null,
            "eps_4q": null,
            "eps_4q_growth_year": null,
            "roe": null,
            "roe_4q": 0,
            "gross_profit": null,
            "gross_margin": null,
            "gross_margin_4q_avg": 0,
            "net_income": null,
            "revenue": null,
            "common_shares": null,
            "book_valuer_per_share": null,
            "book_valuer_per_share_4q_avg": 2.11,
            "equity": null,
            "current_ratio": null,
            "debt_ratio": null,
            "inventory_turnover_ratio": null,
            "account_receivable_turnover_ratio": null,
            "reinvestment_rate": null,
            "research_to_sale_ratio": null,
            "price_fair": 0,
            "eps_avg_yearly": 0,
            "eps_latest_yearly": 0,
            "eps_growth_yearly": 0
        },
        "20034": {
            "year_quarter": 20034,
            "year": 2003,
            "quarter": 4,
            "eps": null,
            "eps_growth_year": null,
            "eps_4q": null,
            "eps_4q_growth_year": null,
            "roe": null,
            "roe_4q": 0,
            "gross_profit": null,
            "gross_margin": null,
            "gross_margin_4q_avg": 0,
            "net_income": null,
            "revenue": null,
            "common_shares": 250000,
            "book_valuer_per_share": 23.81,
            "book_valuer_per_share_4q_avg": 5.95,
            "equity": 767832,
            "current_ratio": 125.07,
            "debt_ratio": 52.96,
            "inventory_turnover_ratio": null,
            "account_receivable_turnover_ratio": null,
            "reinvestment_rate": null,
            "research_to_sale_ratio": null,
            "price_fair": 0,
            "eps_avg_yearly": 0,
            "eps_latest_yearly": 0,
            "eps_growth_yearly": 0
        },
        "20041": {
            "year_quarter": 20041,
            "year": 2004,
            "quarter": 1,
            "eps": 8.12,
            "eps_growth_year": null,
            "eps_4q": null,
            "eps_4q_growth_year": null,
            "roe": 26.17,
            "roe_4q": 26.17,
            "gross_profit": 115835,
            "gross_margin": 22.7,
            "gross_margin_4q_avg": 5.68,
            "net_income": 219338,
            "revenue": 510273,
            "common_shares": 270000,
            "book_valuer_per_share": 33.64,
            "book_valuer_per_share_4q_avg": 14.36,
            "equity": 908215,
            "current_ratio": 184.77,
            "debt_ratio": 39.19,
            "inventory_turnover_ratio": 6.52,
            "account_receivable_turnover_ratio": null,
            "reinvestment_rate": null,
            "research_to_sale_ratio": null,
            "price_fair": 0,
            "eps_avg_yearly": 0,
            "eps_latest_yearly": 0,
            "eps_growth_yearly": 0
        },
        "20042": {
            "year_quarter": 20042,
            "year": 2004,
            "quarter": 2,
            "eps": 6.64,
            "eps_growth_year": null,
            "eps_4q": null,
            "eps_4q_growth_year": null,
            "roe": 20.78,
            "roe_4q": 46.95,
            "gross_profit": 118656,
            "gross_margin": 19.33,
            "gross_margin_4q_avg": 10.51,
            "net_income": 252068,
            "revenue": 613707,
            "common_shares": 405450,
            "book_valuer_per_share": 37.43,
            "book_valuer_per_share_4q_avg": 23.72,
            "equity": 1517517,
            "current_ratio": 197.2,
            "debt_ratio": 32.28,
            "inventory_turnover_ratio": 54.45,
            "account_receivable_turnover_ratio": null,
            "reinvestment_rate": null,
            "research_to_sale_ratio": null,
            "price_fair": 79.68,
            "eps_avg_yearly": 26.56,
            "eps_latest_yearly": 26.56,
            "eps_growth_yearly": -72.91
        },
        "20043": {
            "year_quarter": 20043,
            "year": 2004,
            "quarter": 3,
            "eps": 4.79,
            "eps_growth_year": null,
            "eps_4q": null,
            "eps_4q_growth_year": null,
            "roe": 11.56,
            "roe_4q": 58.510000000000005,
            "gross_profit": 63262,
            "gross_margin": 21.42,
            "gross_margin_4q_avg": 15.86,
            "net_income": 186279,
            "revenue": 295399,
            "common_shares": 405450,
            "book_valuer_per_share": 42.04,
            "book_valuer_per_share_4q_avg": 34.23,
            "equity": 1704691,
            "current_ratio": 261.62,
            "debt_ratio": 25.02,
            "inventory_turnover_ratio": 21.61,
            "account_receivable_turnover_ratio": null,
            "reinvestment_rate": null,
            "research_to_sale_ratio": null,
            "price_fair": 68.58,
            "eps_avg_yearly": 22.86,
            "eps_latest_yearly": 19.16,
            "eps_growth_yearly": -92.18
        },
        "20044": {
            "year_quarter": 20044,
            "year": 2004,
            "quarter": 4,
            "eps": 7.66,
            "eps_growth_year": null,
            "eps_4q": 24.4,
            "eps_4q_growth_year": null,
            "roe": 16.03,
            "roe_4q": 74.54,
            "gross_profit": 135940,
            "gross_margin": 20.19,
            "gross_margin_4q_avg": 20.91,
            "net_income": 300964,
            "revenue": 673300,
            "common_shares": 405450,
            "book_valuer_per_share": 48.33,
            "book_valuer_per_share_4q_avg": 40.36,
            "equity": 2049792,
            "current_ratio": 357.84,
            "debt_ratio": 33.11,
            "inventory_turnover_ratio": 6.48,
            "account_receivable_turnover_ratio": null,
            "reinvestment_rate": null,
            "research_to_sale_ratio": null,
            "price_fair": 723.84,
            "eps_avg_yearly": 25.45,
            "eps_latest_yearly": 30.64,
            "eps_growth_yearly": 18.44
        },
        "20051": {
            "year_quarter": 20051,
            "year": 2005,
            "quarter": 1,
            "eps": 4.1,
            "eps_growth_year": -49.51,
            "eps_4q": 22.31,
            "eps_4q_growth_year": null,
            "roe": 7.99,
            "roe_4q": 56.36000000000001,
            "gross_profit": 65288,
            "gross_margin": 19.07,
            "gross_margin_4q_avg": 20,
            "net_income": 166416,
            "revenue": 342327,
            "common_shares": 405450,
            "book_valuer_per_share": 52.2,
            "book_valuer_per_share_4q_avg": 45,
            "equity": 2116590,
            "current_ratio": 277.46,
            "debt_ratio": 24.13,
            "inventory_turnover_ratio": 3.38,
            "account_receivable_turnover_ratio": null,
            "reinvestment_rate": null,
            "research_to_sale_ratio": null,
            "price_fair": 69.57,
            "eps_avg_yearly": 23.19,
            "eps_latest_yearly": 16.4,
            "eps_growth_yearly": -32.65
        },
        "20052": {
            "year_quarter": 20052,
            "year": 2005,
            "quarter": 2,
            "eps": 3.96,
            "eps_growth_year": -40.36,
            "eps_4q": 14.61,
            "eps_4q_growth_year": null,
            "roe": 11.47,
            "roe_4q": 47.050000000000004,
            "gross_profit": 80451,
            "gross_margin": 19.94,
            "gross_margin_4q_avg": 20.16,
            "net_income": 243104,
            "revenue": 403479,
            "common_shares": 613175,
            "book_valuer_per_share": 34.61,
            "book_valuer_per_share_4q_avg": 44.3,
            "equity": 2122219,
            "current_ratio": 211.72,
            "debt_ratio": 24.13,
            "inventory_turnover_ratio": 23.94,
            "account_receivable_turnover_ratio": null,
            "reinvestment_rate": null,
            "research_to_sale_ratio": null,
            "price_fair": 65.16,
            "eps_avg_yearly": 21.72,
            "eps_latest_yearly": 15.84,
            "eps_growth_yearly": -28.85
        },
        "20053": {
            "year_quarter": 20053,
            "year": 2005,
            "quarter": 3,
            "eps": 5.85,
            "eps_growth_year": 22.13,
            "eps_4q": 17.43,
            "eps_4q_growth_year": null,
            "roe": 15.35,
            "roe_4q": 50.84,
            "gross_profit": 145786,
            "gross_margin": 20.49,
            "gross_margin_4q_avg": 19.92,
            "net_income": 358851,
            "revenue": 711635,
            "common_shares": 613175,
            "book_valuer_per_share": 41.64,
            "book_valuer_per_share_4q_avg": 44.2,
            "equity": 2553357,
            "current_ratio": 186.94,
            "debt_ratio": 28.31,
            "inventory_turnover_ratio": 43.29,
            "account_receivable_turnover_ratio": null,
            "reinvestment_rate": null,
            "research_to_sale_ratio": null,
            "price_fair": 391.1,
            "eps_avg_yearly": 22,
            "eps_latest_yearly": 23.4,
            "eps_growth_yearly": 7.78
        },
        "20054": {
            "year_quarter": 20054,
            "year": 2005,
            "quarter": 4,
            "eps": 3.42,
            "eps_growth_year": -55.35,
            "eps_4q": 15.88,
            "eps_4q_growth_year": -34.9,
            "roe": 5.86,
            "roe_4q": 40.67,
            "gross_profit": 589724,
            "gross_margin": 98.74,
            "gross_margin_4q_avg": 39.56,
            "net_income": 210839,
            "revenue": 597233,
            "common_shares": 684375,
            "book_valuer_per_share": 64.98,
            "book_valuer_per_share_4q_avg": 48.36,
            "equity": 4647680,
            "current_ratio": 439.2,
            "debt_ratio": 26.89,
            "inventory_turnover_ratio": 0.05,
            "account_receivable_turnover_ratio": null,
            "reinvestment_rate": null,
            "research_to_sale_ratio": null,
            "price_fair": 62.43,
            "eps_avg_yearly": 20.81,
            "eps_latest_yearly": 13.68,
            "eps_growth_yearly": -17.07
        },
        "20061": {
            "year_quarter": 20061,
            "year": 2006,
            "quarter": 1,
            "eps": 1.94,
            "eps_growth_year": -52.68,
            "eps_4q": 13.82,
            "eps_4q_growth_year": -38.05,
            "roe": 2.88,
            "roe_4q": 35.56,
            "gross_profit": 151445,
            "gross_margin": 42.04,
            "gross_margin_4q_avg": 45.3,
            "net_income": 132683,
            "revenue": 360198,
            "common_shares": 684375,
            "book_valuer_per_share": 66.82,
            "book_valuer_per_share_4q_avg": 52.01,
            "equity": 4573167,
            "current_ratio": 853.92,
            "debt_ratio": 13.11,
            "inventory_turnover_ratio": 1.46,
            "account_receivable_turnover_ratio": null,
            "reinvestment_rate": null,
            "research_to_sale_ratio": null,
            "price_fair": 57.54,
            "eps_avg_yearly": 19.18,
            "eps_latest_yearly": 7.76,
            "eps_growth_yearly": -36.57
        },
        "20062": {
            "year_quarter": 20062,
            "year": 2006,
            "quarter": 2,
            "eps": 1.87,
            "eps_growth_year": -52.78,
            "eps_4q": 11.15,
            "eps_4q_growth_year": -23.69,
            "roe": 3.23,
            "roe_4q": 27.32,
            "gross_profit": 133766,
            "gross_margin": 41.3,
            "gross_margin_4q_avg": 50.64,
            "net_income": 141588,
            "revenue": 323887,
            "common_shares": 684375,
            "book_valuer_per_share": 61.43,
            "book_valuer_per_share_4q_avg": 58.72,
            "equity": 4204122,
            "current_ratio": 353.78,
            "debt_ratio": 20.22,
            "inventory_turnover_ratio": 50.53,
            "account_receivable_turnover_ratio": null,
            "reinvestment_rate": null,
            "research_to_sale_ratio": null,
            "price_fair": 53.64,
            "eps_avg_yearly": 17.88,
            "eps_latest_yearly": 7.48,
            "eps_growth_yearly": -34.11
        },
        "20063": {
            "year_quarter": 20063,
            "year": 2006,
            "quarter": 3,
            "eps": 0.54,
            "eps_growth_year": -90.77,
            "eps_4q": 6.94,
            "eps_4q_growth_year": -60.16,
            "roe": 0.96,
            "roe_4q": 12.93,
            "gross_profit": 135533,
            "gross_margin": 41.15,
            "gross_margin_4q_avg": 55.81,
            "net_income": 40901,
            "revenue": 329351,
            "common_shares": 757813,
            "book_valuer_per_share": 56.53,
            "book_valuer_per_share_4q_avg": 62.44,
            "equity": 4283595,
            "current_ratio": 757.86,
            "debt_ratio": 10.68,
            "inventory_turnover_ratio": 58.11,
            "account_receivable_turnover_ratio": null,
            "reinvestment_rate": null,
            "research_to_sale_ratio": null,
            "price_fair": 48.92,
            "eps_avg_yearly": 16.31,
            "eps_latest_yearly": 2.16,
            "eps_growth_yearly": -59.15
        },
        "20064": {
            "year_quarter": 20064,
            "year": 2006,
            "quarter": 4,
            "eps": 0.02,
            "eps_growth_year": -99.42,
            "eps_4q": 3.59,
            "eps_4q_growth_year": -77.39,
            "roe": 0.04,
            "roe_4q": 7.11,
            "gross_profit": 101736,
            "gross_margin": 41.43,
            "gross_margin_4q_avg": 41.48,
            "net_income": 1765,
            "revenue": 245557,
            "common_shares": 757813,
            "book_valuer_per_share": 56.48,
            "book_valuer_per_share_4q_avg": 60.32,
            "equity": 4524765,
            "current_ratio": 410.39,
            "debt_ratio": 20.13,
            "inventory_turnover_ratio": 1.58,
            "account_receivable_turnover_ratio": null,
            "reinvestment_rate": null,
            "research_to_sale_ratio": null,
            "price_fair": 44.5,
            "eps_avg_yearly": 14.83,
            "eps_latest_yearly": 0.08,
            "eps_growth_yearly": -88.79
        },
        "20071": {
            "year_quarter": 20071,
            "year": 2007,
            "quarter": 1,
            "eps": -0.47,
            "eps_growth_year": -124.23,
            "eps_4q": 1.98,
            "eps_4q_growth_year": -85.66,
            "roe": -0.8,
            "roe_4q": 3.4299999999999997,
            "gross_profit": 49407,
            "gross_margin": 31.3,
            "gross_margin_4q_avg": 38.8,
            "net_income": -35313,
            "revenue": 157874,
            "common_shares": 757813,
            "book_valuer_per_share": 56.39,
            "book_valuer_per_share_4q_avg": 57.71,
            "equity": 4273429,
            "current_ratio": 937.31,
            "debt_ratio": 8.46,
            "inventory_turnover_ratio": 1.18,
            "account_receivable_turnover_ratio": null,
            "reinvestment_rate": null,
            "research_to_sale_ratio": null,
            "price_fair": 44.5,
            "eps_avg_yearly": 14.83,
            "eps_latest_yearly": 0.08,
            "eps_growth_yearly": -88.79
        },
        "20072": {
            "year_quarter": 20072,
            "year": 2007,
            "quarter": 2,
            "eps": -0.86,
            "eps_growth_year": -145.99,
            "eps_4q": -0.78,
            "eps_4q_growth_year": -107.02,
            "roe": -1.62,
            "roe_4q": -1.42,
            "gross_profit": 57513,
            "gross_margin": 33.02,
            "gross_margin_4q_avg": 36.73,
            "net_income": -66614,
            "revenue": 174167,
            "common_shares": 757813,
            "book_valuer_per_share": 52.45,
            "book_valuer_per_share_4q_avg": 55.46,
            "equity": 3974880,
            "current_ratio": 423.48,
            "debt_ratio": 12.35,
            "inventory_turnover_ratio": 19.67,
            "account_receivable_turnover_ratio": null,
            "reinvestment_rate": null,
            "research_to_sale_ratio": null,
            "price_fair": 44.5,
            "eps_avg_yearly": 14.83,
            "eps_latest_yearly": 0.08,
            "eps_growth_yearly": -88.79
        },
        "20073": {
            "year_quarter": 20073,
            "year": 2007,
            "quarter": 3,
            "eps": -1.21,
            "eps_growth_year": -324.07,
            "eps_4q": -2.51,
            "eps_4q_growth_year": -136.09,
            "roe": -2.36,
            "roe_4q": -4.74,
            "gross_profit": 35714,
            "gross_margin": 26.04,
            "gross_margin_4q_avg": 32.95,
            "net_income": -92905,
            "revenue": 137139,
            "common_shares": 770391,
            "book_valuer_per_share": 50.48,
            "book_valuer_per_share_4q_avg": 53.95,
            "equity": 3888659,
            "current_ratio": 799.82,
            "debt_ratio": 6.47,
            "inventory_turnover_ratio": 16.2,
            "account_receivable_turnover_ratio": null,
            "reinvestment_rate": null,
            "research_to_sale_ratio": null,
            "price_fair": 44.5,
            "eps_avg_yearly": 14.83,
            "eps_latest_yearly": 0.08,
            "eps_growth_yearly": -88.79
        },
        "20074": {
            "year_quarter": 20074,
            "year": 2007,
            "quarter": 4,
            "eps": -2.07,
            "eps_growth_year": -10450,
            "eps_4q": -3.82,
            "eps_4q_growth_year": -206.47,
            "roe": -4.06,
            "roe_4q": -8.84,
            "gross_profit": 13142,
            "gross_margin": 16.04,
            "gross_margin_4q_avg": 26.6,
            "net_income": -159248,
            "revenue": 81944,
            "common_shares": 770391,
            "book_valuer_per_share": 48.78,
            "book_valuer_per_share_4q_avg": 52.03,
            "equity": 3946515,
            "current_ratio": 280.78,
            "debt_ratio": 16.87,
            "inventory_turnover_ratio": 0.63,
            "account_receivable_turnover_ratio": null,
            "reinvestment_rate": 95.87,
            "research_to_sale_ratio": null,
            "price_fair": 44.5,
            "eps_avg_yearly": 14.83,
            "eps_latest_yearly": 0.08,
            "eps_growth_yearly": -88.79
        },
        "20081": {
            "year_quarter": 20081,
            "year": 2008,
            "quarter": 1,
            "eps": -2.58,
            "eps_growth_year": null,
            "eps_4q": -6.3,
            "eps_4q_growth_year": -417.62,
            "roe": -5.54,
            "roe_4q": -13.579999999999998,
            "gross_profit": -82835,
            "gross_margin": -72.95,
            "gross_margin_4q_avg": 0.54,
            "net_income": -212084,
            "revenue": 113552,
            "common_shares": 770391,
            "book_valuer_per_share": 45.91,
            "book_valuer_per_share_4q_avg": 49.41,
            "equity": 3707854,
            "current_ratio": 253.79,
            "debt_ratio": 13.96,
            "inventory_turnover_ratio": 0.92,
            "account_receivable_turnover_ratio": null,
            "reinvestment_rate": 157.36,
            "research_to_sale_ratio": null,
            "price_fair": 44.5,
            "eps_avg_yearly": 14.83,
            "eps_latest_yearly": 0.08,
            "eps_growth_yearly": -88.79
        },
        "20082": {
            "year_quarter": 20082,
            "year": 2008,
            "quarter": 2,
            "eps": -2.17,
            "eps_growth_year": null,
            "eps_4q": -8.02,
            "eps_4q_growth_year": null,
            "roe": -5.07,
            "roe_4q": -17.029999999999998,
            "gross_profit": -100750,
            "gross_margin": -63.71,
            "gross_margin_4q_avg": -23.65,
            "net_income": -183708,
            "revenue": 158150,
            "common_shares": 770391,
            "book_valuer_per_share": 43.97,
            "book_valuer_per_share_4q_avg": 47.29,
            "equity": 3544640,
            "current_ratio": 199.33,
            "debt_ratio": 19.83,
            "inventory_turnover_ratio": 1.21,
            "account_receivable_turnover_ratio": null,
            "reinvestment_rate": 231.96,
            "research_to_sale_ratio": null,
            "price_fair": 40.98,
            "eps_avg_yearly": 13.66,
            "eps_latest_yearly": 0.08,
            "eps_growth_yearly": -90.38
        },
        "20083": {
            "year_quarter": 20083,
            "year": 2008,
            "quarter": 3,
            "eps": -0.88,
            "eps_growth_year": null,
            "eps_4q": -7.7,
            "eps_4q_growth_year": null,
            "roe": -2.32,
            "roe_4q": -16.99,
            "gross_profit": -21480,
            "gross_margin": -5.95,
            "gross_margin_4q_avg": -31.64,
            "net_income": -81775,
            "revenue": 360908,
            "common_shares": 770391,
            "book_valuer_per_share": 43.66,
            "book_valuer_per_share_4q_avg": 45.58,
            "equity": 3516082,
            "current_ratio": 159.3,
            "debt_ratio": 24.69,
            "inventory_turnover_ratio": 1.56,
            "account_receivable_turnover_ratio": null,
            "reinvestment_rate": 328.03,
            "research_to_sale_ratio": null,
            "price_fair": 39.15,
            "eps_avg_yearly": 13.05,
            "eps_latest_yearly": 0.08,
            "eps_growth_yearly": -88.04
        },
        "20084": {
            "year_quarter": 20084,
            "year": 2008,
            "quarter": 4,
            "eps": -2.77,
            "eps_growth_year": null,
            "eps_4q": -7.68,
            "eps_4q_growth_year": null,
            "roe": -6.73,
            "roe_4q": -19.66,
            "gross_profit": -38148,
            "gross_margin": -12.76,
            "gross_margin_4q_avg": -38.84,
            "net_income": -229933,
            "revenue": 298868,
            "common_shares": 770391,
            "book_valuer_per_share": 41.12,
            "book_valuer_per_share_4q_avg": 43.67,
            "equity": 3312319,
            "current_ratio": 152.69,
            "debt_ratio": 24.72,
            "inventory_turnover_ratio": 1.25,
            "account_receivable_turnover_ratio": null,
            "reinvestment_rate": 650.36,
            "research_to_sale_ratio": null,
            "price_fair": 32.55,
            "eps_avg_yearly": 10.85,
            "eps_latest_yearly": 0.08,
            "eps_growth_yearly": -129
        },
        "20091": {
            "year_quarter": 20091,
            "year": 2009,
            "quarter": 1,
            "eps": -1.22,
            "eps_growth_year": null,
            "eps_4q": -7.03,
            "eps_4q_growth_year": null,
            "roe": -3.06,
            "roe_4q": -17.18,
            "gross_profit": -58733,
            "gross_margin": -27.28,
            "gross_margin_4q_avg": -27.43,
            "net_income": -100378,
            "revenue": 215316,
            "common_shares": 770391,
            "book_valuer_per_share": 40.21,
            "book_valuer_per_share_4q_avg": 42.24,
            "equity": 3238556,
            "current_ratio": 152.66,
            "debt_ratio": 23.74,
            "inventory_turnover_ratio": 1.13,
            "account_receivable_turnover_ratio": null,
            "reinvestment_rate": null,
            "research_to_sale_ratio": null,
            "price_fair": 30.17,
            "eps_avg_yearly": 10.06,
            "eps_latest_yearly": 0.08,
            "eps_growth_yearly": -120.87
        },
        "20092": {
            "year_quarter": 20092,
            "year": 2009,
            "quarter": 2,
            "eps": -2.41,
            "eps_growth_year": null,
            "eps_4q": -7.28,
            "eps_4q_growth_year": null,
            "roe": -6.21,
            "roe_4q": -18.32,
            "gross_profit": -9593,
            "gross_margin": -4.13,
            "gross_margin_4q_avg": -12.53,
            "net_income": -193497,
            "revenue": 232279,
            "common_shares": 770391,
            "book_valuer_per_share": 37.48,
            "book_valuer_per_share_4q_avg": 40.62,
            "equity": 2989115,
            "current_ratio": 156.86,
            "debt_ratio": 24.68,
            "inventory_turnover_ratio": 1.08,
            "account_receivable_turnover_ratio": 1.51,
            "reinvestment_rate": null,
            "research_to_sale_ratio": null,
            "price_fair": 27.28,
            "eps_avg_yearly": 9.09,
            "eps_latest_yearly": 0.08,
            "eps_growth_yearly": -138.74
        },
        "20093": {
            "year_quarter": 20093,
            "year": 2009,
            "quarter": 3,
            "eps": -1.38,
            "eps_growth_year": null,
            "eps_4q": -7.78,
            "eps_4q_growth_year": null,
            "roe": -3.78,
            "roe_4q": -19.78,
            "gross_profit": 43523,
            "gross_margin": 14.08,
            "gross_margin_4q_avg": -7.52,
            "net_income": -110696,
            "revenue": 309050,
            "common_shares": 770391,
            "book_valuer_per_share": 35.95,
            "book_valuer_per_share_4q_avg": 38.69,
            "equity": 2865379,
            "current_ratio": 159.52,
            "debt_ratio": 25.35,
            "inventory_turnover_ratio": 1.1,
            "account_receivable_turnover_ratio": 1.01,
            "reinvestment_rate": null,
            "research_to_sale_ratio": null,
            "price_fair": 18.7,
            "eps_avg_yearly": 6.23,
            "eps_latest_yearly": 0.08,
            "eps_growth_yearly": -204.67
        },
        "20094": {
            "year_quarter": 20094,
            "year": 2009,
            "quarter": 4,
            "eps": -1.84,
            "eps_growth_year": null,
            "eps_4q": -6.53,
            "eps_4q_growth_year": null,
            "roe": -5.36,
            "roe_4q": -18.41,
            "gross_profit": -14994,
            "gross_margin": -4.4,
            "gross_margin_4q_avg": -5.43,
            "net_income": -149353,
            "revenue": 340786,
            "common_shares": 770391,
            "book_valuer_per_share": 34.07,
            "book_valuer_per_share_4q_avg": 36.93,
            "equity": 2712497,
            "current_ratio": 150.98,
            "debt_ratio": 28.51,
            "inventory_turnover_ratio": 1.25,
            "account_receivable_turnover_ratio": 1.02,
            "reinvestment_rate": null,
            "research_to_sale_ratio": null,
            "price_fair": 13.11,
            "eps_avg_yearly": 4.37,
            "eps_latest_yearly": 0.08,
            "eps_growth_yearly": -214.3
        },
        "20101": {
            "year_quarter": 20101,
            "year": 2010,
            "quarter": 1,
            "eps": null,
            "eps_growth_year": null,
            "eps_4q": null,
            "eps_4q_growth_year": null,
            "roe": null,
            "roe_4q": -15.350000000000001,
            "gross_profit": 10402,
            "gross_margin": null,
            "gross_margin_4q_avg": 1.39,
            "net_income": -113660,
            "revenue": 381742,
            "common_shares": 770391,
            "book_valuer_per_share": 32.66,
            "book_valuer_per_share_4q_avg": 35.04,
            "equity": 2597800,
            "current_ratio": 150.37,
            "debt_ratio": 30.88,
            "inventory_turnover_ratio": null,
            "account_receivable_turnover_ratio": null,
            "reinvestment_rate": null,
            "research_to_sale_ratio": null,
            "price_fair": 9.72,
            "eps_avg_yearly": 3.24,
            "eps_latest_yearly": 0.08,
            "eps_growth_yearly": -228.04
        },
        "20102": {
            "year_quarter": 20102,
            "year": 2010,
            "quarter": 2,
            "eps": -0.52,
            "eps_growth_year": null,
            "eps_4q": -3.74,
            "eps_4q_growth_year": null,
            "roe": -1.55,
            "roe_4q": -10.69,
            "gross_profit": 44366,
            "gross_margin": 7.61,
            "gross_margin_4q_avg": 4.32,
            "net_income": -40105,
            "revenue": 582837,
            "common_shares": 772311,
            "book_valuer_per_share": 32.32,
            "book_valuer_per_share_4q_avg": 33.75,
            "equity": 2576915,
            "current_ratio": 116.37,
            "debt_ratio": 42.1,
            "inventory_turnover_ratio": 1.34,
            "account_receivable_turnover_ratio": 1.79,
            "reinvestment_rate": null,
            "research_to_sale_ratio": null,
            "price_fair": 3.36,
            "eps_avg_yearly": 1.12,
            "eps_latest_yearly": 0.08,
            "eps_growth_yearly": -334.84
        },
        "20103": {
            "year_quarter": 20103,
            "year": 2010,
            "quarter": 3,
            "eps": 2.16,
            "eps_growth_year": null,
            "eps_4q": -0.18,
            "eps_4q_growth_year": null,
            "roe": 6.6,
            "roe_4q": -0.3100000000000005,
            "gross_profit": 326851,
            "gross_margin": 26.47,
            "gross_margin_4q_avg": 7.42,
            "net_income": 176464,
            "revenue": 1234652,
            "common_shares": 772311,
            "book_valuer_per_share": 34.47,
            "book_valuer_per_share_4q_avg": 33.38,
            "equity": 2766560,
            "current_ratio": 104.93,
            "debt_ratio": 51.48,
            "inventory_turnover_ratio": 1.68,
            "account_receivable_turnover_ratio": 1.3,
            "reinvestment_rate": null,
            "research_to_sale_ratio": 5.28,
            "price_fair": 0.24,
            "eps_avg_yearly": 0.08,
            "eps_latest_yearly": 0.08,
            "eps_growth_yearly": -385.19
        },
        "20104": {
            "year_quarter": 20104,
            "year": 2010,
            "quarter": 4,
            "eps": 5.66,
            "eps_growth_year": null,
            "eps_4q": 7.3,
            "eps_4q_growth_year": null,
            "roe": 15.35,
            "roe_4q": 20.4,
            "gross_profit": 792908,
            "gross_margin": 33.65,
            "gross_margin_4q_avg": 16.93,
            "net_income": 459669,
            "revenue": 2356076,
            "common_shares": 777311,
            "book_valuer_per_share": 39.96,
            "book_valuer_per_share_4q_avg": 34.85,
            "equity": 3224122,
            "current_ratio": 106.68,
            "debt_ratio": 53.46,
            "inventory_turnover_ratio": 2.35,
            "account_receivable_turnover_ratio": 1.65,
            "reinvestment_rate": null,
            "research_to_sale_ratio": 3.32,
            "price_fair": 792.4,
            "eps_avg_yearly": 22.64,
            "eps_latest_yearly": 22.64,
            "eps_growth_yearly": 648.15
        },
        "20111": {
            "year_quarter": 20111,
            "year": 2011,
            "quarter": 1,
            "eps": 1.66,
            "eps_growth_year": null,
            "eps_4q": 8.42,
            "eps_4q_growth_year": null,
            "roe": 3.49,
            "roe_4q": 23.889999999999997,
            "gross_profit": 427782,
            "gross_margin": 27.33,
            "gross_margin_4q_avg": 23.77,
            "net_income": 136148,
            "revenue": 1565413,
            "common_shares": 780801,
            "book_valuer_per_share": 53.71,
            "book_valuer_per_share_4q_avg": 40.12,
            "equity": 4574205,
            "current_ratio": 130.74,
            "debt_ratio": 47.56,
            "inventory_turnover_ratio": 1.3,
            "account_receivable_turnover_ratio": 0.96,
            "reinvestment_rate": null,
            "research_to_sale_ratio": 6.19,
            "price_fair": 512.4,
            "eps_avg_yearly": 14.64,
            "eps_latest_yearly": 6.64,
            "eps_growth_yearly": 182.73
        },
        "20112": {
            "year_quarter": 20112,
            "year": 2011,
            "quarter": 2,
            "eps": 1.88,
            "eps_growth_year": null,
            "eps_4q": 10.23,
            "eps_4q_growth_year": null,
            "roe": 3.27,
            "roe_4q": 28.71,
            "gross_profit": 423559,
            "gross_margin": 20.96,
            "gross_margin_4q_avg": 27.1,
            "net_income": 170207,
            "revenue": 2021091,
            "common_shares": 883191,
            "book_valuer_per_share": 64.49,
            "book_valuer_per_share_4q_avg": 48.16,
            "equity": 5825091,
            "current_ratio": 156.21,
            "debt_ratio": 44.9,
            "inventory_turnover_ratio": 1.47,
            "account_receivable_turnover_ratio": 1.18,
            "reinvestment_rate": null,
            "research_to_sale_ratio": 4.21,
            "price_fair": 429.33,
            "eps_avg_yearly": 12.27,
            "eps_latest_yearly": 7.52,
            "eps_growth_yearly": 139.49
        },
        "20113": {
            "year_quarter": 20113,
            "year": 2011,
            "quarter": 3,
            "eps": 4.85,
            "eps_growth_year": 124.1,
            "eps_4q": 13.18,
            "eps_4q_growth_year": null,
            "roe": 7.1,
            "roe_4q": 29.21,
            "gross_profit": 675222,
            "gross_margin": 28.05,
            "gross_margin_4q_avg": 27.5,
            "net_income": 434605,
            "revenue": 2407072,
            "common_shares": 885991,
            "book_valuer_per_share": 70.97,
            "book_valuer_per_share_4q_avg": 57.28,
            "equity": 6419472,
            "current_ratio": 135.88,
            "debt_ratio": 44.89,
            "inventory_turnover_ratio": 1.56,
            "account_receivable_turnover_ratio": 1.14,
            "reinvestment_rate": null,
            "research_to_sale_ratio": 4.2,
            "price_fair": 491.75,
            "eps_avg_yearly": 14.05,
            "eps_latest_yearly": 19.4,
            "eps_growth_yearly": 262.6
        },
        "20114": {
            "year_quarter": 20114,
            "year": 2011,
            "quarter": 4,
            "eps": 2.38,
            "eps_growth_year": -57.91,
            "eps_4q": 10.55,
            "eps_4q_growth_year": 44.46,
            "roe": 3.24,
            "roe_4q": 17.1,
            "gross_profit": 629158,
            "gross_margin": 25.82,
            "gross_margin_4q_avg": 25.54,
            "net_income": 210158,
            "revenue": 2436582,
            "common_shares": 886401,
            "book_valuer_per_share": 73.56,
            "book_valuer_per_share_4q_avg": 65.68,
            "equity": 6567919,
            "current_ratio": 133.61,
            "debt_ratio": 38.88,
            "inventory_turnover_ratio": 1.91,
            "account_receivable_turnover_ratio": 1.1,
            "reinvestment_rate": 4751.34,
            "research_to_sale_ratio": 4.19,
            "price_fair": 460.04,
            "eps_avg_yearly": 13.14,
            "eps_latest_yearly": 9.52,
            "eps_growth_yearly": 169.34
        },
        "20121": {
            "year_quarter": 20121,
            "year": 2012,
            "quarter": 1,
            "eps": 2.81,
            "eps_growth_year": 69.28,
            "eps_4q": 11.87,
            "eps_4q_growth_year": 40.99,
            "roe": 3.73,
            "roe_4q": 17.34,
            "gross_profit": 716937,
            "gross_margin": 23.72,
            "gross_margin_4q_avg": 24.64,
            "net_income": 248187,
            "revenue": 3022514,
            "common_shares": 888841,
            "book_valuer_per_share": 75.35,
            "book_valuer_per_share_4q_avg": 71.09,
            "equity": 6747229,
            "current_ratio": 135.58,
            "debt_ratio": 39.28,
            "inventory_turnover_ratio": 2.86,
            "account_receivable_turnover_ratio": 1.49,
            "reinvestment_rate": 1185.24,
            "research_to_sale_ratio": 4.81,
            "price_fair": 448.93,
            "eps_avg_yearly": 12.83,
            "eps_latest_yearly": 11.24,
            "eps_growth_yearly": 153.16
        },
        "20122": {
            "year_quarter": 20122,
            "year": 2012,
            "quarter": 2,
            "eps": 0.71,
            "eps_growth_year": -62.12,
            "eps_4q": 10.71,
            "eps_4q_growth_year": 4.71,
            "roe": 0.93,
            "roe_4q": 15,
            "gross_profit": 513749,
            "gross_margin": 23.69,
            "gross_margin_4q_avg": 25.32,
            "net_income": 62298,
            "revenue": 2168748,
            "common_shares": 891891,
            "book_valuer_per_share": 73.68,
            "book_valuer_per_share_4q_avg": 73.39,
            "equity": 6597270,
            "current_ratio": 125.68,
            "debt_ratio": 39.56,
            "inventory_turnover_ratio": 1.83,
            "account_receivable_turnover_ratio": 1.12,
            "reinvestment_rate": 865.59,
            "research_to_sale_ratio": 6.65,
            "price_fair": 399,
            "eps_avg_yearly": 11.4,
            "eps_latest_yearly": 2.84,
            "eps_growth_yearly": 88.57
        },
        "20123": {
            "year_quarter": 20123,
            "year": 2012,
            "quarter": 3,
            "eps": 2.24,
            "eps_growth_year": -53.78,
            "eps_4q": 8.13,
            "eps_4q_growth_year": -38.29,
            "roe": 2.95,
            "roe_4q": 10.850000000000001,
            "gross_profit": 647331,
            "gross_margin": 24.2,
            "gross_margin_4q_avg": 24.36,
            "net_income": 196950,
            "revenue": 2674640,
            "common_shares": 891951,
            "book_valuer_per_share": 75.61,
            "book_valuer_per_share_4q_avg": 74.55,
            "equity": 6768416,
            "current_ratio": 98.48,
            "debt_ratio": 46.89,
            "inventory_turnover_ratio": 1.86,
            "account_receivable_turnover_ratio": 1.32,
            "reinvestment_rate": 781.06,
            "research_to_sale_ratio": 5.86,
            "price_fair": 388.33,
            "eps_avg_yearly": 11.1,
            "eps_latest_yearly": 8.96,
            "eps_growth_yearly": 185.25
        },
        "20124": {
            "year_quarter": 20124,
            "year": 2012,
            "quarter": 4,
            "eps": 3.27,
            "eps_growth_year": 37.15,
            "eps_4q": 9.01,
            "eps_4q_growth_year": -14.58,
            "roe": 4.21,
            "roe_4q": 11.82,
            "gross_profit": 742375,
            "gross_margin": 21.02,
            "gross_margin_4q_avg": 23.16,
            "net_income": 291341,
            "revenue": 3532061,
            "common_shares": 894261,
            "book_valuer_per_share": 78.85,
            "book_valuer_per_share_4q_avg": 75.87,
            "equity": 7073506,
            "current_ratio": 84.79,
            "debt_ratio": 54.05,
            "inventory_turnover_ratio": 2.31,
            "account_receivable_turnover_ratio": 1.32,
            "reinvestment_rate": 632.44,
            "research_to_sale_ratio": 5.08,
            "price_fair": 396.04,
            "eps_avg_yearly": 11.32,
            "eps_latest_yearly": 13.08,
            "eps_growth_yearly": 185.1
        },
        "20131": {
            "year_quarter": 20131,
            "year": 2013,
            "quarter": 1,
            "eps": -0.41,
            "eps_growth_year": -114.59,
            "eps_4q": 5.21,
            "eps_4q_growth_year": -56.12,
            "roe": -0.47,
            "roe_4q": 7.62,
            "gross_profit": 232916,
            "gross_margin": 12.24,
            "gross_margin_4q_avg": 20.29,
            "net_income": -37693,
            "revenue": 1902151,
            "common_shares": 995991,
            "book_valuer_per_share": 88.89,
            "book_valuer_per_share_4q_avg": 79.26,
            "equity": 8875295,
            "current_ratio": 103.2,
            "debt_ratio": 42.58,
            "inventory_turnover_ratio": 1.15,
            "account_receivable_turnover_ratio": 0.86,
            "reinvestment_rate": 325.48,
            "research_to_sale_ratio": 9.38,
            "price_fair": 396.04,
            "eps_avg_yearly": 11.32,
            "eps_latest_yearly": 13.08,
            "eps_growth_yearly": 185.1
        },
        "20132": {
            "year_quarter": 20132,
            "year": 2013,
            "quarter": 2,
            "eps": -2.24,
            "eps_growth_year": -414.76,
            "eps_4q": 2.33,
            "eps_4q_growth_year": -78.26,
            "roe": -2.57,
            "roe_4q": 4.12,
            "gross_profit": 51362,
            "gross_margin": 2.3,
            "gross_margin_4q_avg": 14.94,
            "net_income": -223998,
            "revenue": 2230968,
            "common_shares": 996711,
            "book_valuer_per_share": 85.36,
            "book_valuer_per_share_4q_avg": 82.18,
            "equity": 8529556,
            "current_ratio": 89.4,
            "debt_ratio": 41.14,
            "inventory_turnover_ratio": 1.33,
            "account_receivable_turnover_ratio": 1.49,
            "reinvestment_rate": 351.88,
            "research_to_sale_ratio": 7.81,
            "price_fair": 396.04,
            "eps_avg_yearly": 11.32,
            "eps_latest_yearly": 13.08,
            "eps_growth_yearly": 185.1
        },
        "20133": {
            "year_quarter": 20133,
            "year": 2013,
            "quarter": 3,
            "eps": -0.72,
            "eps_growth_year": -132.12,
            "eps_4q": -0.4,
            "eps_4q_growth_year": -104.93,
            "roe": -0.87,
            "roe_4q": 0.2999999999999998,
            "gross_profit": 326255,
            "gross_margin": 10.8,
            "gross_margin_4q_avg": 11.59,
            "net_income": -73399,
            "revenue": 3020973,
            "common_shares": 997041,
            "book_valuer_per_share": 84.17,
            "book_valuer_per_share_4q_avg": 84.32,
            "equity": 8412117,
            "current_ratio": 88.41,
            "debt_ratio": 42.63,
            "inventory_turnover_ratio": 1.7,
            "account_receivable_turnover_ratio": 1.42,
            "reinvestment_rate": 331.97,
            "research_to_sale_ratio": 6.8,
            "price_fair": 396.04,
            "eps_avg_yearly": 11.32,
            "eps_latest_yearly": 13.08,
            "eps_growth_yearly": 185.1
        },
        "20134": {
            "year_quarter": 20134,
            "year": 2013,
            "quarter": 4,
            "eps": -0.32,
            "eps_growth_year": -109.71,
            "eps_4q": -3.65,
            "eps_4q_growth_year": -140.47,
            "roe": -0.37,
            "roe_4q": -4.279999999999999,
            "gross_profit": 218049,
            "gross_margin": 8.94,
            "gross_margin_4q_avg": 8.57,
            "net_income": -31414,
            "revenue": 2438340,
            "common_shares": 997711,
            "book_valuer_per_share": 84.79,
            "book_valuer_per_share_4q_avg": 85.8,
            "equity": 8480306,
            "current_ratio": 86.72,
            "debt_ratio": 39.74,
            "inventory_turnover_ratio": 1.5,
            "account_receivable_turnover_ratio": 1.15,
            "reinvestment_rate": 323.82,
            "research_to_sale_ratio": 7.06,
            "price_fair": 396.04,
            "eps_avg_yearly": 11.32,
            "eps_latest_yearly": 13.08,
            "eps_growth_yearly": 185.1
        },
        "20141": {
            "year_quarter": 20141,
            "year": 2014,
            "quarter": 1,
            "eps": -3.5,
            "eps_growth_year": null,
            "eps_4q": -6.78,
            "eps_4q_growth_year": -230.14,
            "roe": -4.23,
            "roe_4q": -8.040000000000001,
            "gross_profit": 9596,
            "gross_margin": 0.49,
            "gross_margin_4q_avg": 5.63,
            "net_income": -350531,
            "revenue": 1965508,
            "common_shares": 997711,
            "book_valuer_per_share": 80.96,
            "book_valuer_per_share_4q_avg": 83.82,
            "equity": 8096550,
            "current_ratio": 79.31,
            "debt_ratio": 38.87,
            "inventory_turnover_ratio": 1.5,
            "account_receivable_turnover_ratio": 1.17,
            "reinvestment_rate": 373.07,
            "research_to_sale_ratio": 10.88,
            "price_fair": 396.04,
            "eps_avg_yearly": 11.32,
            "eps_latest_yearly": 13.08,
            "eps_growth_yearly": 185.1
        },
        "20142": {
            "year_quarter": 20142,
            "year": 2014,
            "quarter": 2,
            "eps": -3.02,
            "eps_growth_year": null,
            "eps_4q": -7.56,
            "eps_4q_growth_year": -424.72,
            "roe": -3.82,
            "roe_4q": -9.29,
            "gross_profit": 102974,
            "gross_margin": 4.83,
            "gross_margin_4q_avg": 6.27,
            "net_income": -302479,
            "revenue": 2132143,
            "common_shares": 997711,
            "book_valuer_per_share": 77.2,
            "book_valuer_per_share_4q_avg": 81.78,
            "equity": 7719910,
            "current_ratio": 76.21,
            "debt_ratio": 43.14,
            "inventory_turnover_ratio": 1.64,
            "account_receivable_turnover_ratio": 1.13,
            "reinvestment_rate": 319.99,
            "research_to_sale_ratio": 8.74,
            "price_fair": 396.04,
            "eps_avg_yearly": 11.32,
            "eps_latest_yearly": 13.08,
            "eps_growth_yearly": 185.1
        },
        "20143": {
            "year_quarter": 20143,
            "year": 2014,
            "quarter": 3,
            "eps": -0.12,
            "eps_growth_year": null,
            "eps_4q": -6.96,
            "eps_4q_growth_year": null,
            "roe": -0.16,
            "roe_4q": -8.58,
            "gross_profit": 363282,
            "gross_margin": 12.08,
            "gross_margin_4q_avg": 6.59,
            "net_income": -12530,
            "revenue": 3006207,
            "common_shares": 997711,
            "book_valuer_per_share": 78.2,
            "book_valuer_per_share_4q_avg": 80.29,
            "equity": 7918334,
            "current_ratio": 77.17,
            "debt_ratio": 47.87,
            "inventory_turnover_ratio": 1.96,
            "account_receivable_turnover_ratio": 1.19,
            "reinvestment_rate": 373.2,
            "research_to_sale_ratio": 6.64,
            "price_fair": 396.04,
            "eps_avg_yearly": 11.32,
            "eps_latest_yearly": 13.08,
            "eps_growth_yearly": 185.1
        },
        "20144": {
            "year_quarter": 20144,
            "year": 2014,
            "quarter": 4,
            "eps": -0.31,
            "eps_growth_year": null,
            "eps_4q": -6.95,
            "eps_4q_growth_year": null,
            "roe": -0.5,
            "roe_4q": -8.71,
            "gross_profit": 472684,
            "gross_margin": 14.51,
            "gross_margin_4q_avg": 7.98,
            "net_income": -39651,
            "revenue": 3257416,
            "common_shares": 997711,
            "book_valuer_per_share": 79.2,
            "book_valuer_per_share_4q_avg": 78.89,
            "equity": 8013964,
            "current_ratio": 80.37,
            "debt_ratio": 48.31,
            "inventory_turnover_ratio": 2.09,
            "account_receivable_turnover_ratio": 1.09,
            "reinvestment_rate": 544.01,
            "research_to_sale_ratio": 7.08,
            "price_fair": 346.5,
            "eps_avg_yearly": 9.9,
            "eps_latest_yearly": 13.08,
            "eps_growth_yearly": 127.22
        },
        "20151": {
            "year_quarter": 20151,
            "year": 2015,
            "quarter": 1,
            "eps": -4.72,
            "eps_growth_year": null,
            "eps_4q": -8.17,
            "eps_4q_growth_year": null,
            "roe": -6.13,
            "roe_4q": -10.61,
            "gross_profit": -8051,
            "gross_margin": -0.48,
            "gross_margin_4q_avg": 7.74,
            "net_income": -475379,
            "revenue": 1686153,
            "common_shares": 997711,
            "book_valuer_per_share": 74.08,
            "book_valuer_per_share_4q_avg": 77.17,
            "equity": 7498560,
            "current_ratio": 70.17,
            "debt_ratio": 47.03,
            "inventory_turnover_ratio": 1.27,
            "account_receivable_turnover_ratio": 0.76,
            "reinvestment_rate": 3392.99,
            "research_to_sale_ratio": 15.73,
            "price_fair": 362.8,
            "eps_avg_yearly": 10.37,
            "eps_latest_yearly": 13.08,
            "eps_growth_yearly": 185.78
        },
        "20152": {
            "year_quarter": 20152,
            "year": 2015,
            "quarter": 2,
            "eps": -4.59,
            "eps_growth_year": null,
            "eps_4q": -9.74,
            "eps_4q_growth_year": null,
            "roe": -6.38,
            "roe_4q": -13.17,
            "gross_profit": -56430,
            "gross_margin": -2.59,
            "gross_margin_4q_avg": 5.88,
            "net_income": -462378,
            "revenue": 2180250,
            "common_shares": 997711,
            "book_valuer_per_share": 69.06,
            "book_valuer_per_share_4q_avg": 75.14,
            "equity": 6991597,
            "current_ratio": 64.54,
            "debt_ratio": 48.81,
            "inventory_turnover_ratio": 1.75,
            "account_receivable_turnover_ratio": 1.3,
            "reinvestment_rate": null,
            "research_to_sale_ratio": 11.48,
            "price_fair": 379.4,
            "eps_avg_yearly": 10.84,
            "eps_latest_yearly": 13.08,
            "eps_growth_yearly": 207.91
        },
        "20153": {
            "year_quarter": 20153,
            "year": 2015,
            "quarter": 3,
            "eps": -0.53,
            "eps_growth_year": null,
            "eps_4q": -10.15,
            "eps_4q_growth_year": null,
            "roe": -0.84,
            "roe_4q": -13.85,
            "gross_profit": 420293,
            "gross_margin": 16.83,
            "gross_margin_4q_avg": 7.07,
            "net_income": -58838,
            "revenue": 2497680,
            "common_shares": 997711,
            "book_valuer_per_share": 69.95,
            "book_valuer_per_share_4q_avg": 73.07,
            "equity": 7078097,
            "current_ratio": 65.3,
            "debt_ratio": 51.53,
            "inventory_turnover_ratio": 1.81,
            "account_receivable_turnover_ratio": 1.19,
            "reinvestment_rate": null,
            "research_to_sale_ratio": 10.91,
            "price_fair": 319.48,
            "eps_avg_yearly": 9.13,
            "eps_latest_yearly": 13.08,
            "eps_growth_yearly": 123.11
        },
        "20154": {
            "year_quarter": 20154,
            "year": 2015,
            "quarter": 4,
            "eps": -1.47,
            "eps_growth_year": null,
            "eps_4q": -11.3,
            "eps_4q_growth_year": null,
            "roe": -2.2,
            "roe_4q": -15.55,
            "gross_profit": 369320,
            "gross_margin": 13.79,
            "gross_margin_4q_avg": 6.89,
            "net_income": -152855,
            "revenue": 2678607,
            "common_shares": 997711,
            "book_valuer_per_share": 67.65,
            "book_valuer_per_share_4q_avg": 70.19,
            "equity": 6839601,
            "current_ratio": 73.29,
            "debt_ratio": 52.52,
            "inventory_turnover_ratio": 2,
            "account_receivable_turnover_ratio": 1.19,
            "reinvestment_rate": null,
            "research_to_sale_ratio": 10.07,
            "price_fair": 316.05,
            "eps_avg_yearly": 9.03,
            "eps_latest_yearly": 13.08,
            "eps_growth_yearly": 204.81
        },
        "20161": {
            "year_quarter": 20161,
            "year": 2016,
            "quarter": 1,
            "eps": -3.17,
            "eps_growth_year": null,
            "eps_4q": -9.75,
            "eps_4q_growth_year": null,
            "roe": -4.8,
            "roe_4q": -14.219999999999999,
            "gross_profit": 63006,
            "gross_margin": 5.45,
            "gross_margin_4q_avg": 8.37,
            "net_income": -319306,
            "revenue": 1155340,
            "common_shares": 997711,
            "book_valuer_per_share": 63.82,
            "book_valuer_per_share_4q_avg": 67.62,
            "equity": 6453134,
            "current_ratio": 66.78,
            "debt_ratio": 48.96,
            "inventory_turnover_ratio": 0.9,
            "account_receivable_turnover_ratio": 0.7,
            "reinvestment_rate": null,
            "research_to_sale_ratio": 19.69,
            "price_fair": 290.27,
            "eps_avg_yearly": 8.29,
            "eps_latest_yearly": 13.08,
            "eps_growth_yearly": 248.99
        },
        "20162": {
            "year_quarter": 20162,
            "year": 2016,
            "quarter": 2,
            "eps": -2.71,
            "eps_growth_year": null,
            "eps_4q": -7.87,
            "eps_4q_growth_year": null,
            "roe": -4.39,
            "roe_4q": -12.23,
            "gross_profit": 235421,
            "gross_margin": 14.43,
            "gross_margin_4q_avg": 12.63,
            "net_income": -275453,
            "revenue": 1631897,
            "common_shares": 997711,
            "book_valuer_per_share": 60.28,
            "book_valuer_per_share_4q_avg": 65.43,
            "equity": 6092743,
            "current_ratio": 66.09,
            "debt_ratio": 49.66,
            "inventory_turnover_ratio": 1.19,
            "account_receivable_turnover_ratio": 1.31,
            "reinvestment_rate": null,
            "research_to_sale_ratio": 15.81,
            "price_fair": 385.7,
            "eps_avg_yearly": 11.02,
            "eps_latest_yearly": 13.08,
            "eps_growth_yearly": 522.95
        },
        "20163": {
            "year_quarter": 20163,
            "year": 2016,
            "quarter": 3,
            "eps": 1.15,
            "eps_growth_year": null,
            "eps_4q": -6.19,
            "eps_4q_growth_year": null,
            "roe": 1.85,
            "roe_4q": -9.54,
            "gross_profit": 626576,
            "gross_margin": 29.65,
            "gross_margin_4q_avg": 15.83,
            "net_income": 112762,
            "revenue": 2113000,
            "common_shares": 997711,
            "book_valuer_per_share": 60.28,
            "book_valuer_per_share_4q_avg": 63.01,
            "equity": 6087739,
            "current_ratio": 71.16,
            "debt_ratio": 46.73,
            "inventory_turnover_ratio": 1.59,
            "account_receivable_turnover_ratio": 1.39,
            "reinvestment_rate": null,
            "research_to_sale_ratio": 11.2,
            "price_fair": 457.8,
            "eps_avg_yearly": 13.08,
            "eps_latest_yearly": 13.08,
            "eps_growth_yearly": 183.93
        },
        "20164": {
            "year_quarter": 20164,
            "year": 2016,
            "quarter": 4,
            "eps": 3.18,
            "eps_growth_year": null,
            "eps_4q": -1.54,
            "eps_4q_growth_year": null,
            "roe": 5.01,
            "roe_4q": -2.33,
            "gross_profit": 818585,
            "gross_margin": 38.49,
            "gross_margin_4q_avg": 22.01,
            "net_income": 311412,
            "revenue": 2126746,
            "common_shares": 997711,
            "book_valuer_per_share": 62.98,
            "book_valuer_per_share_4q_avg": 61.84,
            "equity": 6350271,
            "current_ratio": 80.52,
            "debt_ratio": 43.08,
            "inventory_turnover_ratio": 1.67,
            "account_receivable_turnover_ratio": 1.25,
            "reinvestment_rate": null,
            "research_to_sale_ratio": 10.79,
            "price_fair": 445.2,
            "eps_avg_yearly": 12.72,
            "eps_latest_yearly": 12.72,
            "eps_growth_yearly": 706.09
        },
        "20171": {
            "year_quarter": 20171,
            "year": 2017,
            "quarter": 1,
            "eps": 0.08,
            "eps_growth_year": null,
            "eps_4q": 1.71,
            "eps_4q_growth_year": null,
            "roe": 0.09,
            "roe_4q": 2.5599999999999996,
            "gross_profit": 525551,
            "gross_margin": 34.8,
            "gross_margin_4q_avg": 29.34,
            "net_income": 5890,
            "revenue": 1510337,
            "common_shares": 997711,
            "book_valuer_per_share": 61.35,
            "book_valuer_per_share_4q_avg": 61.22,
            "equity": 6181913,
            "current_ratio": 83.65,
            "debt_ratio": 39.33,
            "inventory_turnover_ratio": 1.36,
            "account_receivable_turnover_ratio": 1.08,
            "reinvestment_rate": null,
            "research_to_sale_ratio": 14.97,
            "price_fair": 228.2,
            "eps_avg_yearly": 6.52,
            "eps_latest_yearly": 0.32,
            "eps_growth_yearly": 158.07
        },
        "20172": {
            "year_quarter": 20172,
            "year": 2017,
            "quarter": 2,
            "eps": 1.48,
            "eps_growth_year": null,
            "eps_4q": 5.9,
            "eps_4q_growth_year": null,
            "roe": 2.31,
            "roe_4q": 9.26,
            "gross_profit": 607765,
            "gross_margin": 42.93,
            "gross_margin_4q_avg": 36.47,
            "net_income": 145568,
            "revenue": 1415795,
            "common_shares": 997711,
            "book_valuer_per_share": 63.64,
            "book_valuer_per_share_4q_avg": 62.06,
            "equity": 6408190,
            "current_ratio": 89.68,
            "debt_ratio": 40.6,
            "inventory_turnover_ratio": 0.97,
            "account_receivable_turnover_ratio": 1.13,
            "reinvestment_rate": null,
            "research_to_sale_ratio": 16.65,
            "price_fair": 221.2,
            "eps_avg_yearly": 6.32,
            "eps_latest_yearly": 5.92,
            "eps_growth_yearly": 2438.72
        },
        "20173": {
            "year_quarter": 20173,
            "year": 2017,
            "quarter": 3,
            "eps": 3.14,
            "eps_growth_year": 173.04,
            "eps_4q": 7.88,
            "eps_4q_growth_year": null,
            "roe": 4.67,
            "roe_4q": 12.08,
            "gross_profit": 870120,
            "gross_margin": 36.67,
            "gross_margin_4q_avg": 38.22,
            "net_income": 308098,
            "revenue": 2372817,
            "common_shares": 997711,
            "book_valuer_per_share": 67.45,
            "book_valuer_per_share_4q_avg": 63.86,
            "equity": 6784394,
            "current_ratio": 92.48,
            "debt_ratio": 42.39,
            "inventory_turnover_ratio": 1.82,
            "account_receivable_turnover_ratio": 1.26,
            "reinvestment_rate": null,
            "research_to_sale_ratio": 13.25,
            "price_fair": 275.8,
            "eps_avg_yearly": 7.88,
            "eps_latest_yearly": 12.56,
            "eps_growth_yearly": 1941.2
        },
        "20174": {
            "year_quarter": 20174,
            "year": 2017,
            "quarter": 4,
            "eps": 5.8,
            "eps_growth_year": 82.23,
            "eps_4q": 10.5,
            "eps_4q_growth_year": null,
            "roe": 8.1,
            "roe_4q": 15.17,
            "gross_profit": 1267571,
            "gross_margin": 46.79,
            "gross_margin_4q_avg": 40.3,
            "net_income": 573891,
            "revenue": 2708859,
            "common_shares": 997711,
            "book_valuer_per_share": 73.58,
            "book_valuer_per_share_4q_avg": 66.51,
            "equity": 7392192,
            "current_ratio": 104.15,
            "debt_ratio": 40.39,
            "inventory_turnover_ratio": 2.12,
            "account_receivable_turnover_ratio": 1.09,
            "reinvestment_rate": null,
            "research_to_sale_ratio": 11.93,
            "price_fair": 383.04,
            "eps_avg_yearly": 10.94,
            "eps_latest_yearly": 23.2,
            "eps_growth_yearly": 1620.73
        },
        "20181": {
            "year_quarter": 20181,
            "year": 2018,
            "quarter": 1,
            "eps": 1.98,
            "eps_growth_year": 2375,
            "eps_4q": 12.4,
            "eps_4q_growth_year": 627.14,
            "roe": 2.6,
            "roe_4q": 17.68,
            "gross_profit": 737039,
            "gross_margin": 40.46,
            "gross_margin_4q_avg": 41.71,
            "net_income": 195440,
            "revenue": 1821863,
            "common_shares": 997711,
            "book_valuer_per_share": 76.19,
            "book_valuer_per_share_4q_avg": 70.22,
            "equity": 7650704,
            "current_ratio": 112.4,
            "debt_ratio": 37.37,
            "inventory_turnover_ratio": 1.54,
            "account_receivable_turnover_ratio": 0.85,
            "reinvestment_rate": null,
            "research_to_sale_ratio": 14.62,
            "price_fair": 365.4,
            "eps_avg_yearly": 10.44,
            "eps_latest_yearly": 7.92,
            "eps_growth_yearly": 1306.7
        },
        "20182": {
            "year_quarter": 20182,
            "year": 2018,
            "quarter": 2,
            "eps": 1.77,
            "eps_growth_year": 19.59,
            "eps_4q": 12.68,
            "eps_4q_growth_year": 114.94,
            "roe": 2.27,
            "roe_4q": 17.64,
            "gross_profit": 672318,
            "gross_margin": 41.48,
            "gross_margin_4q_avg": 41.35,
            "net_income": 171627,
            "revenue": 1620996,
            "common_shares": 997711,
            "book_valuer_per_share": 74.17,
            "book_valuer_per_share_4q_avg": 72.85,
            "equity": 7443918,
            "current_ratio": 105.45,
            "debt_ratio": 39.66,
            "inventory_turnover_ratio": 1,
            "account_receivable_turnover_ratio": 0.92,
            "reinvestment_rate": -1591.28,
            "research_to_sale_ratio": 17.16,
            "price_fair": 348.6,
            "eps_avg_yearly": 9.96,
            "eps_latest_yearly": 7.08,
            "eps_growth_yearly": 1113.97
        },
        "20183": {
            "year_quarter": 20183,
            "year": 2018,
            "quarter": 3,
            "eps": 2.73,
            "eps_growth_year": -13.06,
            "eps_4q": 12.27,
            "eps_4q_growth_year": 55.69,
            "roe": 3.63,
            "roe_4q": 16.6,
            "gross_profit": 897112,
            "gross_margin": 37.75,
            "gross_margin_4q_avg": 41.62,
            "net_income": 272009,
            "revenue": 2376703,
            "common_shares": 997711,
            "book_valuer_per_share": 75.32,
            "book_valuer_per_share_4q_avg": 74.82,
            "equity": 7556793,
            "current_ratio": 118.12,
            "debt_ratio": 39.45,
            "inventory_turnover_ratio": 1.36,
            "account_receivable_turnover_ratio": 1.11,
            "reinvestment_rate": -605.96,
            "research_to_sale_ratio": 11.72,
            "price_fair": 352.8,
            "eps_avg_yearly": 10.08,
            "eps_latest_yearly": 10.92,
            "eps_growth_yearly": 1001.84
        },
        "20184": {
            "year_quarter": 20184,
            "year": 2018,
            "quarter": 4,
            "eps": 2.89,
            "eps_growth_year": -50.15,
            "eps_4q": 9.34,
            "eps_4q_growth_year": -11.08,
            "roe": 3.41,
            "roe_4q": 11.91,
            "gross_profit": 759947,
            "gross_margin": 36.28,
            "gross_margin_4q_avg": 38.99,
            "net_income": 264012,
            "revenue": 2094690,
            "common_shares": 997711,
            "book_valuer_per_share": 78.79,
            "book_valuer_per_share_4q_avg": 76.12,
            "equity": 7911930,
            "current_ratio": 129.33,
            "debt_ratio": 37.12,
            "inventory_turnover_ratio": 1.31,
            "account_receivable_turnover_ratio": 0.9,
            "reinvestment_rate": -407.95,
            "research_to_sale_ratio": 14.58,
            "price_fair": 358.56,
            "eps_avg_yearly": 10.24,
            "eps_latest_yearly": 11.56,
            "eps_growth_yearly": 893.13
        },
        "20191": {
            "year_quarter": 20191,
            "year": 2019,
            "quarter": 1,
            "eps": 0.05,
            "eps_growth_year": -97.47,
            "eps_4q": 7.38,
            "eps_4q_growth_year": -40.53,
            "roe": 0.02,
            "roe_4q": 9.33,
            "gross_profit": 390198,
            "gross_margin": 35.05,
            "gross_margin_4q_avg": 37.64,
            "net_income": 1256,
            "revenue": 1113346,
            "common_shares": 1001913,
            "book_valuer_per_share": 80.17,
            "book_valuer_per_share_4q_avg": 77.11,
            "equity": 8105483,
            "current_ratio": 137.1,
            "debt_ratio": 36.65,
            "inventory_turnover_ratio": 0.6,
            "account_receivable_turnover_ratio": 0.58,
            "reinvestment_rate": -243.96,
            "research_to_sale_ratio": 22.6,
            "price_fair": 323.4,
            "eps_avg_yearly": 9.24,
            "eps_latest_yearly": 0.2,
            "eps_growth_yearly": 764.51
        },
        "20192": {
            "year_quarter": 20192,
            "year": 2019,
            "quarter": 2,
            "eps": 2.16,
            "eps_growth_year": 22.03,
            "eps_4q": 7.79,
            "eps_4q_growth_year": -38.58,
            "roe": 2.91,
            "roe_4q": 9.969999999999999,
            "gross_profit": 862106,
            "gross_margin": 41.17,
            "gross_margin_4q_avg": 37.56,
            "net_income": 233297,
            "revenue": 2094135,
            "common_shares": 1007665,
            "book_valuer_per_share": 78.14,
            "book_valuer_per_share_4q_avg": 78.11,
            "equity": 7920910,
            "current_ratio": 103.97,
            "debt_ratio": 46.44,
            "inventory_turnover_ratio": 0.82,
            "account_receivable_turnover_ratio": 1.04,
            "reinvestment_rate": -127.84,
            "research_to_sale_ratio": 15.9,
            "price_fair": 321.49,
            "eps_avg_yearly": 9.19,
            "eps_latest_yearly": 8.64,
            "eps_growth_yearly": 2229.55
        },
        "20193": {
            "year_quarter": 20193,
            "year": 2019,
            "quarter": 3,
            "eps": 12.9,
            "eps_growth_year": 372.53,
            "eps_4q": 17.99,
            "eps_4q_growth_year": 46.53,
            "roe": 15.29,
            "roe_4q": 21.63,
            "gross_profit": 2491856,
            "gross_margin": 49.27,
            "gross_margin_4q_avg": 40.44,
            "net_income": 1294381,
            "revenue": 5057402,
            "common_shares": 1008035,
            "book_valuer_per_share": 88.99,
            "book_valuer_per_share_4q_avg": 81.52,
            "equity": 9010376,
            "current_ratio": 126.16,
            "debt_ratio": 47.61,
            "inventory_turnover_ratio": 2.05,
            "account_receivable_turnover_ratio": 1.46,
            "reinvestment_rate": -46.18,
            "research_to_sale_ratio": 8.08,
            "price_fair": 445.2,
            "eps_avg_yearly": 12.72,
            "eps_latest_yearly": 51.6,
            "eps_growth_yearly": 2209.5
        },
        "20194": {
            "year_quarter": 20194,
            "year": 2019,
            "quarter": 4,
            "eps": 8.99,
            "eps_growth_year": 210.76,
            "eps_4q": 22.7,
            "eps_4q_growth_year": 143.13,
            "roe": 8.8,
            "roe_4q": 27.02,
            "gross_profit": 1910767,
            "gross_margin": 50.54,
            "gross_margin_4q_avg": 44.01,
            "net_income": 994305,
            "revenue": 3780928,
            "common_shares": 1108365,
            "book_valuer_per_share": 121.95,
            "book_valuer_per_share_4q_avg": 92.31,
            "equity": 13581214,
            "current_ratio": 197.12,
            "debt_ratio": 35.44,
            "inventory_turnover_ratio": 1.91,
            "account_receivable_turnover_ratio": 0.95,
            "reinvestment_rate": -20.02,
            "research_to_sale_ratio": 10.81,
            "price_fair": 507.77,
            "eps_avg_yearly": 14.51,
            "eps_latest_yearly": 35.96,
            "eps_growth_yearly": 2030.21
        },
        "20201": {
            "year_quarter": 20201,
            "year": 2020,
            "quarter": 1,
            "eps": 4.59,
            "eps_growth_year": 9080,
            "eps_4q": 27.2,
            "eps_4q_growth_year": 268.72,
            "roe": 3.71,
            "roe_4q": 30.71,
            "gross_profit": 1176761,
            "gross_margin": 43.62,
            "gross_margin_4q_avg": 46.15,
            "net_income": 512968,
            "revenue": 2697537,
            "common_shares": 1110927,
            "book_valuer_per_share": 125.75,
            "book_valuer_per_share_4q_avg": 103.71,
            "equity": 14039265,
            "current_ratio": 172.19,
            "debt_ratio": 35.05,
            "inventory_turnover_ratio": 1.42,
            "account_receivable_turnover_ratio": 0.95,
            "reinvestment_rate": 1.6,
            "research_to_sale_ratio": 9.55,
            "price_fair": 517.4,
            "eps_avg_yearly": 14.78,
            "eps_latest_yearly": 18.36,
            "eps_growth_yearly": 1871.21
        },
        "20202": {
            "year_quarter": 20202,
            "year": 2020,
            "quarter": 2,
            "eps": 4.44,
            "eps_growth_year": 105.56,
            "eps_4q": 29.65,
            "eps_4q_growth_year": 280.68,
            "roe": 3.58,
            "roe_4q": 31.38,
            "gross_profit": 1323935,
            "gross_margin": 42.85,
            "gross_margin_4q_avg": 46.57,
            "net_income": 491492,
            "revenue": 3089927,
            "common_shares": 1113657,
            "book_valuer_per_share": 119.94,
            "book_valuer_per_share_4q_avg": 114.16,
            "equity": 13399929,
            "current_ratio": 123.45,
            "debt_ratio": 40.66,
            "inventory_turnover_ratio": 1.2,
            "account_receivable_turnover_ratio": 1.13,
            "reinvestment_rate": 21.8,
            "research_to_sale_ratio": 11.16,
            "price_fair": 524.35,
            "eps_avg_yearly": 14.98,
            "eps_latest_yearly": 17.76,
            "eps_growth_yearly": 1745.59
        },
        "20203": {
            "year_quarter": 20203,
            "year": 2020,
            "quarter": 3,
            "eps": 9.44,
            "eps_growth_year": -26.82,
            "eps_4q": 27.41,
            "eps_4q_growth_year": 52.41,
            "roe": 7.54,
            "roe_4q": 23.630000000000003,
            "gross_profit": 2194328,
            "gross_margin": 42.3,
            "gross_margin_4q_avg": 44.83,
            "net_income": 1056306,
            "revenue": 5187974,
            "common_shares": 1114590,
            "book_valuer_per_share": 130.9,
            "book_valuer_per_share_4q_avg": 124.64,
            "equity": 14620419,
            "current_ratio": 146.09,
            "debt_ratio": 39.8,
            "inventory_turnover_ratio": 1.7,
            "account_receivable_turnover_ratio": 1.35,
            "reinvestment_rate": 49.52,
            "research_to_sale_ratio": 8.38,
            "price_fair": 574.18,
            "eps_avg_yearly": 16.41,
            "eps_latest_yearly": 37.76,
            "eps_growth_yearly": 1664.65
        },
        "20204": {
            "year_quarter": 20204,
            "year": 2020,
            "quarter": 4,
            "eps": 8.94,
            "eps_growth_year": -0.51,
            "eps_4q": 27.36,
            "eps_4q_growth_year": 20.52,
            "roe": 6.45,
            "roe_4q": 21.28,
            "gross_profit": 2215028,
            "gross_margin": 44.98,
            "gross_margin_4q_avg": 43.44,
            "net_income": 980245,
            "revenue": 4924719,
            "common_shares": 1114731,
            "book_valuer_per_share": 141.37,
            "book_valuer_per_share_4q_avg": 129.49,
            "equity": 15796741,
            "current_ratio": 157.08,
            "debt_ratio": 39.63,
            "inventory_turnover_ratio": 1.61,
            "account_receivable_turnover_ratio": 1.27,
            "reinvestment_rate": 87.08,
            "research_to_sale_ratio": 9.31,
            "price_fair": 624.58,
            "eps_avg_yearly": 17.85,
            "eps_latest_yearly": 35.76,
            "eps_growth_yearly": 1619.19
        },
        "20211": {
            "year_quarter": 20211,
            "year": 2021,
            "quarter": 1,
            "eps": 2.5,
            "eps_growth_year": -45.53,
            "eps_4q": 25.24,
            "eps_4q_growth_year": -7.19,
            "roe": 1.75,
            "roe_4q": 19.32,
            "gross_profit": 915226,
            "gross_margin": 35.69,
            "gross_margin_4q_avg": 41.46,
            "net_income": 279694,
            "revenue": 2564241,
            "common_shares": 1116675,
            "book_valuer_per_share": 143.64,
            "book_valuer_per_share_4q_avg": 133.96,
            "equity": 16080982,
            "current_ratio": 151.81,
            "debt_ratio": 38.09,
            "inventory_turnover_ratio": 0.77,
            "account_receivable_turnover_ratio": 0.9,
            "reinvestment_rate": 91.37,
            "research_to_sale_ratio": 14.55,
            "price_fair": 645.75,
            "eps_avg_yearly": 18.45,
            "eps_latest_yearly": 10,
            "eps_growth_yearly": 1625.55
        },
        "20212": {
            "year_quarter": 20212,
            "year": 2021,
            "quarter": 2,
            "eps": 1.06,
            "eps_growth_year": -76.13,
            "eps_4q": 21.87,
            "eps_4q_growth_year": -26.25,
            "roe": 0.77,
            "roe_4q": 16.51,
            "gross_profit": 767827,
            "gross_margin": 30.25,
            "gross_margin_4q_avg": 38.31,
            "net_income": 120237,
            "revenue": 2538597,
            "common_shares": 1118821,
            "book_valuer_per_share": 133.92,
            "book_valuer_per_share_4q_avg": 137.46,
            "equity": 14992660,
            "current_ratio": 116.96,
            "debt_ratio": 41.42,
            "inventory_turnover_ratio": 0.62,
            "account_receivable_turnover_ratio": 1.04,
            "reinvestment_rate": 99.96,
            "research_to_sale_ratio": 18.23,
            "price_fair": 642.08,
            "eps_avg_yearly": 18.35,
            "eps_latest_yearly": 4.24,
            "eps_growth_yearly": 1173.65
        },
        "20213": {
            "year_quarter": 20213,
            "year": 2021,
            "quarter": 3,
            "eps": 8.71,
            "eps_growth_year": -7.73,
            "eps_4q": 21.17,
            "eps_4q_growth_year": -22.76,
            "roe": 6.3,
            "roe_4q": 15.27,
            "gross_profit": 2157074,
            "gross_margin": 36.44,
            "gross_margin_4q_avg": 36.84,
            "net_income": 974752,
            "revenue": 5918923,
            "common_shares": 1119471,
            "book_valuer_per_share": 142.55,
            "book_valuer_per_share_4q_avg": 140.37,
            "equity": 15967175,
            "current_ratio": 138.21,
            "debt_ratio": 44.14,
            "inventory_turnover_ratio": 1.35,
            "account_receivable_turnover_ratio": 1.52,
            "reinvestment_rate": 96.07,
            "research_to_sale_ratio": 9.1,
            "price_fair": 690.81,
            "eps_avg_yearly": 19.74,
            "eps_latest_yearly": 34.84,
            "eps_growth_yearly": 1326.04
        },
        "20214": {
            "year_quarter": 20214,
            "year": 2021,
            "quarter": 4,
            "eps": 8.23,
            "eps_growth_year": -7.95,
            "eps_4q": 20.47,
            "eps_4q_growth_year": -25.2,
            "roe": 5.49,
            "roe_4q": 14.309999999999999,
            "gross_profit": 2077463,
            "gross_margin": 36.35,
            "gross_margin_4q_avg": 34.68,
            "net_income": 907040,
            "revenue": 5714692,
            "common_shares": 1120077,
            "book_valuer_per_share": 152.44,
            "book_valuer_per_share_4q_avg": 143.14,
            "equity": 17086459,
            "current_ratio": 146.07,
            "debt_ratio": 43.91,
            "inventory_turnover_ratio": 1.75,
            "account_receivable_turnover_ratio": 1.13,
            "reinvestment_rate": 98.94,
            "research_to_sale_ratio": 9.93,
            "price_fair": 712.08,
            "eps_avg_yearly": 20.35,
            "eps_latest_yearly": 32.92,
            "eps_growth_yearly": 1303.48
        },
        "20221": {
            "year_quarter": 20221,
            "year": 2022,
            "quarter": 1,
            "eps": 2.9,
            "eps_growth_year": 16,
            "eps_4q": 20.8,
            "eps_4q_growth_year": -17.6,
            "roe": 1.93,
            "roe_4q": 14.489999999999998,
            "gross_profit": 1046760,
            "gross_margin": 30.96,
            "gross_margin_4q_avg": 33.5,
            "net_income": 328450,
            "revenue": 3380983,
            "common_shares": 1121959,
            "book_valuer_per_share": 151.26,
            "book_valuer_per_share_4q_avg": 145.04,
            "equity": 17025106,
            "current_ratio": 137.75,
            "debt_ratio": 46.15,
            "inventory_turnover_ratio": 1.24,
            "account_receivable_turnover_ratio": 0.9,
            "reinvestment_rate": 103.04,
            "research_to_sale_ratio": 14.42,
            "price_fair": 720.13,
            "eps_avg_yearly": 20.58,
            "eps_latest_yearly": 11.6,
            "eps_growth_yearly": 1303.76
        },
        "20222": {
            "year_quarter": 20222,
            "year": 2022,
            "quarter": 2,
            "eps": 3.32,
            "eps_growth_year": 213.21,
            "eps_4q": 23.06,
            "eps_4q_growth_year": 5.44,
            "roe": 2.21,
            "roe_4q": 15.93,
            "gross_profit": 1088514,
            "gross_margin": 37.39,
            "gross_margin_4q_avg": 35.29,
            "net_income": 377724,
            "revenue": 2911466,
            "common_shares": 1126604,
            "book_valuer_per_share": 152.77,
            "book_valuer_per_share_4q_avg": 149.76,
            "equity": 17199605,
            "current_ratio": 132.23,
            "debt_ratio": 46.75,
            "inventory_turnover_ratio": 0.68,
            "account_receivable_turnover_ratio": 1,
            "reinvestment_rate": 111.95,
            "research_to_sale_ratio": 20.82,
            "price_fair": 733.69,
            "eps_avg_yearly": 20.96,
            "eps_latest_yearly": 13.28,
            "eps_growth_yearly": 1310.03
        },
        "20223": {
            "year_quarter": 20223,
            "year": 2022,
            "quarter": 3,
            "eps": 15.34,
            "eps_growth_year": 76.12,
            "eps_4q": 29.74,
            "eps_4q_growth_year": 40.47,
            "roe": 9.52,
            "roe_4q": 19.15,
            "gross_profit": 3011440,
            "gross_margin": 41.96,
            "gross_margin_4q_avg": 36.67,
            "net_income": 1727096,
            "revenue": 7176819,
            "common_shares": 1127093,
            "book_valuer_per_share": 169.44,
            "book_valuer_per_share_4q_avg": 156.48,
            "equity": 19077536,
            "current_ratio": 153.24,
            "debt_ratio": 47.11,
            "inventory_turnover_ratio": 1.37,
            "account_receivable_turnover_ratio": 1.47,
            "reinvestment_rate": 110.01,
            "research_to_sale_ratio": 9.68,
            "price_fair": 844.03,
            "eps_avg_yearly": 24.12,
            "eps_latest_yearly": 61.36,
            "eps_growth_yearly": 1386.98
        },
        "20224": {
            "year_quarter": 20224,
            "year": 2022,
            "quarter": 4,
            "eps": 7.49,
            "eps_growth_year": -9,
            "eps_4q": 29.04,
            "eps_4q_growth_year": 41.85,
            "roe": 4.27,
            "roe_4q": 17.93,
            "gross_profit": 2503639,
            "gross_margin": 43.57,
            "gross_margin_4q_avg": 38.47,
            "net_income": 828092,
            "revenue": 5746036,
            "common_shares": 1127191,
            "book_valuer_per_share": 174.87,
            "book_valuer_per_share_4q_avg": 162.09,
            "equity": 19678704,
            "current_ratio": 152.21,
            "debt_ratio": 48.45,
            "inventory_turnover_ratio": 1.05,
            "account_receivable_turnover_ratio": 1.03,
            "reinvestment_rate": 117.45,
            "research_to_sale_ratio": 12.78,
            "price_fair": 884.28,
            "eps_avg_yearly": 25.27,
            "eps_latest_yearly": 29.96,
            "eps_growth_yearly": 1372.72
        },
        "20231": {
            "year_quarter": 20231,
            "year": 2023,
            "quarter": 1,
            "eps": 2.11,
            "eps_growth_year": -27.24,
            "eps_4q": 28.25,
            "eps_4q_growth_year": 35.8,
            "roe": 1.25,
            "roe_4q": 17.25,
            "gross_profit": 1039530,
            "gross_margin": 31.24,
            "gross_margin_4q_avg": 38.54,
            "net_income": 239285,
            "revenue": 3327549,
            "common_shares": 1127431,
            "book_valuer_per_share": 165.92,
            "book_valuer_per_share_4q_avg": 165.75,
            "equity": 18671412,
            "current_ratio": 143.67,
            "debt_ratio": 52.9,
            "inventory_turnover_ratio": 0.71,
            "account_receivable_turnover_ratio": 0.92,
            "reinvestment_rate": 131.5,
            "research_to_sale_ratio": 16.48,
            "price_fair": 902.3,
            "eps_avg_yearly": 25.78,
            "eps_latest_yearly": 8.44,
            "eps_growth_yearly": 1379.33
        }
    },
    "months": {
        "2004-12": {
            "month": "2004-12",
            "price": "217.89",
            "revenue": 225814
        },
        "2005-01": {
            "month": "2005-01",
            "price": "262.96",
            "revenue": 131649
        },
        "2005-02": {
            "month": "2005-02",
            "price": "262.41",
            "revenue": 81035
        },
        "2005-03": {
            "month": "2005-03",
            "price": "301.26",
            "revenue": 116842
        },
        "2005-04": {
            "month": "2005-04",
            "price": "315.66",
            "revenue": 89446
        },
        "2005-05": {
            "month": "2005-05",
            "price": "291.84",
            "revenue": 165991
        },
        "2005-06": {
            "month": "2005-06",
            "price": "211.84",
            "revenue": 158642
        },
        "2005-07": {
            "month": "2005-07",
            "price": "266.19",
            "revenue": 235979
        },
        "2005-08": {
            "month": "2005-08",
            "price": "304.75",
            "revenue": 236198
        },
        "2005-09": {
            "month": "2005-09",
            "price": "304.40",
            "revenue": 249158
        },
        "2005-10": {
            "month": "2005-10",
            "price": "328.29",
            "revenue": 230623
        },
        "2005-11": {
            "month": "2005-11",
            "price": "364.29",
            "revenue": 209949
        },
        "2005-12": {
            "month": "2005-12",
            "price": "480.39",
            "revenue": 173960
        },
        "2006-01": {
            "month": "2006-01",
            "price": "413.83",
            "revenue": 138279
        },
        "2006-02": {
            "month": "2006-02",
            "price": "340.53",
            "revenue": 122117
        },
        "2006-03": {
            "month": "2006-03",
            "price": "313.74",
            "revenue": 99802
        },
        "2006-04": {
            "month": "2006-04",
            "price": "271.18",
            "revenue": 208412
        },
        "2006-05": {
            "month": "2006-05",
            "price": "265.55",
            "revenue": 199443
        },
        "2006-06": {
            "month": "2006-06",
            "price": "200.32",
            "revenue": 102040
        },
        "2006-07": {
            "month": "2006-07",
            "price": "160.55",
            "revenue": 123954
        },
        "2006-08": {
            "month": "2006-08",
            "price": "147.93",
            "revenue": 150658
        },
        "2006-09": {
            "month": "2006-09",
            "price": "172.14",
            "revenue": 165315
        },
        "2006-10": {
            "month": "2006-10",
            "price": "167.40",
            "revenue": 184638
        },
        "2006-11": {
            "month": "2006-11",
            "price": "159.30",
            "revenue": 117731
        },
        "2006-12": {
            "month": "2006-12",
            "price": "131.40",
            "revenue": 93896
        },
        "2007-01": {
            "month": "2007-01",
            "price": "132.48",
            "revenue": 100023
        },
        "2007-02": {
            "month": "2007-02",
            "price": "125.96",
            "revenue": 50013
        },
        "2007-03": {
            "month": "2007-03",
            "price": "108.85",
            "revenue": 90688
        },
        "2007-04": {
            "month": "2007-04",
            "price": "104.12",
            "revenue": 86431
        },
        "2007-05": {
            "month": "2007-05",
            "price": "82.61",
            "revenue": 77437
        },
        "2007-06": {
            "month": "2007-06",
            "price": "87.10",
            "revenue": 97376
        },
        "2007-07": {
            "month": "2007-07",
            "price": "94.82",
            "revenue": 70097
        },
        "2007-08": {
            "month": "2007-08",
            "price": "70.13",
            "revenue": 77102
        },
        "2007-09": {
            "month": "2007-09",
            "price": "61.49",
            "revenue": 87329
        },
        "2007-10": {
            "month": "2007-10",
            "price": "67.51",
            "revenue": 58223
        },
        "2007-11": {
            "month": "2007-11",
            "price": "55.88",
            "revenue": 78371
        },
        "2007-12": {
            "month": "2007-12",
            "price": "51.47",
            "revenue": 60244
        },
        "2008-01": {
            "month": "2008-01",
            "price": "40.42",
            "revenue": 43469
        },
        "2008-02": {
            "month": "2008-02",
            "price": "36.11",
            "revenue": 27104
        },
        "2008-03": {
            "month": "2008-03",
            "price": "45.65",
            "revenue": 41893
        },
        "2008-04": {
            "month": "2008-04",
            "price": "45.80",
            "revenue": 48528
        },
        "2008-05": {
            "month": "2008-05",
            "price": "54.98",
            "revenue": 64454
        },
        "2008-06": {
            "month": "2008-06",
            "price": "62.65",
            "revenue": 60389
        },
        "2008-07": {
            "month": "2008-07",
            "price": "53.71",
            "revenue": 120237
        },
        "2008-08": {
            "month": "2008-08",
            "price": "70.09",
            "revenue": 127217
        },
        "2008-09": {
            "month": "2008-09",
            "price": "50.76",
            "revenue": 131057
        },
        "2008-10": {
            "month": "2008-10",
            "price": "35.29",
            "revenue": 101300
        },
        "2008-11": {
            "month": "2008-11",
            "price": "23.51",
            "revenue": 70827
        },
        "2008-12": {
            "month": "2008-12",
            "price": "21.30",
            "revenue": 91920
        },
        "2009-01": {
            "month": "2009-01",
            "price": "25.66",
            "revenue": 64015
        },
        "2009-02": {
            "month": "2009-02",
            "price": "28.57",
            "revenue": 53372
        },
        "2009-03": {
            "month": "2009-03",
            "price": "35.09",
            "revenue": 98805
        },
        "2009-04": {
            "month": "2009-04",
            "price": "39.31",
            "revenue": 87060
        },
        "2009-05": {
            "month": "2009-05",
            "price": "41.98",
            "revenue": 64915
        },
        "2009-06": {
            "month": "2009-06",
            "price": "49.61",
            "revenue": 79036
        },
        "2009-07": {
            "month": "2009-07",
            "price": "52.40",
            "revenue": 85438
        },
        "2009-08": {
            "month": "2009-08",
            "price": "46.62",
            "revenue": 78022
        },
        "2009-09": {
            "month": "2009-09",
            "price": "48.59",
            "revenue": 145586
        },
        "2009-10": {
            "month": "2009-10",
            "price": "49.95",
            "revenue": 123162
        },
        "2009-11": {
            "month": "2009-11",
            "price": "48.43",
            "revenue": 118667
        },
        "2009-12": {
            "month": "2009-12",
            "price": "52.37",
            "revenue": 94118
        },
        "2010-01": {
            "month": "2010-01",
            "price": "51.52",
            "revenue": 138466
        },
        "2010-02": {
            "month": "2010-02",
            "price": "43.03",
            "revenue": 60730
        },
        "2010-03": {
            "month": "2010-03",
            "price": "46.80",
            "revenue": 187462
        },
        "2010-04": {
            "month": "2010-04",
            "price": "56.90",
            "revenue": 211267
        },
        "2010-05": {
            "month": "2010-05",
            "price": "81.48",
            "revenue": 212772
        },
        "2010-06": {
            "month": "2010-06",
            "price": "90.73",
            "revenue": 152990
        },
        "2010-07": {
            "month": "2010-07",
            "price": "79.63",
            "revenue": 261269
        },
        "2010-08": {
            "month": "2010-08",
            "price": "88.63",
            "revenue": 471025
        },
        "2010-09": {
            "month": "2010-09",
            "price": "147.90",
            "revenue": 500408
        },
        "2010-10": {
            "month": "2010-10",
            "price": "173.10",
            "revenue": 715661
        },
        "2010-11": {
            "month": "2010-11",
            "price": "243.77",
            "revenue": 784807
        },
        "2010-12": {
            "month": "2010-12",
            "price": "349.59",
            "revenue": 884748
        },
        "2011-01": {
            "month": "2011-01",
            "price": "341.32",
            "revenue": 639722
        },
        "2011-02": {
            "month": "2011-02",
            "price": "299.71",
            "revenue": 301511
        },
        "2011-03": {
            "month": "2011-03",
            "price": "299.67",
            "revenue": 631749
        },
        "2011-04": {
            "month": "2011-04",
            "price": "295.16",
            "revenue": 768964
        },
        "2011-05": {
            "month": "2011-05",
            "price": "290.31",
            "revenue": 641348
        },
        "2011-06": {
            "month": "2011-06",
            "price": "278.95",
            "revenue": 605694
        },
        "2011-07": {
            "month": "2011-07",
            "price": "267.05",
            "revenue": 707157
        },
        "2011-08": {
            "month": "2011-08",
            "price": "317.39",
            "revenue": 879943
        },
        "2011-09": {
            "month": "2011-09",
            "price": "287.79",
            "revenue": 820706
        },
        "2011-10": {
            "month": "2011-10",
            "price": "212.18",
            "revenue": 649465
        },
        "2011-11": {
            "month": "2011-11",
            "price": "180.82",
            "revenue": 759063
        },
        "2011-12": {
            "month": "2011-12",
            "price": "164.02",
            "revenue": 1014487
        },
        "2012-01": {
            "month": "2012-01",
            "price": "204.00",
            "revenue": 983685
        },
        "2012-02": {
            "month": "2012-02",
            "price": "287.00",
            "revenue": 1028626
        },
        "2012-03": {
            "month": "2012-03",
            "price": "319.83",
            "revenue": 1007298
        },
        "2012-04": {
            "month": "2012-04",
            "price": "244.35",
            "revenue": 665971
        },
        "2012-05": {
            "month": "2012-05",
            "price": "206.82",
            "revenue": 782179
        },
        "2012-06": {
            "month": "2012-06",
            "price": "232.55",
            "revenue": 727138
        },
        "2012-07": {
            "month": "2012-07",
            "price": "215.09",
            "revenue": 870341
        },
        "2012-08": {
            "month": "2012-08",
            "price": "225.05",
            "revenue": 865338
        },
        "2012-09": {
            "month": "2012-09",
            "price": "227.12",
            "revenue": 931908
        },
        "2012-10": {
            "month": "2012-10",
            "price": "226.09",
            "revenue": 1218248
        },
        "2012-11": {
            "month": "2012-11",
            "price": "212.66",
            "revenue": 1351927
        },
        "2012-12": {
            "month": "2012-12",
            "price": "218.48",
            "revenue": 982352
        },
        "2013-01": {
            "month": "2013-01",
            "price": "203.25",
            "revenue": 794118
        },
        "2013-02": {
            "month": "2013-02",
            "price": "205.50",
            "revenue": 546208
        },
        "2013-03": {
            "month": "2013-03",
            "price": "190.33",
            "revenue": 555148
        },
        "2013-04": {
            "month": "2013-04",
            "price": "171.95",
            "revenue": 783452
        },
        "2013-05": {
            "month": "2013-05",
            "price": "184.68",
            "revenue": 756976
        },
        "2013-06": {
            "month": "2013-06",
            "price": "181.32",
            "revenue": 700256
        },
        "2013-07": {
            "month": "2013-07",
            "price": "172.46",
            "revenue": 907064
        },
        "2013-08": {
            "month": "2013-08",
            "price": "167.10",
            "revenue": 937829
        },
        "2013-09": {
            "month": "2013-09",
            "price": "162.98",
            "revenue": 1172125
        },
        "2013-10": {
            "month": "2013-10",
            "price": "130.09",
            "revenue": 929138
        },
        "2013-11": {
            "month": "2013-11",
            "price": "91.57",
            "revenue": 720367
        },
        "2013-12": {
            "month": "2013-12",
            "price": "86.93",
            "revenue": 753561
        },
        "2014-01": {
            "month": "2014-01",
            "price": "91.78",
            "revenue": 716033
        },
        "2014-02": {
            "month": "2014-02",
            "price": "92.74",
            "revenue": 504764
        },
        "2014-03": {
            "month": "2014-03",
            "price": "89.78",
            "revenue": 728146
        },
        "2014-04": {
            "month": "2014-04",
            "price": "106.60",
            "revenue": 591903
        },
        "2014-05": {
            "month": "2014-05",
            "price": "94.13",
            "revenue": 849110
        },
        "2014-06": {
            "month": "2014-06",
            "price": "93.42",
            "revenue": 704315
        },
        "2014-07": {
            "month": "2014-07",
            "price": "96.81",
            "revenue": 941591
        },
        "2014-08": {
            "month": "2014-08",
            "price": "84.63",
            "revenue": 1037585
        },
        "2014-09": {
            "month": "2014-09",
            "price": "96.48",
            "revenue": 1026679
        },
        "2014-10": {
            "month": "2014-10",
            "price": "93.78",
            "revenue": 1183870
        },
        "2014-11": {
            "month": "2014-11",
            "price": "100.27",
            "revenue": 1094469
        },
        "2014-12": {
            "month": "2014-12",
            "price": "108.45",
            "revenue": 1000377
        },
        "2015-01": {
            "month": "2015-01",
            "price": "110.60",
            "revenue": 762039
        },
        "2015-02": {
            "month": "2015-02",
            "price": "104.69",
            "revenue": 280766
        },
        "2015-03": {
            "month": "2015-03",
            "price": "105.77",
            "revenue": 650754
        },
        "2015-04": {
            "month": "2015-04",
            "price": "92.84",
            "revenue": 657369
        },
        "2015-05": {
            "month": "2015-05",
            "price": "84.34",
            "revenue": 684973
        },
        "2015-06": {
            "month": "2015-06",
            "price": "66.87",
            "revenue": 836837
        },
        "2015-07": {
            "month": "2015-07",
            "price": "67.82",
            "revenue": 824947
        },
        "2015-08": {
            "month": "2015-08",
            "price": "52.12",
            "revenue": 665957
        },
        "2015-09": {
            "month": "2015-09",
            "price": "54.83",
            "revenue": 969713
        },
        "2015-10": {
            "month": "2015-10",
            "price": "67.22",
            "revenue": 1066994
        },
        "2015-11": {
            "month": "2015-11",
            "price": "69.07",
            "revenue": 989250
        },
        "2015-12": {
            "month": "2015-12",
            "price": "62.71",
            "revenue": 669461
        },
        "2016-01": {
            "month": "2016-01",
            "price": "51.99",
            "revenue": 365986
        },
        "2016-02": {
            "month": "2016-02",
            "price": "54.68",
            "revenue": 322231
        },
        "2016-03": {
            "month": "2016-03",
            "price": "61.21",
            "revenue": 436000
        },
        "2016-04": {
            "month": "2016-04",
            "price": "54.24",
            "revenue": 518722
        },
        "2016-05": {
            "month": "2016-05",
            "price": "45.01",
            "revenue": 529386
        },
        "2016-06": {
            "month": "2016-06",
            "price": "49.93",
            "revenue": 574018
        },
        "2016-07": {
            "month": "2016-07",
            "price": "55.02",
            "revenue": 643419
        },
        "2016-08": {
            "month": "2016-08",
            "price": "55.34",
            "revenue": 721319
        },
        "2016-09": {
            "month": "2016-09",
            "price": "52.76",
            "revenue": 738636
        },
        "2016-10": {
            "month": "2016-10",
            "price": "51.24",
            "revenue": 731504
        },
        "2016-11": {
            "month": "2016-11",
            "price": "63.90",
            "revenue": 719132
        },
        "2016-12": {
            "month": "2016-12",
            "price": "104.49",
            "revenue": 711944
        },
        "2017-01": {
            "month": "2017-01",
            "price": "125.59",
            "revenue": 617202
        },
        "2017-02": {
            "month": "2017-02",
            "price": "202.69",
            "revenue": 352280
        },
        "2017-03": {
            "month": "2017-03",
            "price": "231.59",
            "revenue": 518967
        },
        "2017-04": {
            "month": "2017-04",
            "price": "317.44",
            "revenue": 530438
        },
        "2017-05": {
            "month": "2017-05",
            "price": "321.92",
            "revenue": 390990
        },
        "2017-06": {
            "month": "2017-06",
            "price": "308.72",
            "revenue": 491924
        },
        "2017-07": {
            "month": "2017-07",
            "price": "342.60",
            "revenue": 578947
        },
        "2017-08": {
            "month": "2017-08",
            "price": "384.93",
            "revenue": 868284
        },
        "2017-09": {
            "month": "2017-09",
            "price": "461.89",
            "revenue": 922407
        },
        "2017-10": {
            "month": "2017-10",
            "price": "376.82",
            "revenue": 823571
        },
        "2017-11": {
            "month": "2017-11",
            "price": "332.36",
            "revenue": 930245
        },
        "2017-12": {
            "month": "2017-12",
            "price": "312.60",
            "revenue": 1000578
        },
        "2018-01": {
            "month": "2018-01",
            "price": "281.45",
            "revenue": 773771
        },
        "2018-02": {
            "month": "2018-02",
            "price": "249.81",
            "revenue": 416468
        },
        "2018-03": {
            "month": "2018-03",
            "price": "261.96",
            "revenue": 594498
        },
        "2018-04": {
            "month": "2018-04",
            "price": "350.78",
            "revenue": 515556
        },
        "2018-05": {
            "month": "2018-05",
            "price": "395.45",
            "revenue": 521205
        },
        "2018-06": {
            "month": "2018-06",
            "price": "493.68",
            "revenue": 587282
        },
        "2018-07": {
            "month": "2018-07",
            "price": "477.43",
            "revenue": 767327
        },
        "2018-08": {
            "month": "2018-08",
            "price": "404.59",
            "revenue": 823061
        },
        "2018-09": {
            "month": "2018-09",
            "price": "337.68",
            "revenue": 787424
        },
        "2018-10": {
            "month": "2018-10",
            "price": "240.80",
            "revenue": 818920
        },
        "2018-11": {
            "month": "2018-11",
            "price": "204.75",
            "revenue": 720715
        },
        "2018-12": {
            "month": "2018-12",
            "price": "202.52",
            "revenue": 600424
        },
        "2019-01": {
            "month": "2019-01",
            "price": "200.88",
            "revenue": 425884
        },
        "2019-02": {
            "month": "2019-02",
            "price": "269.88",
            "revenue": 220329
        },
        "2019-03": {
            "month": "2019-03",
            "price": "335.18",
            "revenue": 465998
        },
        "2019-04": {
            "month": "2019-04",
            "price": "429.80",
            "revenue": 533385
        },
        "2019-05": {
            "month": "2019-05",
            "price": "359.91",
            "revenue": 702791
        },
        "2019-06": {
            "month": "2019-06",
            "price": "358.39",
            "revenue": 857808
        },
        "2019-07": {
            "month": "2019-07",
            "price": "426.57",
            "revenue": 1283754
        },
        "2019-08": {
            "month": "2019-08",
            "price": "412.07",
            "revenue": 1838066
        },
        "2019-09": {
            "month": "2019-09",
            "price": "427.53",
            "revenue": 1929165
        },
        "2019-10": {
            "month": "2019-10",
            "price": "456.71",
            "revenue": 1468459
        },
        "2019-11": {
            "month": "2019-11",
            "price": "424.38",
            "revenue": 1186840
        },
        "2019-12": {
            "month": "2019-12",
            "price": "492.57",
            "revenue": 1128504
        },
        "2020-01": {
            "month": "2020-01",
            "price": "577.47",
            "revenue": 981350
        },
        "2020-02": {
            "month": "2020-02",
            "price": "534.84",
            "revenue": 693377
        },
        "2020-03": {
            "month": "2020-03",
            "price": "422.84",
            "revenue": 1017646
        },
        "2020-04": {
            "month": "2020-04",
            "price": "451.10",
            "revenue": 940629
        },
        "2020-05": {
            "month": "2020-05",
            "price": "483.55",
            "revenue": 1025976
        },
        "2020-06": {
            "month": "2020-06",
            "price": "602.10",
            "revenue": 1109440
        },
        "2020-07": {
            "month": "2020-07",
            "price": "732.43",
            "revenue": 1564023
        },
        "2020-08": {
            "month": "2020-08",
            "price": "643.33",
            "revenue": 1777421
        },
        "2020-09": {
            "month": "2020-09",
            "price": "593.50",
            "revenue": 1860127
        },
        "2020-10": {
            "month": "2020-10",
            "price": "574.42",
            "revenue": 1653978
        },
        "2020-11": {
            "month": "2020-11",
            "price": "592.76",
            "revenue": 1807423
        },
        "2020-12": {
            "month": "2020-12",
            "price": "590.04",
            "revenue": 1463391
        },
        "2021-01": {
            "month": "2021-01",
            "price": "497.55",
            "revenue": 1128034
        },
        "2021-02": {
            "month": "2021-02",
            "price": "497.73",
            "revenue": 617770
        },
        "2021-03": {
            "month": "2021-03",
            "price": "480.23",
            "revenue": 815151
        },
        "2021-04": {
            "month": "2021-04",
            "price": "501.18",
            "revenue": 674298
        },
        "2021-05": {
            "month": "2021-05",
            "price": "445.07",
            "revenue": 732198
        },
        "2021-06": {
            "month": "2021-06",
            "price": "523.67",
            "revenue": 1135330
        },
        "2021-07": {
            "month": "2021-07",
            "price": "563.45",
            "revenue": 1648049
        },
        "2021-08": {
            "month": "2021-08",
            "price": "494.39",
            "revenue": 2040679
        },
        "2021-09": {
            "month": "2021-09",
            "price": "476.25",
            "revenue": 2223208
        },
        "2021-10": {
            "month": "2021-10",
            "price": "397.80",
            "revenue": 1966059
        },
        "2021-11": {
            "month": "2021-11",
            "price": "468.89",
            "revenue": 1924776
        },
        "2021-12": {
            "month": "2021-12",
            "price": "536.05",
            "revenue": 1843773
        },
        "2022-01": {
            "month": "2022-01",
            "price": "518.64",
            "revenue": 1307333
        },
        "2022-02": {
            "month": "2022-02",
            "price": "475.83",
            "revenue": 840809
        },
        "2022-03": {
            "month": "2022-03",
            "price": "436.15",
            "revenue": 1235702
        },
        "2022-04": {
            "month": "2022-04",
            "price": "420.18",
            "revenue": 910760
        },
        "2022-05": {
            "month": "2022-05",
            "price": "365.76",
            "revenue": 808459
        },
        "2022-06": {
            "month": "2022-06",
            "price": "390.31",
            "revenue": 1152281
        },
        "2022-07": {
            "month": "2022-07",
            "price": "404.17",
            "revenue": 1946290
        },
        "2022-08": {
            "month": "2022-08",
            "price": "408.39",
            "revenue": 2535097
        },
        "2022-09": {
            "month": "2022-09",
            "price": "417.71",
            "revenue": 2732525
        },
        "2022-10": {
            "month": "2022-10",
            "price": "320.90",
            "revenue": 2314107
        },
        "2022-11": {
            "month": "2022-11",
            "price": "359.75",
            "revenue": 1978918
        },
        "2022-12": {
            "month": "2022-12",
            "price": "373.05",
            "revenue": 1457212
        },
        "2023-01": {
            "month": "2023-01",
            "price": "354.04",
            "revenue": 1347649
        },
        "2023-02": {
            "month": "2023-02",
            "price": "383.11",
            "revenue": 927366
        },
        "2023-03": {
            "month": "2023-03",
            "price": "395.37",
            "revenue": 1052188
        },
        "2023-04": {
            "month": "2023-04",
            "price": "379.65",
            "revenue": 773170
        },
        "2023-05": {
            "month": "2023-05",
            "price": "388.84",
            "revenue": 736967
        }
    }
}
