{
    "summary": {
        "stock_name": "京鼎",
        "stock_id": "3413",
        "category": "半導體",
        "main_business": "半導體設備、次系統及系統整合<br>平面顯示器設備、次系統及系統整合",
        "website_url": "http://www.foxsemicon.com.tw/",
        "ceo": "邱耀銓",
        "pe_ratio": 8,
        "report_year_from": 2004,
        "report_year_to": 2023,
        "age": 19,
        "eps_negative_percentage": 0,
        "eps_growth_avg": {
            "last_all": 34.12,
            "last_2y": 49.61,
            "last_4y": 21.47,
            "last_8y": null,
            "last_12y": null,
            "last_16y": null,
            "last_20y": null,
            "at_2006_last_3y": null,
            "at_2007_last_3y": null,
            "at_2008_last_3y": null,
            "at_2009_last_3y": null,
            "at_2010_last_3y": null,
            "at_2011_last_3y": null,
            "at_2012_last_3y": null,
            "at_2013_last_3y": null,
            "at_2014_last_3y": null,
            "at_2015_last_3y": null,
            "at_2016_last_3y": null,
            "at_2017_last_3y": null,
            "at_2018_last_3y": 42.21,
            "at_2019_last_3y": 6.02,
            "at_2020_last_3y": 25.63,
            "at_2021_last_3y": 15.62,
            "at_2022_last_3y": 26.02,
            "at_2023_last_3y": 26.02,
            "at_2006_last_all": null,
            "at_2007_last_all": null,
            "at_2008_last_all": null,
            "at_2009_last_all": null,
            "at_2010_last_all": null,
            "at_2011_last_all": null,
            "at_2012_last_all": null,
            "at_2013_last_all": null,
            "at_2014_last_all": null,
            "at_2015_last_all": null,
            "at_2016_last_all": 55.74,
            "at_2017_last_all": 55.19,
            "at_2018_last_all": 42.21,
            "at_2019_last_all": 24.82,
            "at_2020_last_all": 35.67,
            "at_2021_last_all": 32.58,
            "at_2022_last_all": 34.12,
            "at_2023_last_all": 34.12
        },
        "latest_eps": 22.81,
        "latest_price": 183,
        "latest_roe": 22.02,
        "latest_gross_margin": 25.55,
        "latest_equity": 10471824,
        "latest_revenue": 3291721,
        "latest_gross_profit": 840933,
        "latest_net_income": 609336,
        "latest_debt_ratio": 46.34,
        "latest_current_ratio": 215.68,
        "latest_account_receivable_turnover_ratio": 3.3,
        "latest_inventory_turnover_ratio": 0.77,
        "latest_reinvestment_rate": 29.67,
        "latest_research_to_sale_ratio": 4.11
    },
    "eps_dividends": {
        "2001": {
            "cash": 0,
            "stock": 0,
            "eps": 0
        },
        "2002": {
            "cash": 0,
            "stock": 0,
            "eps": 0
        },
        "2003": {
            "cash": 0,
            "stock": 0,
            "eps": 0
        },
        "2004": {
            "cash": 0,
            "stock": 0,
            "eps": 0
        },
        "2005": {
            "cash": 0,
            "stock": 0,
            "eps": 0
        },
        "2006": {
            "cash": 0,
            "stock": 0,
            "eps": 0
        },
        "2007": {
            "cash": 0,
            "stock": 0,
            "eps": 0
        },
        "2008": {
            "cash": 0,
            "stock": 0,
            "eps": 0
        },
        "2009": {
            "cash": 0,
            "stock": 0,
            "eps": 0
        },
        "2010": {
            "cash": 0,
            "stock": 0,
            "eps": 0
        },
        "2011": {
            "cash": 0,
            "stock": 0,
            "eps": 0
        },
        "2012": {
            "cash": 0,
            "stock": 0,
            "eps": 0
        },
        "2013": {
            "cash": 0,
            "stock": 0,
            "eps": 0
        },
        "2014": {
            "cash": 0,
            "stock": 0,
            "eps": 1.89
        },
        "2015": {
            "cash": 1,
            "stock": 0,
            "eps": 8.01
        },
        "2016": {
            "cash": 4,
            "stock": 0,
            "eps": 8.93
        },
        "2017": {
            "cash": 4,
            "stock": 0.5,
            "eps": 13.76
        },
        "2018": {
            "cash": 6,
            "stock": 0.5,
            "eps": 14.21
        },
        "2019": {
            "cash": 7,
            "stock": 0,
            "eps": 7.85
        },
        "2020": {
            "cash": 4,
            "stock": 0,
            "eps": 14.91
        },
        "2021": {
            "cash": 7,
            "stock": 0,
            "eps": 17
        },
        "2022": {
            "cash": 9.5,
            "stock": 0,
            "eps": 24.63
        },
        "2023": {
            "cash": 13.8,
            "stock": 0,
            "eps": 10.42
        }
    },
    "dividends": {
        "2015-07-20": {
            "cash": 1,
            "stock": 0
        },
        "2016-07-13": {
            "cash": 4,
            "stock": 0
        },
        "2017-08-10": {
            "cash": 4,
            "stock": 0.5
        },
        "2018-08-20": {
            "cash": 6,
            "stock": 0.5
        },
        "2019-08-16": {
            "cash": 7,
            "stock": 0
        },
        "2020-08-14": {
            "cash": 4,
            "stock": 0
        },
        "2021-09-23": {
            "cash": 7,
            "stock": 0
        },
        "2022-07-29": {
            "cash": 9.5,
            "stock": 0
        },
        "2023-07-31": {
            "cash": 13.8,
            "stock": 0
        }
    },
    "prices": {
        "200101": "無",
        "200102": "無",
        "200103": "無",
        "200104": "無",
        "200105": "無",
        "200106": "無",
        "200107": "無",
        "200108": "無",
        "200109": "無",
        "200110": "無",
        "200111": "無",
        "200112": "無",
        "200201": "無",
        "200202": "無",
        "200203": "無",
        "200204": "無",
        "200205": "無",
        "200206": "無",
        "200207": "無",
        "200208": "無",
        "200209": "無",
        "200210": "無",
        "200211": "無",
        "200212": "無",
        "200301": "無",
        "200302": "無",
        "200303": "無",
        "200304": "無",
        "200305": "無",
        "200306": "無",
        "200307": "無",
        "200308": "無",
        "200309": "無",
        "200310": "無",
        "200311": "無",
        "200312": "無",
        "200401": "無",
        "200402": "無",
        "200403": "無",
        "200404": "無",
        "200405": "無",
        "200406": "無",
        "200407": "無",
        "200408": "無",
        "200409": "無",
        "200410": "無",
        "200411": "無",
        "200412": "36.65",
        "200501": "55.15",
        "200502": "45.49",
        "200503": "42.07",
        "200504": "40.38",
        "200505": "38.00",
        "200506": "33.88",
        "200507": "33.49",
        "200508": "33.55",
        "200509": "30.18",
        "200510": "27.62",
        "200511": "24.85",
        "200512": "24.60",
        "200601": "24.98",
        "200602": "24.95",
        "200603": "26.18",
        "200604": "25.15",
        "200605": "25.98",
        "200606": "24.18",
        "200607": "24.97",
        "200608": "23.72",
        "200609": "24.60",
        "200610": "29.36",
        "200611": "31.34",
        "200612": "42.25",
        "200701": "48.47",
        "200702": "66.14",
        "200703": "114.89",
        "200704": "158.64",
        "200705": "170.28",
        "200706": "215.90",
        "200707": "309.08",
        "200708": "255.97",
        "200709": "229.75",
        "200710": "201.34",
        "200711": "138.95",
        "200712": "127.71",
        "200801": "103.19",
        "200802": "97.42",
        "200803": "85.03",
        "200804": "81.09",
        "200805": "78.55",
        "200806": "64.07",
        "200807": "41.87",
        "200808": "37.82",
        "200809": "26.84",
        "200810": "15.79",
        "200811": "10.13",
        "200812": "14.61",
        "200901": "15.26",
        "200902": "17.49",
        "200903": "22.98",
        "200904": "22.35",
        "200905": "16.02",
        "200906": "14.61",
        "200907": "18.77",
        "200908": "22.25",
        "200909": "38.66",
        "200910": "52.14",
        "200911": "49.36",
        "200912": "51.08",
        "201001": "52.19",
        "201002": "47.03",
        "201003": "43.43",
        "201004": "41.38",
        "201005": "32.60",
        "201006": "33.66",
        "201007": "31.81",
        "201008": "31.28",
        "201009": "29.59",
        "201010": "28.65",
        "201011": "25.77",
        "201012": "26.72",
        "201101": "28.46",
        "201102": "26.64",
        "201103": "34.68",
        "201104": "26.15",
        "201105": "24.48",
        "201106": "22.92",
        "201107": "19.90",
        "201108": "15.79",
        "201109": "12.88",
        "201110": "11.46",
        "201111": "11.28",
        "201112": "10.81",
        "201201": "12.23",
        "201202": "16.54",
        "201203": "18.10",
        "201204": "17.06",
        "201205": "13.03",
        "201206": "12.21",
        "201207": "12.41",
        "201208": "14.26",
        "201209": "20.85",
        "201210": "19.48",
        "201211": "16.30",
        "201212": "14.20",
        "201301": "13.67",
        "201302": "13.30",
        "201303": "14.14",
        "201304": "12.25",
        "201305": "10.20",
        "201306": "12.04",
        "201307": "11.23",
        "201308": "10.90",
        "201309": "9.67",
        "201310": "24.14",
        "201311": "22.25",
        "201312": "23.74",
        "201401": "31.46",
        "201402": "51.13",
        "201403": "74.45",
        "201404": "70.72",
        "201405": "66.31",
        "201406": "75.88",
        "201407": "76.71",
        "201408": "73.13",
        "201409": "70.56",
        "201410": "59.71",
        "201411": "60.21",
        "201412": "60.36",
        "201501": "69.34",
        "201502": "68.60",
        "201503": "74.26",
        "201504": "76.40",
        "201505": "71.58",
        "201506": "72.10",
        "201507": "62.82",
        "201508": "53.24",
        "201509": "54.59",
        "201510": "60.99",
        "201511": "73.29",
        "201512": "81.25",
        "201601": "72.40",
        "201602": "90.98",
        "201603": "103.22",
        "201604": "94.21",
        "201605": "82.80",
        "201606": "75.20",
        "201607": "75.39",
        "201608": "84.60",
        "201609": "84.51",
        "201610": "81.72",
        "201611": "79.57",
        "201612": "84.63",
        "201701": "86.24",
        "201702": "94.09",
        "201703": "103.36",
        "201704": "114.25",
        "201705": "157.58",
        "201706": "162.57",
        "201707": "180.60",
        "201708": "215.93",
        "201709": "221.52",
        "201710": "215.39",
        "201711": "221.66",
        "201712": "201.71",
        "201801": "244.68",
        "201802": "232.77",
        "201803": "239.65",
        "201804": "214.28",
        "201805": "202.80",
        "201806": "200.00",
        "201807": "183.93",
        "201808": "166.54",
        "201809": "142.66",
        "201810": "114.92",
        "201811": "122.39",
        "201812": "130.40",
        "201901": "130.64",
        "201902": "141.12",
        "201903": "138.18",
        "201904": "145.02",
        "201905": "119.66",
        "201906": "118.08",
        "201907": "125.37",
        "201908": "112.86",
        "201909": "117.34",
        "201910": "133.45",
        "201911": "165.26",
        "201912": "181.11",
        "202001": "186.93",
        "202002": "180.00",
        "202003": "127.67",
        "202004": "141.40",
        "202005": "169.25",
        "202006": "172.90",
        "202007": "203.70",
        "202008": "201.74",
        "202009": "185.41",
        "202010": "180.63",
        "202011": "195.05",
        "202012": "213.98",
        "202101": "228.60",
        "202102": "239.12",
        "202103": "230.27",
        "202104": "253.50",
        "202105": "215.64",
        "202106": "232.98",
        "202107": "243.57",
        "202108": "221.75",
        "202109": "213.70",
        "202110": "197.48",
        "202111": "215.91",
        "202112": "237.95",
        "202201": "243.00",
        "202202": "222.20",
        "202203": "221.85",
        "202204": "225.42",
        "202205": "213.60",
        "202206": "203.24",
        "202207": "184.76",
        "202208": "201.54",
        "202209": "200.88",
        "202210": "175.45",
        "202211": "183.86",
        "202212": "188.64",
        "202301": "186.15",
        "202302": "200.81",
        "202303": "198.20",
        "202304": "192.65",
        "202305": "188.36",
        "202306": "200.58",
        "202307": "184.57",
        "202308": "179.55",
        "202309": "186.60",
        "202310": "187.72"
    },
    "quarters": {
        "20011": {
            "year_quarter": 20011,
            "year": 2001,
            "quarter": 1,
            "eps": null,
            "eps_growth_year": null,
            "eps_4q": null,
            "eps_4q_growth_year": null,
            "roe": null,
            "roe_4q": 0,
            "gross_profit": null,
            "gross_margin": null,
            "gross_margin_4q_avg": 0,
            "net_income": null,
            "net_income_4q": null,
            "revenue": null,
            "revenue_4q": null,
            "common_shares": null,
            "book_valuer_per_share": null,
            "book_valuer_per_share_4q_avg": 0,
            "equity": null,
            "current_ratio": null,
            "debt_ratio": null,
            "inventory_turnover_ratio": null,
            "account_receivable_turnover_ratio": null,
            "reinvestment_rate": null,
            "research_to_sale_ratio": null,
            "price_fair": 0,
            "eps_avg_yearly": 0,
            "eps_latest_yearly": 0,
            "eps_growth_yearly": 0
        },
        "20012": {
            "year_quarter": 20012,
            "year": 2001,
            "quarter": 2,
            "eps": null,
            "eps_growth_year": null,
            "eps_4q": null,
            "eps_4q_growth_year": null,
            "roe": null,
            "roe_4q": 0,
            "gross_profit": null,
            "gross_margin": null,
            "gross_margin_4q_avg": 0,
            "net_income": null,
            "net_income_4q": null,
            "revenue": null,
            "revenue_4q": null,
            "common_shares": null,
            "book_valuer_per_share": null,
            "book_valuer_per_share_4q_avg": 0,
            "equity": null,
            "current_ratio": null,
            "debt_ratio": null,
            "inventory_turnover_ratio": null,
            "account_receivable_turnover_ratio": null,
            "reinvestment_rate": null,
            "research_to_sale_ratio": null,
            "price_fair": 0,
            "eps_avg_yearly": 0,
            "eps_latest_yearly": 0,
            "eps_growth_yearly": 0
        },
        "20013": {
            "year_quarter": 20013,
            "year": 2001,
            "quarter": 3,
            "eps": null,
            "eps_growth_year": null,
            "eps_4q": null,
            "eps_4q_growth_year": null,
            "roe": null,
            "roe_4q": 0,
            "gross_profit": null,
            "gross_margin": null,
            "gross_margin_4q_avg": 0,
            "net_income": null,
            "net_income_4q": null,
            "revenue": null,
            "revenue_4q": null,
            "common_shares": null,
            "book_valuer_per_share": null,
            "book_valuer_per_share_4q_avg": 0,
            "equity": null,
            "current_ratio": null,
            "debt_ratio": null,
            "inventory_turnover_ratio": null,
            "account_receivable_turnover_ratio": null,
            "reinvestment_rate": null,
            "research_to_sale_ratio": null,
            "price_fair": 0,
            "eps_avg_yearly": 0,
            "eps_latest_yearly": 0,
            "eps_growth_yearly": 0
        },
        "20014": {
            "year_quarter": 20014,
            "year": 2001,
            "quarter": 4,
            "eps": null,
            "eps_growth_year": null,
            "eps_4q": null,
            "eps_4q_growth_year": null,
            "roe": null,
            "roe_4q": 0,
            "gross_profit": null,
            "gross_margin": null,
            "gross_margin_4q_avg": 0,
            "net_income": null,
            "net_income_4q": null,
            "revenue": null,
            "revenue_4q": null,
            "common_shares": 200000,
            "book_valuer_per_share": 8.1,
            "book_valuer_per_share_4q_avg": 2.03,
            "equity": 161929,
            "current_ratio": 659.96,
            "debt_ratio": 7.92,
            "inventory_turnover_ratio": null,
            "account_receivable_turnover_ratio": null,
            "reinvestment_rate": null,
            "research_to_sale_ratio": null,
            "price_fair": 0,
            "eps_avg_yearly": 0,
            "eps_latest_yearly": 0,
            "eps_growth_yearly": 0
        },
        "20021": {
            "year_quarter": 20021,
            "year": 2002,
            "quarter": 1,
            "eps": null,
            "eps_growth_year": null,
            "eps_4q": null,
            "eps_4q_growth_year": null,
            "roe": null,
            "roe_4q": 0,
            "gross_profit": null,
            "gross_margin": null,
            "gross_margin_4q_avg": 0,
            "net_income": null,
            "net_income_4q": null,
            "revenue": null,
            "revenue_4q": null,
            "common_shares": null,
            "book_valuer_per_share": null,
            "book_valuer_per_share_4q_avg": 2.03,
            "equity": null,
            "current_ratio": null,
            "debt_ratio": null,
            "inventory_turnover_ratio": null,
            "account_receivable_turnover_ratio": null,
            "reinvestment_rate": null,
            "research_to_sale_ratio": null,
            "price_fair": 0,
            "eps_avg_yearly": 0,
            "eps_latest_yearly": 0,
            "eps_growth_yearly": 0
        },
        "20022": {
            "year_quarter": 20022,
            "year": 2002,
            "quarter": 2,
            "eps": null,
            "eps_growth_year": null,
            "eps_4q": null,
            "eps_4q_growth_year": null,
            "roe": null,
            "roe_4q": 0,
            "gross_profit": null,
            "gross_margin": null,
            "gross_margin_4q_avg": 0,
            "net_income": null,
            "net_income_4q": null,
            "revenue": null,
            "revenue_4q": null,
            "common_shares": null,
            "book_valuer_per_share": null,
            "book_valuer_per_share_4q_avg": 2.03,
            "equity": null,
            "current_ratio": null,
            "debt_ratio": null,
            "inventory_turnover_ratio": null,
            "account_receivable_turnover_ratio": null,
            "reinvestment_rate": null,
            "research_to_sale_ratio": null,
            "price_fair": 0,
            "eps_avg_yearly": 0,
            "eps_latest_yearly": 0,
            "eps_growth_yearly": 0
        },
        "20023": {
            "year_quarter": 20023,
            "year": 2002,
            "quarter": 3,
            "eps": null,
            "eps_growth_year": null,
            "eps_4q": null,
            "eps_4q_growth_year": null,
            "roe": null,
            "roe_4q": 0,
            "gross_profit": null,
            "gross_margin": null,
            "gross_margin_4q_avg": 0,
            "net_income": null,
            "net_income_4q": null,
            "revenue": null,
            "revenue_4q": null,
            "common_shares": null,
            "book_valuer_per_share": null,
            "book_valuer_per_share_4q_avg": 2.03,
            "equity": null,
            "current_ratio": null,
            "debt_ratio": null,
            "inventory_turnover_ratio": null,
            "account_receivable_turnover_ratio": null,
            "reinvestment_rate": null,
            "research_to_sale_ratio": null,
            "price_fair": 0,
            "eps_avg_yearly": 0,
            "eps_latest_yearly": 0,
            "eps_growth_yearly": 0
        },
        "20024": {
            "year_quarter": 20024,
            "year": 2002,
            "quarter": 4,
            "eps": null,
            "eps_growth_year": null,
            "eps_4q": null,
            "eps_4q_growth_year": null,
            "roe": null,
            "roe_4q": 0,
            "gross_profit": null,
            "gross_margin": null,
            "gross_margin_4q_avg": 0,
            "net_income": null,
            "net_income_4q": null,
            "revenue": null,
            "revenue_4q": null,
            "common_shares": 570000,
            "book_valuer_per_share": 7.79,
            "book_valuer_per_share_4q_avg": 1.95,
            "equity": 443936,
            "current_ratio": 130.22,
            "debt_ratio": 53.85,
            "inventory_turnover_ratio": null,
            "account_receivable_turnover_ratio": null,
            "reinvestment_rate": null,
            "research_to_sale_ratio": null,
            "price_fair": 0,
            "eps_avg_yearly": 0,
            "eps_latest_yearly": 0,
            "eps_growth_yearly": 0
        },
        "20031": {
            "year_quarter": 20031,
            "year": 2003,
            "quarter": 1,
            "eps": null,
            "eps_growth_year": null,
            "eps_4q": null,
            "eps_4q_growth_year": null,
            "roe": null,
            "roe_4q": 0,
            "gross_profit": null,
            "gross_margin": null,
            "gross_margin_4q_avg": 0,
            "net_income": null,
            "net_income_4q": null,
            "revenue": null,
            "revenue_4q": null,
            "common_shares": null,
            "book_valuer_per_share": null,
            "book_valuer_per_share_4q_avg": 1.95,
            "equity": null,
            "current_ratio": null,
            "debt_ratio": null,
            "inventory_turnover_ratio": null,
            "account_receivable_turnover_ratio": null,
            "reinvestment_rate": null,
            "research_to_sale_ratio": null,
            "price_fair": 0,
            "eps_avg_yearly": 0,
            "eps_latest_yearly": 0,
            "eps_growth_yearly": 0
        },
        "20032": {
            "year_quarter": 20032,
            "year": 2003,
            "quarter": 2,
            "eps": null,
            "eps_growth_year": null,
            "eps_4q": null,
            "eps_4q_growth_year": null,
            "roe": null,
            "roe_4q": 0,
            "gross_profit": null,
            "gross_margin": null,
            "gross_margin_4q_avg": 0,
            "net_income": null,
            "net_income_4q": null,
            "revenue": null,
            "revenue_4q": null,
            "common_shares": null,
            "book_valuer_per_share": null,
            "book_valuer_per_share_4q_avg": 1.95,
            "equity": null,
            "current_ratio": null,
            "debt_ratio": null,
            "inventory_turnover_ratio": null,
            "account_receivable_turnover_ratio": null,
            "reinvestment_rate": null,
            "research_to_sale_ratio": null,
            "price_fair": 0,
            "eps_avg_yearly": 0,
            "eps_latest_yearly": 0,
            "eps_growth_yearly": 0
        },
        "20033": {
            "year_quarter": 20033,
            "year": 2003,
            "quarter": 3,
            "eps": null,
            "eps_growth_year": null,
            "eps_4q": null,
            "eps_4q_growth_year": null,
            "roe": null,
            "roe_4q": 0,
            "gross_profit": null,
            "gross_margin": null,
            "gross_margin_4q_avg": 0,
            "net_income": null,
            "net_income_4q": null,
            "revenue": null,
            "revenue_4q": null,
            "common_shares": null,
            "book_valuer_per_share": null,
            "book_valuer_per_share_4q_avg": 1.95,
            "equity": null,
            "current_ratio": null,
            "debt_ratio": null,
            "inventory_turnover_ratio": null,
            "account_receivable_turnover_ratio": null,
            "reinvestment_rate": null,
            "research_to_sale_ratio": null,
            "price_fair": 0,
            "eps_avg_yearly": 0,
            "eps_latest_yearly": 0,
            "eps_growth_yearly": 0
        },
        "20034": {
            "year_quarter": 20034,
            "year": 2003,
            "quarter": 4,
            "eps": null,
            "eps_growth_year": null,
            "eps_4q": null,
            "eps_4q_growth_year": null,
            "roe": null,
            "roe_4q": 0,
            "gross_profit": null,
            "gross_margin": null,
            "gross_margin_4q_avg": 0,
            "net_income": null,
            "net_income_4q": null,
            "revenue": null,
            "revenue_4q": null,
            "common_shares": 850000,
            "book_valuer_per_share": 5.58,
            "book_valuer_per_share_4q_avg": 1.4,
            "equity": 474428,
            "current_ratio": 131.2,
            "debt_ratio": 70.88,
            "inventory_turnover_ratio": null,
            "account_receivable_turnover_ratio": null,
            "reinvestment_rate": null,
            "research_to_sale_ratio": null,
            "price_fair": 0,
            "eps_avg_yearly": 0,
            "eps_latest_yearly": 0,
            "eps_growth_yearly": 0
        },
        "20041": {
            "year_quarter": 20041,
            "year": 2004,
            "quarter": 1,
            "eps": null,
            "eps_growth_year": null,
            "eps_4q": null,
            "eps_4q_growth_year": null,
            "roe": null,
            "roe_4q": 0,
            "gross_profit": null,
            "gross_margin": null,
            "gross_margin_4q_avg": 0,
            "net_income": null,
            "net_income_4q": null,
            "revenue": null,
            "revenue_4q": null,
            "common_shares": null,
            "book_valuer_per_share": null,
            "book_valuer_per_share_4q_avg": 1.4,
            "equity": null,
            "current_ratio": null,
            "debt_ratio": null,
            "inventory_turnover_ratio": null,
            "account_receivable_turnover_ratio": null,
            "reinvestment_rate": null,
            "research_to_sale_ratio": null,
            "price_fair": 0,
            "eps_avg_yearly": 0,
            "eps_latest_yearly": 0,
            "eps_growth_yearly": 0
        },
        "20042": {
            "year_quarter": 20042,
            "year": 2004,
            "quarter": 2,
            "eps": null,
            "eps_growth_year": null,
            "eps_4q": null,
            "eps_4q_growth_year": null,
            "roe": null,
            "roe_4q": 0,
            "gross_profit": null,
            "gross_margin": null,
            "gross_margin_4q_avg": 0,
            "net_income": null,
            "net_income_4q": null,
            "revenue": null,
            "revenue_4q": null,
            "common_shares": null,
            "book_valuer_per_share": null,
            "book_valuer_per_share_4q_avg": 1.4,
            "equity": null,
            "current_ratio": null,
            "debt_ratio": null,
            "inventory_turnover_ratio": null,
            "account_receivable_turnover_ratio": null,
            "reinvestment_rate": null,
            "research_to_sale_ratio": null,
            "price_fair": 0,
            "eps_avg_yearly": 0,
            "eps_latest_yearly": 0,
            "eps_growth_yearly": 0
        },
        "20043": {
            "year_quarter": 20043,
            "year": 2004,
            "quarter": 3,
            "eps": null,
            "eps_growth_year": null,
            "eps_4q": null,
            "eps_4q_growth_year": null,
            "roe": null,
            "roe_4q": 0,
            "gross_profit": null,
            "gross_margin": null,
            "gross_margin_4q_avg": 0,
            "net_income": null,
            "net_income_4q": null,
            "revenue": null,
            "revenue_4q": null,
            "common_shares": null,
            "book_valuer_per_share": null,
            "book_valuer_per_share_4q_avg": 1.4,
            "equity": null,
            "current_ratio": null,
            "debt_ratio": null,
            "inventory_turnover_ratio": null,
            "account_receivable_turnover_ratio": null,
            "reinvestment_rate": null,
            "research_to_sale_ratio": null,
            "price_fair": 0,
            "eps_avg_yearly": 0,
            "eps_latest_yearly": 0,
            "eps_growth_yearly": 0
        },
        "20044": {
            "year_quarter": 20044,
            "year": 2004,
            "quarter": 4,
            "eps": null,
            "eps_growth_year": null,
            "eps_4q": null,
            "eps_4q_growth_year": null,
            "roe": null,
            "roe_4q": 0,
            "gross_profit": null,
            "gross_margin": null,
            "gross_margin_4q_avg": 0,
            "net_income": null,
            "net_income_4q": null,
            "revenue": null,
            "revenue_4q": null,
            "common_shares": 1000000,
            "book_valuer_per_share": 7.5,
            "book_valuer_per_share_4q_avg": 1.88,
            "equity": 749880,
            "current_ratio": 136.84,
            "debt_ratio": 65.07,
            "inventory_turnover_ratio": null,
            "account_receivable_turnover_ratio": null,
            "reinvestment_rate": null,
            "research_to_sale_ratio": null,
            "price_fair": 0,
            "eps_avg_yearly": 0,
            "eps_latest_yearly": 0,
            "eps_growth_yearly": 0
        },
        "20051": {
            "year_quarter": 20051,
            "year": 2005,
            "quarter": 1,
            "eps": null,
            "eps_growth_year": null,
            "eps_4q": null,
            "eps_4q_growth_year": null,
            "roe": null,
            "roe_4q": 0,
            "gross_profit": null,
            "gross_margin": null,
            "gross_margin_4q_avg": 0,
            "net_income": null,
            "net_income_4q": null,
            "revenue": null,
            "revenue_4q": null,
            "common_shares": null,
            "book_valuer_per_share": null,
            "book_valuer_per_share_4q_avg": 1.88,
            "equity": null,
            "current_ratio": null,
            "debt_ratio": null,
            "inventory_turnover_ratio": null,
            "account_receivable_turnover_ratio": null,
            "reinvestment_rate": null,
            "research_to_sale_ratio": null,
            "price_fair": 0,
            "eps_avg_yearly": 0,
            "eps_latest_yearly": 0,
            "eps_growth_yearly": 0
        },
        "20052": {
            "year_quarter": 20052,
            "year": 2005,
            "quarter": 2,
            "eps": null,
            "eps_growth_year": null,
            "eps_4q": null,
            "eps_4q_growth_year": null,
            "roe": null,
            "roe_4q": 0,
            "gross_profit": null,
            "gross_margin": null,
            "gross_margin_4q_avg": 0,
            "net_income": null,
            "net_income_4q": null,
            "revenue": null,
            "revenue_4q": null,
            "common_shares": null,
            "book_valuer_per_share": null,
            "book_valuer_per_share_4q_avg": 1.88,
            "equity": null,
            "current_ratio": null,
            "debt_ratio": null,
            "inventory_turnover_ratio": null,
            "account_receivable_turnover_ratio": null,
            "reinvestment_rate": null,
            "research_to_sale_ratio": null,
            "price_fair": 0,
            "eps_avg_yearly": 0,
            "eps_latest_yearly": 0,
            "eps_growth_yearly": 0
        },
        "20053": {
            "year_quarter": 20053,
            "year": 2005,
            "quarter": 3,
            "eps": null,
            "eps_growth_year": null,
            "eps_4q": null,
            "eps_4q_growth_year": null,
            "roe": null,
            "roe_4q": 0,
            "gross_profit": null,
            "gross_margin": null,
            "gross_margin_4q_avg": 0,
            "net_income": null,
            "net_income_4q": null,
            "revenue": null,
            "revenue_4q": null,
            "common_shares": null,
            "book_valuer_per_share": null,
            "book_valuer_per_share_4q_avg": 1.88,
            "equity": null,
            "current_ratio": null,
            "debt_ratio": null,
            "inventory_turnover_ratio": null,
            "account_receivable_turnover_ratio": null,
            "reinvestment_rate": null,
            "research_to_sale_ratio": null,
            "price_fair": 0,
            "eps_avg_yearly": 0,
            "eps_latest_yearly": 0,
            "eps_growth_yearly": 0
        },
        "20054": {
            "year_quarter": 20054,
            "year": 2005,
            "quarter": 4,
            "eps": null,
            "eps_growth_year": null,
            "eps_4q": null,
            "eps_4q_growth_year": null,
            "roe": null,
            "roe_4q": 0,
            "gross_profit": null,
            "gross_margin": null,
            "gross_margin_4q_avg": 0,
            "net_income": null,
            "net_income_4q": null,
            "revenue": null,
            "revenue_4q": null,
            "common_shares": 1030000,
            "book_valuer_per_share": 7.98,
            "book_valuer_per_share_4q_avg": 2,
            "equity": 822454,
            "current_ratio": 167.68,
            "debt_ratio": 66.5,
            "inventory_turnover_ratio": null,
            "account_receivable_turnover_ratio": null,
            "reinvestment_rate": null,
            "research_to_sale_ratio": null,
            "price_fair": 0,
            "eps_avg_yearly": 0,
            "eps_latest_yearly": 0,
            "eps_growth_yearly": 0
        },
        "20061": {
            "year_quarter": 20061,
            "year": 2006,
            "quarter": 1,
            "eps": null,
            "eps_growth_year": null,
            "eps_4q": null,
            "eps_4q_growth_year": null,
            "roe": null,
            "roe_4q": 0,
            "gross_profit": null,
            "gross_margin": null,
            "gross_margin_4q_avg": 0,
            "net_income": null,
            "net_income_4q": null,
            "revenue": null,
            "revenue_4q": null,
            "common_shares": null,
            "book_valuer_per_share": null,
            "book_valuer_per_share_4q_avg": 2,
            "equity": null,
            "current_ratio": null,
            "debt_ratio": null,
            "inventory_turnover_ratio": null,
            "account_receivable_turnover_ratio": null,
            "reinvestment_rate": null,
            "research_to_sale_ratio": null,
            "price_fair": 0,
            "eps_avg_yearly": 0,
            "eps_latest_yearly": 0,
            "eps_growth_yearly": 0
        },
        "20062": {
            "year_quarter": 20062,
            "year": 2006,
            "quarter": 2,
            "eps": null,
            "eps_growth_year": null,
            "eps_4q": null,
            "eps_4q_growth_year": null,
            "roe": null,
            "roe_4q": 0,
            "gross_profit": null,
            "gross_margin": null,
            "gross_margin_4q_avg": 0,
            "net_income": null,
            "net_income_4q": null,
            "revenue": null,
            "revenue_4q": null,
            "common_shares": null,
            "book_valuer_per_share": null,
            "book_valuer_per_share_4q_avg": 2,
            "equity": null,
            "current_ratio": null,
            "debt_ratio": null,
            "inventory_turnover_ratio": null,
            "account_receivable_turnover_ratio": null,
            "reinvestment_rate": null,
            "research_to_sale_ratio": null,
            "price_fair": 0,
            "eps_avg_yearly": 0,
            "eps_latest_yearly": 0,
            "eps_growth_yearly": 0
        },
        "20063": {
            "year_quarter": 20063,
            "year": 2006,
            "quarter": 3,
            "eps": null,
            "eps_growth_year": null,
            "eps_4q": null,
            "eps_4q_growth_year": null,
            "roe": null,
            "roe_4q": 0,
            "gross_profit": null,
            "gross_margin": null,
            "gross_margin_4q_avg": 0,
            "net_income": null,
            "net_income_4q": null,
            "revenue": null,
            "revenue_4q": null,
            "common_shares": null,
            "book_valuer_per_share": null,
            "book_valuer_per_share_4q_avg": 2,
            "equity": null,
            "current_ratio": null,
            "debt_ratio": null,
            "inventory_turnover_ratio": null,
            "account_receivable_turnover_ratio": null,
            "reinvestment_rate": null,
            "research_to_sale_ratio": null,
            "price_fair": 0,
            "eps_avg_yearly": 0,
            "eps_latest_yearly": 0,
            "eps_growth_yearly": 0
        },
        "20064": {
            "year_quarter": 20064,
            "year": 2006,
            "quarter": 4,
            "eps": null,
            "eps_growth_year": null,
            "eps_4q": null,
            "eps_4q_growth_year": null,
            "roe": null,
            "roe_4q": 0,
            "gross_profit": null,
            "gross_margin": null,
            "gross_margin_4q_avg": 0,
            "net_income": null,
            "net_income_4q": null,
            "revenue": null,
            "revenue_4q": null,
            "common_shares": 1030000,
            "book_valuer_per_share": 9.35,
            "book_valuer_per_share_4q_avg": 2.34,
            "equity": 963260,
            "current_ratio": 134.12,
            "debt_ratio": 68.67,
            "inventory_turnover_ratio": null,
            "account_receivable_turnover_ratio": null,
            "reinvestment_rate": null,
            "research_to_sale_ratio": null,
            "price_fair": 0,
            "eps_avg_yearly": 0,
            "eps_latest_yearly": 0,
            "eps_growth_yearly": 0
        },
        "20071": {
            "year_quarter": 20071,
            "year": 2007,
            "quarter": 1,
            "eps": null,
            "eps_growth_year": null,
            "eps_4q": null,
            "eps_4q_growth_year": null,
            "roe": null,
            "roe_4q": 0,
            "gross_profit": null,
            "gross_margin": null,
            "gross_margin_4q_avg": 0,
            "net_income": null,
            "net_income_4q": null,
            "revenue": null,
            "revenue_4q": null,
            "common_shares": null,
            "book_valuer_per_share": null,
            "book_valuer_per_share_4q_avg": 2.34,
            "equity": null,
            "current_ratio": null,
            "debt_ratio": null,
            "inventory_turnover_ratio": null,
            "account_receivable_turnover_ratio": null,
            "reinvestment_rate": null,
            "research_to_sale_ratio": null,
            "price_fair": 0,
            "eps_avg_yearly": 0,
            "eps_latest_yearly": 0,
            "eps_growth_yearly": 0
        },
        "20072": {
            "year_quarter": 20072,
            "year": 2007,
            "quarter": 2,
            "eps": null,
            "eps_growth_year": null,
            "eps_4q": null,
            "eps_4q_growth_year": null,
            "roe": null,
            "roe_4q": 0,
            "gross_profit": null,
            "gross_margin": null,
            "gross_margin_4q_avg": 0,
            "net_income": null,
            "net_income_4q": null,
            "revenue": null,
            "revenue_4q": null,
            "common_shares": null,
            "book_valuer_per_share": null,
            "book_valuer_per_share_4q_avg": 2.34,
            "equity": null,
            "current_ratio": null,
            "debt_ratio": null,
            "inventory_turnover_ratio": null,
            "account_receivable_turnover_ratio": null,
            "reinvestment_rate": null,
            "research_to_sale_ratio": null,
            "price_fair": 0,
            "eps_avg_yearly": 0,
            "eps_latest_yearly": 0,
            "eps_growth_yearly": 0
        },
        "20073": {
            "year_quarter": 20073,
            "year": 2007,
            "quarter": 3,
            "eps": null,
            "eps_growth_year": null,
            "eps_4q": null,
            "eps_4q_growth_year": null,
            "roe": null,
            "roe_4q": 0,
            "gross_profit": null,
            "gross_margin": null,
            "gross_margin_4q_avg": 0,
            "net_income": null,
            "net_income_4q": null,
            "revenue": null,
            "revenue_4q": null,
            "common_shares": null,
            "book_valuer_per_share": null,
            "book_valuer_per_share_4q_avg": 2.34,
            "equity": null,
            "current_ratio": null,
            "debt_ratio": null,
            "inventory_turnover_ratio": null,
            "account_receivable_turnover_ratio": null,
            "reinvestment_rate": null,
            "research_to_sale_ratio": null,
            "price_fair": 0,
            "eps_avg_yearly": 0,
            "eps_latest_yearly": 0,
            "eps_growth_yearly": 0
        },
        "20074": {
            "year_quarter": 20074,
            "year": 2007,
            "quarter": 4,
            "eps": null,
            "eps_growth_year": null,
            "eps_4q": null,
            "eps_4q_growth_year": null,
            "roe": null,
            "roe_4q": 0,
            "gross_profit": null,
            "gross_margin": null,
            "gross_margin_4q_avg": 0,
            "net_income": null,
            "net_income_4q": null,
            "revenue": null,
            "revenue_4q": null,
            "common_shares": 1030000,
            "book_valuer_per_share": 10.39,
            "book_valuer_per_share_4q_avg": 2.6,
            "equity": 1070493,
            "current_ratio": 100.05,
            "debt_ratio": 69.32,
            "inventory_turnover_ratio": null,
            "account_receivable_turnover_ratio": null,
            "reinvestment_rate": null,
            "research_to_sale_ratio": null,
            "price_fair": 0,
            "eps_avg_yearly": 0,
            "eps_latest_yearly": 0,
            "eps_growth_yearly": 0
        },
        "20081": {
            "year_quarter": 20081,
            "year": 2008,
            "quarter": 1,
            "eps": null,
            "eps_growth_year": null,
            "eps_4q": null,
            "eps_4q_growth_year": null,
            "roe": null,
            "roe_4q": 0,
            "gross_profit": null,
            "gross_margin": null,
            "gross_margin_4q_avg": 0,
            "net_income": null,
            "net_income_4q": null,
            "revenue": null,
            "revenue_4q": null,
            "common_shares": null,
            "book_valuer_per_share": null,
            "book_valuer_per_share_4q_avg": 2.6,
            "equity": null,
            "current_ratio": null,
            "debt_ratio": null,
            "inventory_turnover_ratio": null,
            "account_receivable_turnover_ratio": null,
            "reinvestment_rate": null,
            "research_to_sale_ratio": null,
            "price_fair": 0,
            "eps_avg_yearly": 0,
            "eps_latest_yearly": 0,
            "eps_growth_yearly": 0
        },
        "20082": {
            "year_quarter": 20082,
            "year": 2008,
            "quarter": 2,
            "eps": null,
            "eps_growth_year": null,
            "eps_4q": null,
            "eps_4q_growth_year": null,
            "roe": null,
            "roe_4q": 0,
            "gross_profit": null,
            "gross_margin": null,
            "gross_margin_4q_avg": 0,
            "net_income": null,
            "net_income_4q": null,
            "revenue": null,
            "revenue_4q": null,
            "common_shares": null,
            "book_valuer_per_share": null,
            "book_valuer_per_share_4q_avg": 2.6,
            "equity": null,
            "current_ratio": null,
            "debt_ratio": null,
            "inventory_turnover_ratio": null,
            "account_receivable_turnover_ratio": null,
            "reinvestment_rate": null,
            "research_to_sale_ratio": null,
            "price_fair": 0,
            "eps_avg_yearly": 0,
            "eps_latest_yearly": 0,
            "eps_growth_yearly": 0
        },
        "20083": {
            "year_quarter": 20083,
            "year": 2008,
            "quarter": 3,
            "eps": null,
            "eps_growth_year": null,
            "eps_4q": null,
            "eps_4q_growth_year": null,
            "roe": null,
            "roe_4q": 0,
            "gross_profit": null,
            "gross_margin": null,
            "gross_margin_4q_avg": 0,
            "net_income": null,
            "net_income_4q": null,
            "revenue": null,
            "revenue_4q": null,
            "common_shares": null,
            "book_valuer_per_share": null,
            "book_valuer_per_share_4q_avg": 2.6,
            "equity": null,
            "current_ratio": null,
            "debt_ratio": null,
            "inventory_turnover_ratio": null,
            "account_receivable_turnover_ratio": null,
            "reinvestment_rate": null,
            "research_to_sale_ratio": null,
            "price_fair": 0,
            "eps_avg_yearly": 0,
            "eps_latest_yearly": 0,
            "eps_growth_yearly": 0
        },
        "20084": {
            "year_quarter": 20084,
            "year": 2008,
            "quarter": 4,
            "eps": null,
            "eps_growth_year": null,
            "eps_4q": null,
            "eps_4q_growth_year": null,
            "roe": null,
            "roe_4q": 0,
            "gross_profit": null,
            "gross_margin": null,
            "gross_margin_4q_avg": 0,
            "net_income": null,
            "net_income_4q": null,
            "revenue": null,
            "revenue_4q": null,
            "common_shares": 1030000,
            "book_valuer_per_share": 6.19,
            "book_valuer_per_share_4q_avg": 1.55,
            "equity": 638013,
            "current_ratio": 74,
            "debt_ratio": 78.91,
            "inventory_turnover_ratio": null,
            "account_receivable_turnover_ratio": null,
            "reinvestment_rate": null,
            "research_to_sale_ratio": null,
            "price_fair": 0,
            "eps_avg_yearly": 0,
            "eps_latest_yearly": 0,
            "eps_growth_yearly": 0
        },
        "20091": {
            "year_quarter": 20091,
            "year": 2009,
            "quarter": 1,
            "eps": null,
            "eps_growth_year": null,
            "eps_4q": null,
            "eps_4q_growth_year": null,
            "roe": null,
            "roe_4q": 0,
            "gross_profit": null,
            "gross_margin": null,
            "gross_margin_4q_avg": 0,
            "net_income": null,
            "net_income_4q": null,
            "revenue": null,
            "revenue_4q": null,
            "common_shares": null,
            "book_valuer_per_share": null,
            "book_valuer_per_share_4q_avg": 1.55,
            "equity": null,
            "current_ratio": null,
            "debt_ratio": null,
            "inventory_turnover_ratio": null,
            "account_receivable_turnover_ratio": null,
            "reinvestment_rate": null,
            "research_to_sale_ratio": null,
            "price_fair": 0,
            "eps_avg_yearly": 0,
            "eps_latest_yearly": 0,
            "eps_growth_yearly": 0
        },
        "20092": {
            "year_quarter": 20092,
            "year": 2009,
            "quarter": 2,
            "eps": null,
            "eps_growth_year": null,
            "eps_4q": null,
            "eps_4q_growth_year": null,
            "roe": null,
            "roe_4q": 0,
            "gross_profit": null,
            "gross_margin": null,
            "gross_margin_4q_avg": 0,
            "net_income": null,
            "net_income_4q": null,
            "revenue": null,
            "revenue_4q": null,
            "common_shares": 1030000,
            "book_valuer_per_share": null,
            "book_valuer_per_share_4q_avg": 1.55,
            "equity": 324412,
            "current_ratio": null,
            "debt_ratio": null,
            "inventory_turnover_ratio": null,
            "account_receivable_turnover_ratio": null,
            "reinvestment_rate": null,
            "research_to_sale_ratio": null,
            "price_fair": 0,
            "eps_avg_yearly": 0,
            "eps_latest_yearly": 0,
            "eps_growth_yearly": 0
        },
        "20093": {
            "year_quarter": 20093,
            "year": 2009,
            "quarter": 3,
            "eps": null,
            "eps_growth_year": null,
            "eps_4q": null,
            "eps_4q_growth_year": null,
            "roe": null,
            "roe_4q": 0,
            "gross_profit": null,
            "gross_margin": null,
            "gross_margin_4q_avg": 0,
            "net_income": null,
            "net_income_4q": null,
            "revenue": null,
            "revenue_4q": null,
            "common_shares": null,
            "book_valuer_per_share": null,
            "book_valuer_per_share_4q_avg": 1.55,
            "equity": null,
            "current_ratio": null,
            "debt_ratio": null,
            "inventory_turnover_ratio": null,
            "account_receivable_turnover_ratio": null,
            "reinvestment_rate": null,
            "research_to_sale_ratio": null,
            "price_fair": 0,
            "eps_avg_yearly": 0,
            "eps_latest_yearly": 0,
            "eps_growth_yearly": 0
        },
        "20094": {
            "year_quarter": 20094,
            "year": 2009,
            "quarter": 4,
            "eps": null,
            "eps_growth_year": null,
            "eps_4q": null,
            "eps_4q_growth_year": null,
            "roe": null,
            "roe_4q": 0,
            "gross_profit": null,
            "gross_margin": null,
            "gross_margin_4q_avg": 0,
            "net_income": null,
            "net_income_4q": null,
            "revenue": null,
            "revenue_4q": null,
            "common_shares": 1080000,
            "book_valuer_per_share": 5.06,
            "book_valuer_per_share_4q_avg": 1.27,
            "equity": 546637,
            "current_ratio": 76.51,
            "debt_ratio": 81.56,
            "inventory_turnover_ratio": null,
            "account_receivable_turnover_ratio": null,
            "reinvestment_rate": null,
            "research_to_sale_ratio": null,
            "price_fair": 0,
            "eps_avg_yearly": 0,
            "eps_latest_yearly": 0,
            "eps_growth_yearly": 0
        },
        "20101": {
            "year_quarter": 20101,
            "year": 2010,
            "quarter": 1,
            "eps": null,
            "eps_growth_year": null,
            "eps_4q": null,
            "eps_4q_growth_year": null,
            "roe": null,
            "roe_4q": 0,
            "gross_profit": null,
            "gross_margin": null,
            "gross_margin_4q_avg": 0,
            "net_income": null,
            "net_income_4q": null,
            "revenue": null,
            "revenue_4q": null,
            "common_shares": null,
            "book_valuer_per_share": null,
            "book_valuer_per_share_4q_avg": 1.27,
            "equity": null,
            "current_ratio": null,
            "debt_ratio": null,
            "inventory_turnover_ratio": null,
            "account_receivable_turnover_ratio": null,
            "reinvestment_rate": null,
            "research_to_sale_ratio": null,
            "price_fair": 0,
            "eps_avg_yearly": 0,
            "eps_latest_yearly": 0,
            "eps_growth_yearly": 0
        },
        "20102": {
            "year_quarter": 20102,
            "year": 2010,
            "quarter": 2,
            "eps": null,
            "eps_growth_year": null,
            "eps_4q": null,
            "eps_4q_growth_year": null,
            "roe": null,
            "roe_4q": 0,
            "gross_profit": null,
            "gross_margin": null,
            "gross_margin_4q_avg": 0,
            "net_income": null,
            "net_income_4q": null,
            "revenue": null,
            "revenue_4q": null,
            "common_shares": 1080000,
            "book_valuer_per_share": 5.26,
            "book_valuer_per_share_4q_avg": 2.58,
            "equity": 568369,
            "current_ratio": 82.35,
            "debt_ratio": 84.86,
            "inventory_turnover_ratio": null,
            "account_receivable_turnover_ratio": null,
            "reinvestment_rate": null,
            "research_to_sale_ratio": null,
            "price_fair": 0,
            "eps_avg_yearly": 0,
            "eps_latest_yearly": 0,
            "eps_growth_yearly": 0
        },
        "20103": {
            "year_quarter": 20103,
            "year": 2010,
            "quarter": 3,
            "eps": null,
            "eps_growth_year": null,
            "eps_4q": null,
            "eps_4q_growth_year": null,
            "roe": null,
            "roe_4q": 0,
            "gross_profit": null,
            "gross_margin": null,
            "gross_margin_4q_avg": 0,
            "net_income": null,
            "net_income_4q": null,
            "revenue": null,
            "revenue_4q": null,
            "common_shares": null,
            "book_valuer_per_share": null,
            "book_valuer_per_share_4q_avg": 2.58,
            "equity": null,
            "current_ratio": null,
            "debt_ratio": null,
            "inventory_turnover_ratio": null,
            "account_receivable_turnover_ratio": null,
            "reinvestment_rate": null,
            "research_to_sale_ratio": null,
            "price_fair": 0,
            "eps_avg_yearly": 0,
            "eps_latest_yearly": 0,
            "eps_growth_yearly": 0
        },
        "20104": {
            "year_quarter": 20104,
            "year": 2010,
            "quarter": 4,
            "eps": null,
            "eps_growth_year": null,
            "eps_4q": null,
            "eps_4q_growth_year": null,
            "roe": null,
            "roe_4q": 0,
            "gross_profit": null,
            "gross_margin": null,
            "gross_margin_4q_avg": 0,
            "net_income": null,
            "net_income_4q": null,
            "revenue": null,
            "revenue_4q": null,
            "common_shares": 1080000,
            "book_valuer_per_share": 6.2,
            "book_valuer_per_share_4q_avg": 2.87,
            "equity": 669116,
            "current_ratio": 91.2,
            "debt_ratio": 83.98,
            "inventory_turnover_ratio": null,
            "account_receivable_turnover_ratio": null,
            "reinvestment_rate": null,
            "research_to_sale_ratio": null,
            "price_fair": 0,
            "eps_avg_yearly": 0,
            "eps_latest_yearly": 0,
            "eps_growth_yearly": 0
        },
        "20111": {
            "year_quarter": 20111,
            "year": 2011,
            "quarter": 1,
            "eps": null,
            "eps_growth_year": null,
            "eps_4q": null,
            "eps_4q_growth_year": null,
            "roe": null,
            "roe_4q": 0,
            "gross_profit": null,
            "gross_margin": null,
            "gross_margin_4q_avg": 0,
            "net_income": null,
            "net_income_4q": null,
            "revenue": null,
            "revenue_4q": null,
            "common_shares": null,
            "book_valuer_per_share": null,
            "book_valuer_per_share_4q_avg": 2.87,
            "equity": null,
            "current_ratio": null,
            "debt_ratio": null,
            "inventory_turnover_ratio": null,
            "account_receivable_turnover_ratio": null,
            "reinvestment_rate": null,
            "research_to_sale_ratio": null,
            "price_fair": 0,
            "eps_avg_yearly": 0,
            "eps_latest_yearly": 0,
            "eps_growth_yearly": 0
        },
        "20112": {
            "year_quarter": 20112,
            "year": 2011,
            "quarter": 2,
            "eps": null,
            "eps_growth_year": null,
            "eps_4q": null,
            "eps_4q_growth_year": null,
            "roe": null,
            "roe_4q": 0,
            "gross_profit": null,
            "gross_margin": null,
            "gross_margin_4q_avg": 0,
            "net_income": null,
            "net_income_4q": null,
            "revenue": null,
            "revenue_4q": null,
            "common_shares": 1080000,
            "book_valuer_per_share": 6.78,
            "book_valuer_per_share_4q_avg": 3.25,
            "equity": 732493,
            "current_ratio": 94.19,
            "debt_ratio": 80.93,
            "inventory_turnover_ratio": null,
            "account_receivable_turnover_ratio": null,
            "reinvestment_rate": null,
            "research_to_sale_ratio": null,
            "price_fair": 0,
            "eps_avg_yearly": 0,
            "eps_latest_yearly": 0,
            "eps_growth_yearly": 0
        },
        "20113": {
            "year_quarter": 20113,
            "year": 2011,
            "quarter": 3,
            "eps": null,
            "eps_growth_year": null,
            "eps_4q": null,
            "eps_4q_growth_year": null,
            "roe": null,
            "roe_4q": 0,
            "gross_profit": null,
            "gross_margin": null,
            "gross_margin_4q_avg": 0,
            "net_income": null,
            "net_income_4q": null,
            "revenue": null,
            "revenue_4q": null,
            "common_shares": null,
            "book_valuer_per_share": null,
            "book_valuer_per_share_4q_avg": 3.25,
            "equity": null,
            "current_ratio": null,
            "debt_ratio": null,
            "inventory_turnover_ratio": null,
            "account_receivable_turnover_ratio": null,
            "reinvestment_rate": null,
            "research_to_sale_ratio": null,
            "price_fair": 0,
            "eps_avg_yearly": 0,
            "eps_latest_yearly": 0,
            "eps_growth_yearly": 0
        },
        "20114": {
            "year_quarter": 20114,
            "year": 2011,
            "quarter": 4,
            "eps": null,
            "eps_growth_year": null,
            "eps_4q": null,
            "eps_4q_growth_year": null,
            "roe": null,
            "roe_4q": 0,
            "gross_profit": null,
            "gross_margin": null,
            "gross_margin_4q_avg": 0,
            "net_income": null,
            "net_income_4q": null,
            "revenue": null,
            "revenue_4q": null,
            "common_shares": 1080000,
            "book_valuer_per_share": 4.78,
            "book_valuer_per_share_4q_avg": 2.89,
            "equity": 516077,
            "current_ratio": 84.82,
            "debt_ratio": 83.3,
            "inventory_turnover_ratio": null,
            "account_receivable_turnover_ratio": null,
            "reinvestment_rate": null,
            "research_to_sale_ratio": null,
            "price_fair": 0,
            "eps_avg_yearly": 0,
            "eps_latest_yearly": 0,
            "eps_growth_yearly": 0
        },
        "20121": {
            "year_quarter": 20121,
            "year": 2012,
            "quarter": 1,
            "eps": null,
            "eps_growth_year": null,
            "eps_4q": null,
            "eps_4q_growth_year": null,
            "roe": null,
            "roe_4q": 0,
            "gross_profit": null,
            "gross_margin": null,
            "gross_margin_4q_avg": 0,
            "net_income": null,
            "net_income_4q": null,
            "revenue": null,
            "revenue_4q": null,
            "common_shares": null,
            "book_valuer_per_share": null,
            "book_valuer_per_share_4q_avg": 2.89,
            "equity": null,
            "current_ratio": null,
            "debt_ratio": null,
            "inventory_turnover_ratio": null,
            "account_receivable_turnover_ratio": null,
            "reinvestment_rate": null,
            "research_to_sale_ratio": null,
            "price_fair": 0,
            "eps_avg_yearly": 0,
            "eps_latest_yearly": 0,
            "eps_growth_yearly": 0
        },
        "20122": {
            "year_quarter": 20122,
            "year": 2012,
            "quarter": 2,
            "eps": null,
            "eps_growth_year": null,
            "eps_4q": null,
            "eps_4q_growth_year": null,
            "roe": null,
            "roe_4q": 0,
            "gross_profit": null,
            "gross_margin": null,
            "gross_margin_4q_avg": 0,
            "net_income": null,
            "net_income_4q": null,
            "revenue": null,
            "revenue_4q": null,
            "common_shares": 1080000,
            "book_valuer_per_share": 4.77,
            "book_valuer_per_share_4q_avg": 2.39,
            "equity": 515075,
            "current_ratio": 87.3,
            "debt_ratio": 83.7,
            "inventory_turnover_ratio": null,
            "account_receivable_turnover_ratio": null,
            "reinvestment_rate": null,
            "research_to_sale_ratio": null,
            "price_fair": 0,
            "eps_avg_yearly": 0,
            "eps_latest_yearly": 0,
            "eps_growth_yearly": 0
        },
        "20123": {
            "year_quarter": 20123,
            "year": 2012,
            "quarter": 3,
            "eps": null,
            "eps_growth_year": null,
            "eps_4q": null,
            "eps_4q_growth_year": null,
            "roe": null,
            "roe_4q": 0,
            "gross_profit": null,
            "gross_margin": null,
            "gross_margin_4q_avg": 0,
            "net_income": null,
            "net_income_4q": null,
            "revenue": null,
            "revenue_4q": null,
            "common_shares": null,
            "book_valuer_per_share": null,
            "book_valuer_per_share_4q_avg": 2.39,
            "equity": null,
            "current_ratio": null,
            "debt_ratio": null,
            "inventory_turnover_ratio": null,
            "account_receivable_turnover_ratio": null,
            "reinvestment_rate": null,
            "research_to_sale_ratio": null,
            "price_fair": 0,
            "eps_avg_yearly": 0,
            "eps_latest_yearly": 0,
            "eps_growth_yearly": 0
        },
        "20124": {
            "year_quarter": 20124,
            "year": 2012,
            "quarter": 4,
            "eps": null,
            "eps_growth_year": null,
            "eps_4q": null,
            "eps_4q_growth_year": null,
            "roe": null,
            "roe_4q": 0,
            "gross_profit": null,
            "gross_margin": null,
            "gross_margin_4q_avg": 0,
            "net_income": null,
            "net_income_4q": null,
            "revenue": null,
            "revenue_4q": null,
            "common_shares": 1080000,
            "book_valuer_per_share": 1.07,
            "book_valuer_per_share_4q_avg": 1.46,
            "equity": 115906,
            "current_ratio": 76.81,
            "debt_ratio": 96.11,
            "inventory_turnover_ratio": null,
            "account_receivable_turnover_ratio": null,
            "reinvestment_rate": null,
            "research_to_sale_ratio": null,
            "price_fair": 0,
            "eps_avg_yearly": 0,
            "eps_latest_yearly": 0,
            "eps_growth_yearly": 0
        },
        "20131": {
            "year_quarter": 20131,
            "year": 2013,
            "quarter": 1,
            "eps": null,
            "eps_growth_year": null,
            "eps_4q": null,
            "eps_4q_growth_year": null,
            "roe": null,
            "roe_4q": 0,
            "gross_profit": null,
            "gross_margin": null,
            "gross_margin_4q_avg": 0,
            "net_income": null,
            "net_income_4q": null,
            "revenue": null,
            "revenue_4q": null,
            "common_shares": null,
            "book_valuer_per_share": null,
            "book_valuer_per_share_4q_avg": 1.46,
            "equity": null,
            "current_ratio": null,
            "debt_ratio": null,
            "inventory_turnover_ratio": null,
            "account_receivable_turnover_ratio": null,
            "reinvestment_rate": null,
            "research_to_sale_ratio": null,
            "price_fair": 0,
            "eps_avg_yearly": 0,
            "eps_latest_yearly": 0,
            "eps_growth_yearly": 0
        },
        "20132": {
            "year_quarter": 20132,
            "year": 2013,
            "quarter": 2,
            "eps": null,
            "eps_growth_year": null,
            "eps_4q": null,
            "eps_4q_growth_year": null,
            "roe": null,
            "roe_4q": 0,
            "gross_profit": null,
            "gross_margin": null,
            "gross_margin_4q_avg": 0,
            "net_income": null,
            "net_income_4q": null,
            "revenue": null,
            "revenue_4q": null,
            "common_shares": 1080000,
            "book_valuer_per_share": 3.5,
            "book_valuer_per_share_4q_avg": 1.14,
            "equity": 378110,
            "current_ratio": 71.58,
            "debt_ratio": 86.73,
            "inventory_turnover_ratio": null,
            "account_receivable_turnover_ratio": null,
            "reinvestment_rate": null,
            "research_to_sale_ratio": null,
            "price_fair": 0,
            "eps_avg_yearly": 0,
            "eps_latest_yearly": 0,
            "eps_growth_yearly": 0
        },
        "20133": {
            "year_quarter": 20133,
            "year": 2013,
            "quarter": 3,
            "eps": null,
            "eps_growth_year": null,
            "eps_4q": null,
            "eps_4q_growth_year": null,
            "roe": null,
            "roe_4q": 0,
            "gross_profit": null,
            "gross_margin": null,
            "gross_margin_4q_avg": 0,
            "net_income": null,
            "net_income_4q": null,
            "revenue": null,
            "revenue_4q": null,
            "common_shares": null,
            "book_valuer_per_share": null,
            "book_valuer_per_share_4q_avg": 1.14,
            "equity": null,
            "current_ratio": null,
            "debt_ratio": null,
            "inventory_turnover_ratio": null,
            "account_receivable_turnover_ratio": null,
            "reinvestment_rate": null,
            "research_to_sale_ratio": null,
            "price_fair": 0,
            "eps_avg_yearly": 0,
            "eps_latest_yearly": 0,
            "eps_growth_yearly": 0
        },
        "20134": {
            "year_quarter": 20134,
            "year": 2013,
            "quarter": 4,
            "eps": null,
            "eps_growth_year": null,
            "eps_4q": null,
            "eps_4q_growth_year": null,
            "roe": null,
            "roe_4q": 0,
            "gross_profit": null,
            "gross_margin": null,
            "gross_margin_4q_avg": 0,
            "net_income": null,
            "net_income_4q": null,
            "revenue": null,
            "revenue_4q": null,
            "common_shares": 600000,
            "book_valuer_per_share": 18.49,
            "book_valuer_per_share_4q_avg": 5.5,
            "equity": 1109570,
            "current_ratio": 98.51,
            "debt_ratio": 65.03,
            "inventory_turnover_ratio": null,
            "account_receivable_turnover_ratio": null,
            "reinvestment_rate": null,
            "research_to_sale_ratio": null,
            "price_fair": 0,
            "eps_avg_yearly": 0,
            "eps_latest_yearly": 0,
            "eps_growth_yearly": 0
        },
        "20141": {
            "year_quarter": 20141,
            "year": 2014,
            "quarter": 1,
            "eps": null,
            "eps_growth_year": null,
            "eps_4q": null,
            "eps_4q_growth_year": null,
            "roe": null,
            "roe_4q": 0,
            "gross_profit": 148787,
            "gross_margin": null,
            "gross_margin_4q_avg": 0,
            "net_income": 52702,
            "net_income_4q": null,
            "revenue": 1213679,
            "revenue_4q": null,
            "common_shares": 600000,
            "book_valuer_per_share": 22.93,
            "book_valuer_per_share_4q_avg": 11.23,
            "equity": 1375844,
            "current_ratio": 100.06,
            "debt_ratio": 65.89,
            "inventory_turnover_ratio": null,
            "account_receivable_turnover_ratio": null,
            "reinvestment_rate": null,
            "research_to_sale_ratio": null,
            "price_fair": 0,
            "eps_avg_yearly": 0,
            "eps_latest_yearly": 0,
            "eps_growth_yearly": 0
        },
        "20142": {
            "year_quarter": 20142,
            "year": 2014,
            "quarter": 2,
            "eps": 1.89,
            "eps_growth_year": null,
            "eps_4q": null,
            "eps_4q_growth_year": null,
            "roe": 7.99,
            "roe_4q": 7.99,
            "gross_profit": 186709,
            "gross_margin": 14.32,
            "gross_margin_4q_avg": 3.58,
            "net_income": 113678,
            "net_income_4q": null,
            "revenue": 1303569,
            "revenue_4q": null,
            "common_shares": 600000,
            "book_valuer_per_share": 24.5,
            "book_valuer_per_share_4q_avg": 16.48,
            "equity": 1470297,
            "current_ratio": 105.1,
            "debt_ratio": 57.84,
            "inventory_turnover_ratio": 2.32,
            "account_receivable_turnover_ratio": 4.1,
            "reinvestment_rate": null,
            "research_to_sale_ratio": null,
            "price_fair": 0,
            "eps_avg_yearly": 0,
            "eps_latest_yearly": 0,
            "eps_growth_yearly": 0
        },
        "20143": {
            "year_quarter": 20143,
            "year": 2014,
            "quarter": 3,
            "eps": null,
            "eps_growth_year": null,
            "eps_4q": null,
            "eps_4q_growth_year": null,
            "roe": null,
            "roe_4q": 7.99,
            "gross_profit": 128455,
            "gross_margin": null,
            "gross_margin_4q_avg": 3.58,
            "net_income": 132607,
            "net_income_4q": null,
            "revenue": 965681,
            "revenue_4q": null,
            "common_shares": 600000,
            "book_valuer_per_share": 24.52,
            "book_valuer_per_share_4q_avg": 22.61,
            "equity": 1471097,
            "current_ratio": 112.11,
            "debt_ratio": 58.92,
            "inventory_turnover_ratio": null,
            "account_receivable_turnover_ratio": null,
            "reinvestment_rate": null,
            "research_to_sale_ratio": null,
            "price_fair": 0,
            "eps_avg_yearly": 0,
            "eps_latest_yearly": 0,
            "eps_growth_yearly": 0
        },
        "20144": {
            "year_quarter": 20144,
            "year": 2014,
            "quarter": 4,
            "eps": null,
            "eps_growth_year": null,
            "eps_4q": null,
            "eps_4q_growth_year": null,
            "roe": null,
            "roe_4q": 7.99,
            "gross_profit": 90750,
            "gross_margin": null,
            "gross_margin_4q_avg": 3.58,
            "net_income": 24092,
            "net_income_4q": null,
            "revenue": 1119996,
            "revenue_4q": null,
            "common_shares": 600000,
            "book_valuer_per_share": 23.01,
            "book_valuer_per_share_4q_avg": 23.74,
            "equity": 1380886,
            "current_ratio": 112.69,
            "debt_ratio": 61.24,
            "inventory_turnover_ratio": null,
            "account_receivable_turnover_ratio": null,
            "reinvestment_rate": null,
            "research_to_sale_ratio": null,
            "price_fair": 0,
            "eps_avg_yearly": 0,
            "eps_latest_yearly": 0,
            "eps_growth_yearly": 0
        },
        "20151": {
            "year_quarter": 20151,
            "year": 2015,
            "quarter": 1,
            "eps": 1.31,
            "eps_growth_year": null,
            "eps_4q": 3.2,
            "eps_4q_growth_year": null,
            "roe": 5.46,
            "roe_4q": 13.45,
            "gross_profit": 182466,
            "gross_margin": 18.2,
            "gross_margin_4q_avg": 8.13,
            "net_income": 78466,
            "net_income_4q": null,
            "revenue": 1002340,
            "revenue_4q": null,
            "common_shares": 600000,
            "book_valuer_per_share": 24.86,
            "book_valuer_per_share_4q_avg": 24.22,
            "equity": 1491583,
            "current_ratio": 120.5,
            "debt_ratio": 54.17,
            "inventory_turnover_ratio": 1.23,
            "account_receivable_turnover_ratio": 1.5,
            "reinvestment_rate": null,
            "research_to_sale_ratio": 1.2,
            "price_fair": 0,
            "eps_avg_yearly": 0,
            "eps_latest_yearly": 0,
            "eps_growth_yearly": 0
        },
        "20152": {
            "year_quarter": 20152,
            "year": 2015,
            "quarter": 2,
            "eps": 1.71,
            "eps_growth_year": -9.75,
            "eps_4q": 3.02,
            "eps_4q_growth_year": null,
            "roe": 7.18,
            "roe_4q": 12.64,
            "gross_profit": 209425,
            "gross_margin": 17.98,
            "gross_margin_4q_avg": 9.05,
            "net_income": 102668,
            "net_income_4q": null,
            "revenue": 1164596,
            "revenue_4q": null,
            "common_shares": 600000,
            "book_valuer_per_share": 22.83,
            "book_valuer_per_share_4q_avg": 23.81,
            "equity": 1369849,
            "current_ratio": 121.74,
            "debt_ratio": 57.39,
            "inventory_turnover_ratio": 1.36,
            "account_receivable_turnover_ratio": 1.93,
            "reinvestment_rate": null,
            "research_to_sale_ratio": 0.87,
            "price_fair": 239.4,
            "eps_avg_yearly": 6.84,
            "eps_latest_yearly": 6.84,
            "eps_growth_yearly": 122.14
        },
        "20153": {
            "year_quarter": 20153,
            "year": 2015,
            "quarter": 3,
            "eps": 2.51,
            "eps_growth_year": null,
            "eps_4q": 5.09,
            "eps_4q_growth_year": null,
            "roe": 9.91,
            "roe_4q": 22.55,
            "gross_profit": 255528,
            "gross_margin": 18.11,
            "gross_margin_4q_avg": 13.57,
            "net_income": 165164,
            "net_income_4q": null,
            "revenue": 1410932,
            "revenue_4q": null,
            "common_shares": 680000,
            "book_valuer_per_share": 28.88,
            "book_valuer_per_share_4q_avg": 24.9,
            "equity": 1963825,
            "current_ratio": 150.37,
            "debt_ratio": 52,
            "inventory_turnover_ratio": 1.39,
            "account_receivable_turnover_ratio": 1.7,
            "reinvestment_rate": null,
            "research_to_sale_ratio": 0.98,
            "price_fair": 295.4,
            "eps_avg_yearly": 8.44,
            "eps_latest_yearly": 10.04,
            "eps_growth_yearly": 154.64
        },
        "20154": {
            "year_quarter": 20154,
            "year": 2015,
            "quarter": 4,
            "eps": 2.48,
            "eps_growth_year": null,
            "eps_4q": 7.57,
            "eps_4q_growth_year": null,
            "roe": 8.23,
            "roe_4q": 30.78,
            "gross_profit": 297000,
            "gross_margin": 16.22,
            "gross_margin_4q_avg": 17.63,
            "net_income": 168732,
            "net_income_4q": null,
            "revenue": 1831313,
            "revenue_4q": null,
            "common_shares": 680000,
            "book_valuer_per_share": 31.41,
            "book_valuer_per_share_4q_avg": 27,
            "equity": 2136181,
            "current_ratio": 150.78,
            "debt_ratio": 51.21,
            "inventory_turnover_ratio": 1.87,
            "account_receivable_turnover_ratio": 2.06,
            "reinvestment_rate": null,
            "research_to_sale_ratio": 1,
            "price_fair": 312.67,
            "eps_avg_yearly": 8.93,
            "eps_latest_yearly": 9.92,
            "eps_growth_yearly": 101.5
        },
        "20161": {
            "year_quarter": 20161,
            "year": 2016,
            "quarter": 1,
            "eps": 1.12,
            "eps_growth_year": -14.5,
            "eps_4q": 7.54,
            "eps_4q_growth_year": 135.49,
            "roe": 3.51,
            "roe_4q": 28.83,
            "gross_profit": 196543,
            "gross_margin": 8.39,
            "gross_margin_4q_avg": 15.18,
            "net_income": 76252,
            "net_income_4q": null,
            "revenue": 2342996,
            "revenue_4q": null,
            "common_shares": 680000,
            "book_valuer_per_share": 32.47,
            "book_valuer_per_share_4q_avg": 28.9,
            "equity": 2207914,
            "current_ratio": 163.43,
            "debt_ratio": 46.07,
            "inventory_turnover_ratio": 2.76,
            "account_receivable_turnover_ratio": 2.45,
            "reinvestment_rate": null,
            "research_to_sale_ratio": 0.43,
            "price_fair": 244.64,
            "eps_avg_yearly": 7.82,
            "eps_latest_yearly": 4.48,
            "eps_growth_yearly": 21.28
        },
        "20162": {
            "year_quarter": 20162,
            "year": 2016,
            "quarter": 2,
            "eps": 2.05,
            "eps_growth_year": 19.88,
            "eps_4q": 7.97,
            "eps_4q_growth_year": 164.1,
            "roe": 6.56,
            "roe_4q": 28.21,
            "gross_profit": 269464,
            "gross_margin": 19.23,
            "gross_margin_4q_avg": 15.49,
            "net_income": 139299,
            "net_income_4q": null,
            "revenue": 1401250,
            "revenue_4q": null,
            "common_shares": 680000,
            "book_valuer_per_share": 29.95,
            "book_valuer_per_share_4q_avg": 30.68,
            "equity": 2041215,
            "current_ratio": 140.86,
            "debt_ratio": 55.65,
            "inventory_turnover_ratio": 1.27,
            "account_receivable_turnover_ratio": 1.22,
            "reinvestment_rate": null,
            "research_to_sale_ratio": 0.89,
            "price_fair": 276.36,
            "eps_avg_yearly": 7.9,
            "eps_latest_yearly": 8.2,
            "eps_growth_yearly": 83.46
        },
        "20163": {
            "year_quarter": 20163,
            "year": 2016,
            "quarter": 3,
            "eps": 2.62,
            "eps_growth_year": 4.38,
            "eps_4q": 7.67,
            "eps_4q_growth_year": 50.62,
            "roe": 8.2,
            "roe_4q": 26.499999999999996,
            "gross_profit": 348652,
            "gross_margin": 17.76,
            "gross_margin_4q_avg": 15.4,
            "net_income": 191006,
            "net_income_4q": null,
            "revenue": 1963453,
            "revenue_4q": null,
            "common_shares": 750000,
            "book_valuer_per_share": 34.89,
            "book_valuer_per_share_4q_avg": 32.18,
            "equity": 2616667,
            "current_ratio": 161.69,
            "debt_ratio": 50.37,
            "inventory_turnover_ratio": 1.66,
            "account_receivable_turnover_ratio": 1.59,
            "reinvestment_rate": null,
            "research_to_sale_ratio": 0.69,
            "price_fair": 291.43,
            "eps_avg_yearly": 8.33,
            "eps_latest_yearly": 10.48,
            "eps_growth_yearly": 88.08
        },
        "20164": {
            "year_quarter": 20164,
            "year": 2016,
            "quarter": 4,
            "eps": 3.14,
            "eps_growth_year": 26.68,
            "eps_4q": 8.56,
            "eps_4q_growth_year": 13.07,
            "roe": 8.67,
            "roe_4q": 26.939999999999998,
            "gross_profit": 399108,
            "gross_margin": 18.74,
            "gross_margin_4q_avg": 16.03,
            "net_income": 235753,
            "net_income_4q": null,
            "revenue": 2130206,
            "revenue_4q": null,
            "common_shares": 750000,
            "book_valuer_per_share": 37.64,
            "book_valuer_per_share_4q_avg": 33.74,
            "equity": 2822855,
            "current_ratio": 182.42,
            "debt_ratio": 44.83,
            "inventory_turnover_ratio": 1.81,
            "account_receivable_turnover_ratio": 1.56,
            "reinvestment_rate": null,
            "research_to_sale_ratio": 1.11,
            "price_fair": 312.6,
            "eps_avg_yearly": 8.93,
            "eps_latest_yearly": 12.56,
            "eps_growth_yearly": 86.84
        },
        "20171": {
            "year_quarter": 20171,
            "year": 2017,
            "quarter": 1,
            "eps": 2.62,
            "eps_growth_year": 133.93,
            "eps_4q": 10.17,
            "eps_4q_growth_year": 34.81,
            "roe": 6.75,
            "roe_4q": 30.179999999999996,
            "gross_profit": 431352,
            "gross_margin": 24.63,
            "gross_margin_4q_avg": 20.09,
            "net_income": 196419,
            "net_income_4q": null,
            "revenue": 1751229,
            "revenue_4q": null,
            "common_shares": 750000,
            "book_valuer_per_share": 39.94,
            "book_valuer_per_share_4q_avg": 35.61,
            "equity": 2995635,
            "current_ratio": 200.56,
            "debt_ratio": 40.8,
            "inventory_turnover_ratio": 1.34,
            "account_receivable_turnover_ratio": 1.25,
            "reinvestment_rate": null,
            "research_to_sale_ratio": 1.79,
            "price_fair": 319.38,
            "eps_avg_yearly": 9.13,
            "eps_latest_yearly": 10.48,
            "eps_growth_yearly": 67.71
        },
        "20172": {
            "year_quarter": 20172,
            "year": 2017,
            "quarter": 2,
            "eps": 4.09,
            "eps_growth_year": 99.51,
            "eps_4q": 12,
            "eps_4q_growth_year": 50.51,
            "roe": 10.64,
            "roe_4q": 34.260000000000005,
            "gross_profit": 505322,
            "gross_margin": 23.55,
            "gross_margin_4q_avg": 21.17,
            "net_income": 321786,
            "net_income_4q": null,
            "revenue": 2145433,
            "revenue_4q": null,
            "common_shares": 750000,
            "book_valuer_per_share": 40.67,
            "book_valuer_per_share_4q_avg": 38.29,
            "equity": 3050514,
            "current_ratio": 167.82,
            "debt_ratio": 47.7,
            "inventory_turnover_ratio": 1.48,
            "account_receivable_turnover_ratio": 1.57,
            "reinvestment_rate": null,
            "research_to_sale_ratio": 2.35,
            "price_fair": 347.51,
            "eps_avg_yearly": 9.93,
            "eps_latest_yearly": 16.36,
            "eps_growth_yearly": 85.12
        },
        "20173": {
            "year_quarter": 20173,
            "year": 2017,
            "quarter": 3,
            "eps": 3.74,
            "eps_growth_year": 42.75,
            "eps_4q": 13.32,
            "eps_4q_growth_year": 73.64,
            "roe": 9.22,
            "roe_4q": 35.28,
            "gross_profit": 494845,
            "gross_margin": 25.5,
            "gross_margin_4q_avg": 23.11,
            "net_income": 294908,
            "net_income_4q": null,
            "revenue": 1940819,
            "revenue_4q": null,
            "common_shares": 787500,
            "book_valuer_per_share": 42.5,
            "book_valuer_per_share_4q_avg": 40.19,
            "equity": 3347176,
            "current_ratio": 176.31,
            "debt_ratio": 48.4,
            "inventory_turnover_ratio": 1.1,
            "account_receivable_turnover_ratio": 1.35,
            "reinvestment_rate": null,
            "research_to_sale_ratio": 2.72,
            "price_fair": 365.12,
            "eps_avg_yearly": 10.43,
            "eps_latest_yearly": 14.96,
            "eps_growth_yearly": 73.18
        },
        "20174": {
            "year_quarter": 20174,
            "year": 2017,
            "quarter": 4,
            "eps": 3.31,
            "eps_growth_year": 5.16,
            "eps_4q": 13.63,
            "eps_4q_growth_year": 59.16,
            "roe": 7.47,
            "roe_4q": 34.08,
            "gross_profit": 516749,
            "gross_margin": 22.17,
            "gross_margin_4q_avg": 23.96,
            "net_income": 260320,
            "net_income_4q": null,
            "revenue": 2330845,
            "revenue_4q": null,
            "common_shares": 787500,
            "book_valuer_per_share": 46.01,
            "book_valuer_per_share_4q_avg": 42.28,
            "equity": 3623632,
            "current_ratio": 167.45,
            "debt_ratio": 49.02,
            "inventory_turnover_ratio": 1.12,
            "account_receivable_turnover_ratio": 1.43,
            "reinvestment_rate": 20.67,
            "research_to_sale_ratio": 3.01,
            "price_fair": 374.05,
            "eps_avg_yearly": 10.69,
            "eps_latest_yearly": 13.24,
            "eps_growth_yearly": 62.35
        },
        "20181": {
            "year_quarter": 20181,
            "year": 2018,
            "quarter": 1,
            "eps": 3.05,
            "eps_growth_year": 16.41,
            "eps_4q": 14.19,
            "eps_4q_growth_year": 39.55,
            "roe": 6.37,
            "roe_4q": 33.7,
            "gross_profit": 498750,
            "gross_margin": 21.94,
            "gross_margin_4q_avg": 23.29,
            "net_income": 240263,
            "net_income_4q": null,
            "revenue": 2272754,
            "revenue_4q": null,
            "common_shares": 787500,
            "book_valuer_per_share": 49.81,
            "book_valuer_per_share_4q_avg": 44.75,
            "equity": 3922377,
            "current_ratio": 211.17,
            "debt_ratio": 51.63,
            "inventory_turnover_ratio": 0.9,
            "account_receivable_turnover_ratio": 1.46,
            "reinvestment_rate": 33.67,
            "research_to_sale_ratio": 3.78,
            "price_fair": 378.47,
            "eps_avg_yearly": 10.81,
            "eps_latest_yearly": 12.2,
            "eps_growth_yearly": 54.54
        },
        "20182": {
            "year_quarter": 20182,
            "year": 2018,
            "quarter": 2,
            "eps": 4.43,
            "eps_growth_year": 8.31,
            "eps_4q": 14.05,
            "eps_4q_growth_year": 17.12,
            "roe": 9.53,
            "roe_4q": 32.589999999999996,
            "gross_profit": 623197,
            "gross_margin": 23.2,
            "gross_margin_4q_avg": 23.2,
            "net_income": 366548,
            "net_income_4q": null,
            "revenue": 2686256,
            "revenue_4q": null,
            "common_shares": 787500,
            "book_valuer_per_share": 47.91,
            "book_valuer_per_share_4q_avg": 46.56,
            "equity": 3772936,
            "current_ratio": 193.06,
            "debt_ratio": 54.65,
            "inventory_turnover_ratio": 1.01,
            "account_receivable_turnover_ratio": 1.88,
            "reinvestment_rate": 10.1,
            "research_to_sale_ratio": 3.35,
            "price_fair": 397.06,
            "eps_avg_yearly": 11.34,
            "eps_latest_yearly": 17.72,
            "eps_growth_yearly": 64.26
        },
        "20183": {
            "year_quarter": 20183,
            "year": 2018,
            "quarter": 3,
            "eps": 4.18,
            "eps_growth_year": 11.76,
            "eps_4q": 14.66,
            "eps_4q_growth_year": 10.1,
            "roe": 8.85,
            "roe_4q": 32.22,
            "gross_profit": 694207,
            "gross_margin": 28.65,
            "gross_margin_4q_avg": 23.99,
            "net_income": 345373,
            "net_income_4q": null,
            "revenue": 2423344,
            "revenue_4q": null,
            "common_shares": 826875,
            "book_valuer_per_share": 48.8,
            "book_valuer_per_share_4q_avg": 48.13,
            "equity": 4034925,
            "current_ratio": 228.19,
            "debt_ratio": 48.3,
            "inventory_turnover_ratio": 0.96,
            "account_receivable_turnover_ratio": 1.76,
            "reinvestment_rate": 30.21,
            "research_to_sale_ratio": 3.78,
            "price_fair": 410.5,
            "eps_avg_yearly": 11.73,
            "eps_latest_yearly": 16.72,
            "eps_growth_yearly": 58.06
        },
        "20184": {
            "year_quarter": 20184,
            "year": 2018,
            "quarter": 4,
            "eps": 2.55,
            "eps_growth_year": -23,
            "eps_4q": 14.06,
            "eps_4q_growth_year": 3.15,
            "roe": 5.08,
            "roe_4q": 29.830000000000002,
            "gross_profit": 495923,
            "gross_margin": 25.79,
            "gross_margin_4q_avg": 24.9,
            "net_income": 210477,
            "net_income_4q": null,
            "revenue": 1922595,
            "revenue_4q": null,
            "common_shares": 826875,
            "book_valuer_per_share": 51.46,
            "book_valuer_per_share_4q_avg": 49.5,
            "equity": 4254847,
            "current_ratio": 230,
            "debt_ratio": 47.09,
            "inventory_turnover_ratio": 0.88,
            "account_receivable_turnover_ratio": 1.76,
            "reinvestment_rate": 17.34,
            "research_to_sale_ratio": 5.2,
            "price_fair": 406.93,
            "eps_avg_yearly": 11.63,
            "eps_latest_yearly": 10.2,
            "eps_growth_yearly": 43.79
        },
        "20191": {
            "year_quarter": 20191,
            "year": 2019,
            "quarter": 1,
            "eps": 1.04,
            "eps_growth_year": -65.9,
            "eps_4q": 12.2,
            "eps_4q_growth_year": -14.02,
            "roe": 1.99,
            "roe_4q": 25.45,
            "gross_profit": 319381,
            "gross_margin": 19.97,
            "gross_margin_4q_avg": 24.4,
            "net_income": 86291,
            "net_income_4q": null,
            "revenue": 1599559,
            "revenue_4q": null,
            "common_shares": 826875,
            "book_valuer_per_share": 52.97,
            "book_valuer_per_share_4q_avg": 50.29,
            "equity": 4409482,
            "current_ratio": 217.77,
            "debt_ratio": 46.14,
            "inventory_turnover_ratio": 0.84,
            "account_receivable_turnover_ratio": 1.68,
            "reinvestment_rate": 34.4,
            "research_to_sale_ratio": 4.95,
            "price_fair": 390.6,
            "eps_avg_yearly": 11.16,
            "eps_latest_yearly": 4.16,
            "eps_growth_yearly": 26.25
        },
        "20192": {
            "year_quarter": 20192,
            "year": 2019,
            "quarter": 2,
            "eps": 1.4,
            "eps_growth_year": -68.4,
            "eps_4q": 9.16,
            "eps_4q_growth_year": -34.81,
            "roe": 2.76,
            "roe_4q": 18.68,
            "gross_profit": 368519,
            "gross_margin": 22.21,
            "gross_margin_4q_avg": 24.16,
            "net_income": 114918,
            "net_income_4q": null,
            "revenue": 1659603,
            "revenue_4q": null,
            "common_shares": 826875,
            "book_valuer_per_share": 46.98,
            "book_valuer_per_share_4q_avg": 50.05,
            "equity": 3913729,
            "current_ratio": 181.76,
            "debt_ratio": 52.52,
            "inventory_turnover_ratio": 0.86,
            "account_receivable_turnover_ratio": 1.82,
            "reinvestment_rate": 36.81,
            "research_to_sale_ratio": 4.68,
            "price_fair": 387.89,
            "eps_avg_yearly": 11.08,
            "eps_latest_yearly": 5.6,
            "eps_growth_yearly": 27.27
        },
        "20193": {
            "year_quarter": 20193,
            "year": 2019,
            "quarter": 3,
            "eps": 2.1,
            "eps_growth_year": -49.76,
            "eps_4q": 7.09,
            "eps_4q_growth_year": -51.66,
            "roe": 4.36,
            "roe_4q": 14.19,
            "gross_profit": 414785,
            "gross_margin": 23.5,
            "gross_margin_4q_avg": 22.87,
            "net_income": 173232,
            "net_income_4q": null,
            "revenue": 1764828,
            "revenue_4q": null,
            "common_shares": 826875,
            "book_valuer_per_share": 48.41,
            "book_valuer_per_share_4q_avg": 49.96,
            "equity": 4031129,
            "current_ratio": 214.84,
            "debt_ratio": 46.56,
            "inventory_turnover_ratio": 0.93,
            "account_receivable_turnover_ratio": 1.83,
            "reinvestment_rate": 35.98,
            "research_to_sale_ratio": 4.66,
            "price_fair": 384.3,
            "eps_avg_yearly": 10.98,
            "eps_latest_yearly": 8.4,
            "eps_growth_yearly": 28.07
        },
        "20194": {
            "year_quarter": 20194,
            "year": 2019,
            "quarter": 4,
            "eps": 3.31,
            "eps_growth_year": 30.05,
            "eps_4q": 7.85,
            "eps_4q_growth_year": -44.15,
            "roe": 6.55,
            "roe_4q": 15.66,
            "gross_profit": 582169,
            "gross_margin": 25.51,
            "gross_margin_4q_avg": 22.8,
            "net_income": 272825,
            "net_income_4q": null,
            "revenue": 2281835,
            "revenue_4q": null,
            "common_shares": 826875,
            "book_valuer_per_share": 51.72,
            "book_valuer_per_share_4q_avg": 50.02,
            "equity": 4304265,
            "current_ratio": 207.58,
            "debt_ratio": 47.93,
            "inventory_turnover_ratio": 1.22,
            "account_receivable_turnover_ratio": 1.99,
            "reinvestment_rate": 35.42,
            "research_to_sale_ratio": 2.91,
            "price_fair": 391.56,
            "eps_avg_yearly": 11.19,
            "eps_latest_yearly": 13.24,
            "eps_growth_yearly": 42.78
        },
        "20201": {
            "year_quarter": 20201,
            "year": 2020,
            "quarter": 1,
            "eps": 2.86,
            "eps_growth_year": 175,
            "eps_4q": 9.67,
            "eps_4q_growth_year": -20.76,
            "roe": 5.58,
            "roe_4q": 19.25,
            "gross_profit": 487984,
            "gross_margin": 23.38,
            "gross_margin_4q_avg": 23.65,
            "net_income": 236362,
            "net_income_4q": null,
            "revenue": 2086841,
            "revenue_4q": null,
            "common_shares": 827099,
            "book_valuer_per_share": 49.98,
            "book_valuer_per_share_4q_avg": 49.27,
            "equity": 4161876,
            "current_ratio": 148.85,
            "debt_ratio": 51.05,
            "inventory_turnover_ratio": 1.04,
            "account_receivable_turnover_ratio": 1.77,
            "reinvestment_rate": 30.82,
            "research_to_sale_ratio": 2.96,
            "price_fair": 406.79,
            "eps_avg_yearly": 11.62,
            "eps_latest_yearly": 11.44,
            "eps_growth_yearly": 53.09
        },
        "20202": {
            "year_quarter": 20202,
            "year": 2020,
            "quarter": 2,
            "eps": 4.68,
            "eps_growth_year": 234.29,
            "eps_4q": 12.95,
            "eps_4q_growth_year": 41.32,
            "roe": 8.86,
            "roe_4q": 25.349999999999998,
            "gross_profit": 765674,
            "gross_margin": 28.83,
            "gross_margin_4q_avg": 25.31,
            "net_income": 386277,
            "net_income_4q": null,
            "revenue": 2655780,
            "revenue_4q": null,
            "common_shares": 827099,
            "book_valuer_per_share": 54.83,
            "book_valuer_per_share_4q_avg": 51.24,
            "equity": 4561788,
            "current_ratio": 160.09,
            "debt_ratio": 48.48,
            "inventory_turnover_ratio": 1.06,
            "account_receivable_turnover_ratio": 2.36,
            "reinvestment_rate": 24.92,
            "research_to_sale_ratio": 2.84,
            "price_fair": 429.8,
            "eps_avg_yearly": 12.28,
            "eps_latest_yearly": 18.72,
            "eps_growth_yearly": 48.24
        },
        "20203": {
            "year_quarter": 20203,
            "year": 2020,
            "quarter": 3,
            "eps": 4.03,
            "eps_growth_year": 91.9,
            "eps_4q": 14.7,
            "eps_4q_growth_year": 107.41,
            "roe": 6.98,
            "roe_4q": 27.970000000000002,
            "gross_profit": 679120,
            "gross_margin": 25.58,
            "gross_margin_4q_avg": 25.83,
            "net_income": 332686,
            "net_income_4q": null,
            "revenue": 2654498,
            "revenue_4q": null,
            "common_shares": 827119,
            "book_valuer_per_share": 59.72,
            "book_valuer_per_share_4q_avg": 54.06,
            "equity": 4969598,
            "current_ratio": 180.62,
            "debt_ratio": 42.54,
            "inventory_turnover_ratio": 1.1,
            "account_receivable_turnover_ratio": 2.42,
            "reinvestment_rate": 23.25,
            "research_to_sale_ratio": 3.12,
            "price_fair": 442.14,
            "eps_avg_yearly": 12.63,
            "eps_latest_yearly": 16.12,
            "eps_growth_yearly": 37.82
        },
        "20204": {
            "year_quarter": 20204,
            "year": 2020,
            "quarter": 4,
            "eps": 3.34,
            "eps_growth_year": 0.91,
            "eps_4q": 14.88,
            "eps_4q_growth_year": 89.47,
            "roe": 5.47,
            "roe_4q": 26.89,
            "gross_profit": 615324,
            "gross_margin": 24.18,
            "gross_margin_4q_avg": 25.49,
            "net_income": 286677,
            "net_income_4q": null,
            "revenue": 2544937,
            "revenue_4q": null,
            "common_shares": 827703,
            "book_valuer_per_share": 66.21,
            "book_valuer_per_share_4q_avg": 57.69,
            "equity": 5518186,
            "current_ratio": 234.06,
            "debt_ratio": 52.01,
            "inventory_turnover_ratio": 1.13,
            "account_receivable_turnover_ratio": 2.52,
            "reinvestment_rate": 24.67,
            "research_to_sale_ratio": 3.75,
            "price_fair": 443.89,
            "eps_avg_yearly": 12.68,
            "eps_latest_yearly": 13.36,
            "eps_growth_yearly": 28.57
        },
        "20211": {
            "year_quarter": 20211,
            "year": 2021,
            "quarter": 1,
            "eps": 3.45,
            "eps_growth_year": 20.63,
            "eps_4q": 14.79,
            "eps_4q_growth_year": 52.96,
            "roe": 5.23,
            "roe_4q": 26.54,
            "gross_profit": 616643,
            "gross_margin": 22.86,
            "gross_margin_4q_avg": 25.36,
            "net_income": 307632,
            "net_income_4q": null,
            "revenue": 2697288,
            "revenue_4q": null,
            "common_shares": 874691,
            "book_valuer_per_share": 70.83,
            "book_valuer_per_share_4q_avg": 62.9,
            "equity": 6253692,
            "current_ratio": 272.44,
            "debt_ratio": 47.46,
            "inventory_turnover_ratio": 1.17,
            "account_receivable_turnover_ratio": 2.6,
            "reinvestment_rate": 24.11,
            "research_to_sale_ratio": 3.57,
            "price_fair": 451.15,
            "eps_avg_yearly": 12.89,
            "eps_latest_yearly": 13.8,
            "eps_growth_yearly": 33.54
        },
        "20212": {
            "year_quarter": 20212,
            "year": 2021,
            "quarter": 2,
            "eps": 4.57,
            "eps_growth_year": -2.35,
            "eps_4q": 14.94,
            "eps_4q_growth_year": 15.4,
            "roe": 6.36,
            "roe_4q": 24.04,
            "gross_profit": 818728,
            "gross_margin": 27.24,
            "gross_margin_4q_avg": 24.97,
            "net_income": 408433,
            "net_income_4q": null,
            "revenue": 3006062,
            "revenue_4q": null,
            "common_shares": 876714,
            "book_valuer_per_share": 74.59,
            "book_valuer_per_share_4q_avg": 67.84,
            "equity": 6594307,
            "current_ratio": 269.08,
            "debt_ratio": 47.63,
            "inventory_turnover_ratio": 1.15,
            "account_receivable_turnover_ratio": 2.46,
            "reinvestment_rate": 22.36,
            "research_to_sale_ratio": 3.22,
            "price_fair": 455.35,
            "eps_avg_yearly": 13.01,
            "eps_latest_yearly": 18.28,
            "eps_growth_yearly": 27.63
        },
        "20213": {
            "year_quarter": 20213,
            "year": 2021,
            "quarter": 3,
            "eps": 4.88,
            "eps_growth_year": 21.09,
            "eps_4q": 16.01,
            "eps_4q_growth_year": 8.9,
            "roe": 6.4,
            "roe_4q": 23.46,
            "gross_profit": 834268,
            "gross_margin": 26.22,
            "gross_margin_4q_avg": 25.13,
            "net_income": 435947,
            "net_income_4q": null,
            "revenue": 3181620,
            "revenue_4q": null,
            "common_shares": 876922,
            "book_valuer_per_share": 79.51,
            "book_valuer_per_share_4q_avg": 72.79,
            "equity": 7034654,
            "current_ratio": 311.09,
            "debt_ratio": 45.65,
            "inventory_turnover_ratio": 1.13,
            "account_receivable_turnover_ratio": 2.17,
            "reinvestment_rate": 21.04,
            "research_to_sale_ratio": 3.53,
            "price_fair": 465.33,
            "eps_avg_yearly": 13.3,
            "eps_latest_yearly": 19.52,
            "eps_growth_yearly": 31.46
        },
        "20214": {
            "year_quarter": 20214,
            "year": 2021,
            "quarter": 4,
            "eps": 4.1,
            "eps_growth_year": 22.72,
            "eps_4q": 16.94,
            "eps_4q_growth_year": 13.85,
            "roe": 5.04,
            "roe_4q": 23.03,
            "gross_profit": 823028,
            "gross_margin": 24.48,
            "gross_margin_4q_avg": 25.2,
            "net_income": 366511,
            "net_income_4q": null,
            "revenue": 3361467,
            "revenue_4q": null,
            "common_shares": 878008,
            "book_valuer_per_share": 84.82,
            "book_valuer_per_share_4q_avg": 77.44,
            "equity": 7523889,
            "current_ratio": 285.58,
            "debt_ratio": 46.94,
            "inventory_turnover_ratio": 1,
            "account_receivable_turnover_ratio": 2.03,
            "reinvestment_rate": 15.83,
            "research_to_sale_ratio": 3.91,
            "price_fair": 472.24,
            "eps_avg_yearly": 13.49,
            "eps_latest_yearly": 16.4,
            "eps_growth_yearly": 30.34
        },
        "20221": {
            "year_quarter": 20221,
            "year": 2022,
            "quarter": 1,
            "eps": 5.93,
            "eps_growth_year": 71.88,
            "eps_4q": 19.36,
            "eps_4q_growth_year": 30.96,
            "roe": 7.13,
            "roe_4q": 24.93,
            "gross_profit": 907558,
            "gross_margin": 26.61,
            "gross_margin_4q_avg": 26.14,
            "net_income": 535022,
            "net_income_4q": null,
            "revenue": 3410272,
            "revenue_4q": null,
            "common_shares": 879064,
            "book_valuer_per_share": 84.04,
            "book_valuer_per_share_4q_avg": 80.74,
            "equity": 7482171,
            "current_ratio": 232.1,
            "debt_ratio": 51.95,
            "inventory_turnover_ratio": 0.79,
            "account_receivable_turnover_ratio": 2.36,
            "reinvestment_rate": 21.1,
            "research_to_sale_ratio": 3.75,
            "price_fair": 497.44,
            "eps_avg_yearly": 14.21,
            "eps_latest_yearly": 23.72,
            "eps_growth_yearly": 43.46
        },
        "20222": {
            "year_quarter": 20222,
            "year": 2022,
            "quarter": 2,
            "eps": 6.26,
            "eps_growth_year": 36.98,
            "eps_4q": 19.71,
            "eps_4q_growth_year": 31.9,
            "roe": 7.01,
            "roe_4q": 25.58,
            "gross_profit": 953322,
            "gross_margin": 29.82,
            "gross_margin_4q_avg": 26.78,
            "net_income": 601560,
            "net_income_4q": null,
            "revenue": 3196652,
            "revenue_4q": null,
            "common_shares": 966475,
            "book_valuer_per_share": 99.56,
            "book_valuer_per_share_4q_avg": 86.98,
            "equity": 9691850,
            "current_ratio": 269.21,
            "debt_ratio": 46.92,
            "inventory_turnover_ratio": 0.61,
            "account_receivable_turnover_ratio": 2.7,
            "reinvestment_rate": 27.57,
            "research_to_sale_ratio": 3.55,
            "price_fair": 513.45,
            "eps_avg_yearly": 14.67,
            "eps_latest_yearly": 25.04,
            "eps_growth_yearly": 33.54
        },
        "20223": {
            "year_quarter": 20223,
            "year": 2022,
            "quarter": 3,
            "eps": 8.14,
            "eps_growth_year": 66.8,
            "eps_4q": 23.38,
            "eps_4q_growth_year": 46.05,
            "roe": 7.86,
            "roe_4q": 27.04,
            "gross_profit": 1227957,
            "gross_margin": 30.28,
            "gross_margin_4q_avg": 27.8,
            "net_income": 790759,
            "net_income_4q": null,
            "revenue": 4055096,
            "revenue_4q": null,
            "common_shares": 966475,
            "book_valuer_per_share": 107.87,
            "book_valuer_per_share_4q_avg": 94.07,
            "equity": 10441803,
            "current_ratio": 305.27,
            "debt_ratio": 45.42,
            "inventory_turnover_ratio": 0.71,
            "account_receivable_turnover_ratio": 3.16,
            "reinvestment_rate": 37.03,
            "research_to_sale_ratio": 3.55,
            "price_fair": 548.1,
            "eps_avg_yearly": 15.66,
            "eps_latest_yearly": 32.56,
            "eps_growth_yearly": 42.46
        },
        "20224": {
            "year_quarter": 20224,
            "year": 2022,
            "quarter": 4,
            "eps": 4.3,
            "eps_growth_year": 4.8,
            "eps_4q": 23.9,
            "eps_4q_growth_year": 41.11,
            "roe": 3.92,
            "roe_4q": 25.919999999999998,
            "gross_profit": 1354697,
            "gross_margin": 32.4,
            "gross_margin_4q_avg": 29.78,
            "net_income": 417022,
            "net_income_4q": null,
            "revenue": 4181201,
            "revenue_4q": null,
            "common_shares": 967921,
            "book_valuer_per_share": 111.6,
            "book_valuer_per_share_4q_avg": 100.77,
            "equity": 10831157,
            "current_ratio": 220.98,
            "debt_ratio": 44.99,
            "inventory_turnover_ratio": 0.72,
            "account_receivable_turnover_ratio": 3.54,
            "reinvestment_rate": 39.22,
            "research_to_sale_ratio": 3.88,
            "price_fair": 563.41,
            "eps_avg_yearly": 16.1,
            "eps_latest_yearly": 17.2,
            "eps_growth_yearly": 40.42
        },
        "20231": {
            "year_quarter": 20231,
            "year": 2023,
            "quarter": 1,
            "eps": 4.15,
            "eps_growth_year": -30.02,
            "eps_4q": 22.63,
            "eps_4q_growth_year": 16.85,
            "roe": 3.88,
            "roe_4q": 22.67,
            "gross_profit": 891932,
            "gross_margin": 26.21,
            "gross_margin_4q_avg": 29.68,
            "net_income": 402843,
            "net_income_4q": null,
            "revenue": 3403008,
            "revenue_4q": null,
            "common_shares": 970509,
            "book_valuer_per_share": 102.5,
            "book_valuer_per_share_4q_avg": 105.38,
            "equity": 9958995,
            "current_ratio": 211.53,
            "debt_ratio": 47.7,
            "inventory_turnover_ratio": 0.69,
            "account_receivable_turnover_ratio": 3.31,
            "reinvestment_rate": 30.4,
            "research_to_sale_ratio": 3.7,
            "price_fair": 590.63,
            "eps_avg_yearly": 16.88,
            "eps_latest_yearly": 16.6,
            "eps_growth_yearly": 54.35
        },
        "20232": {
            "year_quarter": 20232,
            "year": 2023,
            "quarter": 2,
            "eps": 6.27,
            "eps_growth_year": 0.16,
            "eps_4q": 22.81,
            "eps_4q_growth_year": 15.76,
            "roe": 5.96,
            "roe_4q": 21.62,
            "gross_profit": 840933,
            "gross_margin": 25.55,
            "gross_margin_4q_avg": 28.61,
            "net_income": 609336,
            "net_income_4q": null,
            "revenue": 3291721,
            "revenue_4q": null,
            "common_shares": 971595,
            "book_valuer_per_share": 107.78,
            "book_valuer_per_share_4q_avg": 107.44,
            "equity": 10471824,
            "current_ratio": 215.68,
            "debt_ratio": 46.34,
            "inventory_turnover_ratio": 0.77,
            "account_receivable_turnover_ratio": 3.3,
            "reinvestment_rate": 29.67,
            "research_to_sale_ratio": 4.11,
            "price_fair": 633.24,
            "eps_avg_yearly": 18.09,
            "eps_latest_yearly": 25.08,
            "eps_growth_yearly": 58.46
        }
    },
    "months": {
        "2004-12": {
            "month": "2004-12",
            "price": "36.65",
            "revenue": 328871
        },
        "2005-01": {
            "month": "2005-01",
            "price": "55.15",
            "revenue": 196166
        },
        "2005-02": {
            "month": "2005-02",
            "price": "45.49",
            "revenue": 164736
        },
        "2005-03": {
            "month": "2005-03",
            "price": "42.07",
            "revenue": 223647
        },
        "2005-04": {
            "month": "2005-04",
            "price": "40.38",
            "revenue": 190212
        },
        "2005-05": {
            "month": "2005-05",
            "price": "38.00",
            "revenue": 205550
        },
        "2005-06": {
            "month": "2005-06",
            "price": "33.88",
            "revenue": 218657
        },
        "2005-07": {
            "month": "2005-07",
            "price": "33.49",
            "revenue": 119317
        },
        "2005-08": {
            "month": "2005-08",
            "price": "33.55",
            "revenue": 143981
        },
        "2005-09": {
            "month": "2005-09",
            "price": "30.18",
            "revenue": 213531
        },
        "2005-10": {
            "month": "2005-10",
            "price": "27.62",
            "revenue": 145818
        },
        "2005-11": {
            "month": "2005-11",
            "price": "24.85",
            "revenue": 136476
        },
        "2005-12": {
            "month": "2005-12",
            "price": "24.60",
            "revenue": 178341
        },
        "2006-01": {
            "month": "2006-01",
            "price": "24.98",
            "revenue": 150059
        },
        "2006-02": {
            "month": "2006-02",
            "price": "24.95",
            "revenue": 170791
        },
        "2006-03": {
            "month": "2006-03",
            "price": "26.18",
            "revenue": 259553
        },
        "2006-04": {
            "month": "2006-04",
            "price": "25.15",
            "revenue": 250507
        },
        "2006-05": {
            "month": "2006-05",
            "price": "25.98",
            "revenue": 256334
        },
        "2006-06": {
            "month": "2006-06",
            "price": "24.18",
            "revenue": 295628
        },
        "2006-07": {
            "month": "2006-07",
            "price": "24.97",
            "revenue": 280310
        },
        "2006-08": {
            "month": "2006-08",
            "price": "23.72",
            "revenue": 370394
        },
        "2006-09": {
            "month": "2006-09",
            "price": "24.60",
            "revenue": 315382
        },
        "2006-10": {
            "month": "2006-10",
            "price": "29.36",
            "revenue": 288679
        },
        "2006-11": {
            "month": "2006-11",
            "price": "31.34",
            "revenue": 343476
        },
        "2006-12": {
            "month": "2006-12",
            "price": "42.25",
            "revenue": 425221
        },
        "2007-01": {
            "month": "2007-01",
            "price": "48.47",
            "revenue": 329177
        },
        "2007-02": {
            "month": "2007-02",
            "price": "66.14",
            "revenue": 298933
        },
        "2007-03": {
            "month": "2007-03",
            "price": "114.89",
            "revenue": 269771
        },
        "2007-04": {
            "month": "2007-04",
            "price": "158.64",
            "revenue": 326440
        },
        "2007-05": {
            "month": "2007-05",
            "price": "170.28",
            "revenue": 296053
        },
        "2007-06": {
            "month": "2007-06",
            "price": "215.90",
            "revenue": 400102
        },
        "2007-07": {
            "month": "2007-07",
            "price": "309.08",
            "revenue": 215816
        },
        "2007-08": {
            "month": "2007-08",
            "price": "255.97",
            "revenue": 312402
        },
        "2007-09": {
            "month": "2007-09",
            "price": "229.75",
            "revenue": 250520
        },
        "2007-10": {
            "month": "2007-10",
            "price": "201.34",
            "revenue": 315819
        },
        "2007-11": {
            "month": "2007-11",
            "price": "138.95",
            "revenue": 320799
        },
        "2007-12": {
            "month": "2007-12",
            "price": "127.71",
            "revenue": 199077
        },
        "2008-01": {
            "month": "2008-01",
            "price": "103.19",
            "revenue": 308381
        },
        "2008-02": {
            "month": "2008-02",
            "price": "97.42",
            "revenue": 187141
        },
        "2008-03": {
            "month": "2008-03",
            "price": "85.03",
            "revenue": 346128
        },
        "2008-04": {
            "month": "2008-04",
            "price": "81.09",
            "revenue": 229087
        },
        "2008-05": {
            "month": "2008-05",
            "price": "78.55",
            "revenue": 176686
        },
        "2008-06": {
            "month": "2008-06",
            "price": "64.07",
            "revenue": 58956
        },
        "2008-07": {
            "month": "2008-07",
            "price": "41.87",
            "revenue": 325918
        },
        "2008-08": {
            "month": "2008-08",
            "price": "37.82",
            "revenue": 106850
        },
        "2008-09": {
            "month": "2008-09",
            "price": "26.84",
            "revenue": 81846
        },
        "2008-10": {
            "month": "2008-10",
            "price": "15.79",
            "revenue": 101529
        },
        "2008-11": {
            "month": "2008-11",
            "price": "10.13",
            "revenue": 78024
        },
        "2008-12": {
            "month": "2008-12",
            "price": "14.61",
            "revenue": 117908
        },
        "2009-01": {
            "month": "2009-01",
            "price": "15.26",
            "revenue": 51009
        },
        "2009-02": {
            "month": "2009-02",
            "price": "17.49",
            "revenue": 120486
        },
        "2009-03": {
            "month": "2009-03",
            "price": "22.98",
            "revenue": 50465
        },
        "2009-04": {
            "month": "2009-04",
            "price": "22.35",
            "revenue": 46421
        },
        "2009-05": {
            "month": "2009-05",
            "price": "16.02",
            "revenue": 60790
        },
        "2009-06": {
            "month": "2009-06",
            "price": "14.61",
            "revenue": 68326
        },
        "2009-07": {
            "month": "2009-07",
            "price": "18.77",
            "revenue": 80234
        },
        "2009-08": {
            "month": "2009-08",
            "price": "22.25",
            "revenue": 89274
        },
        "2009-09": {
            "month": "2009-09",
            "price": "38.66",
            "revenue": 168582
        },
        "2009-10": {
            "month": "2009-10",
            "price": "52.14",
            "revenue": 171522
        },
        "2009-11": {
            "month": "2009-11",
            "price": "49.36",
            "revenue": 146962
        },
        "2009-12": {
            "month": "2009-12",
            "price": "51.08",
            "revenue": 126016
        },
        "2010-01": {
            "month": "2010-01",
            "price": "52.19",
            "revenue": 174815
        },
        "2010-02": {
            "month": "2010-02",
            "price": "47.03",
            "revenue": 112622
        },
        "2010-03": {
            "month": "2010-03",
            "price": "43.43",
            "revenue": 280200
        },
        "2010-04": {
            "month": "2010-04",
            "price": "41.38",
            "revenue": 263668
        },
        "2010-05": {
            "month": "2010-05",
            "price": "32.60",
            "revenue": 255629
        },
        "2010-06": {
            "month": "2010-06",
            "price": "33.66",
            "revenue": 292482
        },
        "2010-07": {
            "month": "2010-07",
            "price": "31.81",
            "revenue": 431478
        },
        "2010-08": {
            "month": "2010-08",
            "price": "31.28",
            "revenue": 500825
        },
        "2010-09": {
            "month": "2010-09",
            "price": "29.59",
            "revenue": 379643
        },
        "2010-10": {
            "month": "2010-10",
            "price": "28.65",
            "revenue": 311269
        },
        "2010-11": {
            "month": "2010-11",
            "price": "25.77",
            "revenue": 302266
        },
        "2010-12": {
            "month": "2010-12",
            "price": "26.72",
            "revenue": 479778
        },
        "2011-01": {
            "month": "2011-01",
            "price": "28.46",
            "revenue": 426243
        },
        "2011-02": {
            "month": "2011-02",
            "price": "26.64",
            "revenue": 280917
        },
        "2011-03": {
            "month": "2011-03",
            "price": "34.68",
            "revenue": 399301
        },
        "2011-04": {
            "month": "2011-04",
            "price": "26.15",
            "revenue": 369627
        },
        "2011-05": {
            "month": "2011-05",
            "price": "24.48",
            "revenue": 244341
        },
        "2011-06": {
            "month": "2011-06",
            "price": "22.92",
            "revenue": 317238
        },
        "2011-07": {
            "month": "2011-07",
            "price": "19.90",
            "revenue": 241229
        },
        "2011-08": {
            "month": "2011-08",
            "price": "15.79",
            "revenue": 225502
        },
        "2011-09": {
            "month": "2011-09",
            "price": "12.88",
            "revenue": 188388
        },
        "2011-10": {
            "month": "2011-10",
            "price": "11.46",
            "revenue": 179423
        },
        "2011-11": {
            "month": "2011-11",
            "price": "11.28",
            "revenue": 322275
        },
        "2011-12": {
            "month": "2011-12",
            "price": "10.81",
            "revenue": 406545
        },
        "2012-01": {
            "month": "2012-01",
            "price": "12.23",
            "revenue": 201223
        },
        "2012-02": {
            "month": "2012-02",
            "price": "16.54",
            "revenue": 358866
        },
        "2012-03": {
            "month": "2012-03",
            "price": "18.10",
            "revenue": 379729
        },
        "2012-04": {
            "month": "2012-04",
            "price": "17.06",
            "revenue": 348182
        },
        "2012-05": {
            "month": "2012-05",
            "price": "13.03",
            "revenue": 408375
        },
        "2012-06": {
            "month": "2012-06",
            "price": "12.21",
            "revenue": 430028
        },
        "2012-07": {
            "month": "2012-07",
            "price": "12.41",
            "revenue": 294246
        },
        "2012-08": {
            "month": "2012-08",
            "price": "14.26",
            "revenue": 363758
        },
        "2012-09": {
            "month": "2012-09",
            "price": "20.85",
            "revenue": 250925
        },
        "2012-10": {
            "month": "2012-10",
            "price": "19.48",
            "revenue": 251069
        },
        "2012-11": {
            "month": "2012-11",
            "price": "16.30",
            "revenue": 294698
        },
        "2012-12": {
            "month": "2012-12",
            "price": "14.20",
            "revenue": 420430
        },
        "2013-01": {
            "month": "2013-01",
            "price": "13.67",
            "revenue": 158801
        },
        "2013-02": {
            "month": "2013-02",
            "price": "13.30",
            "revenue": 98934
        },
        "2013-03": {
            "month": "2013-03",
            "price": "14.14",
            "revenue": 207136
        },
        "2013-04": {
            "month": "2013-04",
            "price": "12.25",
            "revenue": 172007
        },
        "2013-05": {
            "month": "2013-05",
            "price": "10.20",
            "revenue": 161362
        },
        "2013-06": {
            "month": "2013-06",
            "price": "12.04",
            "revenue": 206318
        },
        "2013-07": {
            "month": "2013-07",
            "price": "11.23",
            "revenue": 279375
        },
        "2013-08": {
            "month": "2013-08",
            "price": "10.90",
            "revenue": 224701
        },
        "2013-09": {
            "month": "2013-09",
            "price": "9.67",
            "revenue": 217389
        },
        "2013-10": {
            "month": "2013-10",
            "price": "24.14",
            "revenue": 277776
        },
        "2013-11": {
            "month": "2013-11",
            "price": "22.25",
            "revenue": 280279
        },
        "2013-12": {
            "month": "2013-12",
            "price": "23.74",
            "revenue": 307877
        },
        "2014-01": {
            "month": "2014-01",
            "price": "31.46",
            "revenue": 343747
        },
        "2014-02": {
            "month": "2014-02",
            "price": "51.13",
            "revenue": 441299
        },
        "2014-03": {
            "month": "2014-03",
            "price": "74.45",
            "revenue": 442374
        },
        "2014-04": {
            "month": "2014-04",
            "price": "70.72",
            "revenue": 428542
        },
        "2014-05": {
            "month": "2014-05",
            "price": "66.31",
            "revenue": 493045
        },
        "2014-06": {
            "month": "2014-06",
            "price": "75.88",
            "revenue": 402372
        },
        "2014-07": {
            "month": "2014-07",
            "price": "76.71",
            "revenue": 268154
        },
        "2014-08": {
            "month": "2014-08",
            "price": "73.13",
            "revenue": 350192
        },
        "2014-09": {
            "month": "2014-09",
            "price": "70.56",
            "revenue": 345190
        },
        "2014-10": {
            "month": "2014-10",
            "price": "59.71",
            "revenue": 332529
        },
        "2014-11": {
            "month": "2014-11",
            "price": "60.21",
            "revenue": 360371
        },
        "2014-12": {
            "month": "2014-12",
            "price": "60.36",
            "revenue": 416975
        },
        "2015-01": {
            "month": "2015-01",
            "price": "69.34",
            "revenue": 339586
        },
        "2015-02": {
            "month": "2015-02",
            "price": "68.60",
            "revenue": 317070
        },
        "2015-03": {
            "month": "2015-03",
            "price": "74.26",
            "revenue": 345606
        },
        "2015-04": {
            "month": "2015-04",
            "price": "76.40",
            "revenue": 358795
        },
        "2015-05": {
            "month": "2015-05",
            "price": "71.58",
            "revenue": 365000
        },
        "2015-06": {
            "month": "2015-06",
            "price": "72.10",
            "revenue": 440868
        },
        "2015-07": {
            "month": "2015-07",
            "price": "62.82",
            "revenue": 452080
        },
        "2015-08": {
            "month": "2015-08",
            "price": "53.24",
            "revenue": 464871
        },
        "2015-09": {
            "month": "2015-09",
            "price": "54.59",
            "revenue": 494017
        },
        "2015-10": {
            "month": "2015-10",
            "price": "60.99",
            "revenue": 578406
        },
        "2015-11": {
            "month": "2015-11",
            "price": "73.29",
            "revenue": 584066
        },
        "2015-12": {
            "month": "2015-12",
            "price": "81.25",
            "revenue": 668727
        },
        "2016-01": {
            "month": "2016-01",
            "price": "72.40",
            "revenue": 1143916
        },
        "2016-02": {
            "month": "2016-02",
            "price": "90.98",
            "revenue": 596760
        },
        "2016-03": {
            "month": "2016-03",
            "price": "103.22",
            "revenue": 602310
        },
        "2016-04": {
            "month": "2016-04",
            "price": "94.21",
            "revenue": 371746
        },
        "2016-05": {
            "month": "2016-05",
            "price": "82.80",
            "revenue": 506814
        },
        "2016-06": {
            "month": "2016-06",
            "price": "75.20",
            "revenue": 522246
        },
        "2016-07": {
            "month": "2016-07",
            "price": "75.39",
            "revenue": 560692
        },
        "2016-08": {
            "month": "2016-08",
            "price": "84.60",
            "revenue": 733273
        },
        "2016-09": {
            "month": "2016-09",
            "price": "84.51",
            "revenue": 670009
        },
        "2016-10": {
            "month": "2016-10",
            "price": "81.72",
            "revenue": 631119
        },
        "2016-11": {
            "month": "2016-11",
            "price": "79.57",
            "revenue": 702156
        },
        "2016-12": {
            "month": "2016-12",
            "price": "84.63",
            "revenue": 797308
        },
        "2017-01": {
            "month": "2017-01",
            "price": "86.24",
            "revenue": 534629
        },
        "2017-02": {
            "month": "2017-02",
            "price": "94.09",
            "revenue": 560034
        },
        "2017-03": {
            "month": "2017-03",
            "price": "103.36",
            "revenue": 656572
        },
        "2017-04": {
            "month": "2017-04",
            "price": "114.25",
            "revenue": 668044
        },
        "2017-05": {
            "month": "2017-05",
            "price": "157.58",
            "revenue": 728381
        },
        "2017-06": {
            "month": "2017-06",
            "price": "162.57",
            "revenue": 749042
        },
        "2017-07": {
            "month": "2017-07",
            "price": "180.60",
            "revenue": 638784
        },
        "2017-08": {
            "month": "2017-08",
            "price": "215.93",
            "revenue": 664919
        },
        "2017-09": {
            "month": "2017-09",
            "price": "221.52",
            "revenue": 637001
        },
        "2017-10": {
            "month": "2017-10",
            "price": "215.39",
            "revenue": 664733
        },
        "2017-11": {
            "month": "2017-11",
            "price": "221.66",
            "revenue": 761316
        },
        "2017-12": {
            "month": "2017-12",
            "price": "201.71",
            "revenue": 904824
        },
        "2018-01": {
            "month": "2018-01",
            "price": "244.68",
            "revenue": 731931
        },
        "2018-02": {
            "month": "2018-02",
            "price": "232.77",
            "revenue": 651420
        },
        "2018-03": {
            "month": "2018-03",
            "price": "239.65",
            "revenue": 889395
        },
        "2018-04": {
            "month": "2018-04",
            "price": "214.28",
            "revenue": 887950
        },
        "2018-05": {
            "month": "2018-05",
            "price": "202.80",
            "revenue": 878386
        },
        "2018-06": {
            "month": "2018-06",
            "price": "200.00",
            "revenue": 919907
        },
        "2018-07": {
            "month": "2018-07",
            "price": "183.93",
            "revenue": 947747
        },
        "2018-08": {
            "month": "2018-08",
            "price": "166.54",
            "revenue": 796556
        },
        "2018-09": {
            "month": "2018-09",
            "price": "142.66",
            "revenue": 679065
        },
        "2018-10": {
            "month": "2018-10",
            "price": "114.92",
            "revenue": 669134
        },
        "2018-11": {
            "month": "2018-11",
            "price": "122.39",
            "revenue": 663982
        },
        "2018-12": {
            "month": "2018-12",
            "price": "130.40",
            "revenue": 589533
        },
        "2019-01": {
            "month": "2019-01",
            "price": "130.64",
            "revenue": 634046
        },
        "2019-02": {
            "month": "2019-02",
            "price": "141.12",
            "revenue": 428549
        },
        "2019-03": {
            "month": "2019-03",
            "price": "138.18",
            "revenue": 536967
        },
        "2019-04": {
            "month": "2019-04",
            "price": "145.02",
            "revenue": 617460
        },
        "2019-05": {
            "month": "2019-05",
            "price": "119.66",
            "revenue": 491302
        },
        "2019-06": {
            "month": "2019-06",
            "price": "118.08",
            "revenue": 550837
        },
        "2019-07": {
            "month": "2019-07",
            "price": "125.37",
            "revenue": 542294
        },
        "2019-08": {
            "month": "2019-08",
            "price": "112.86",
            "revenue": 603284
        },
        "2019-09": {
            "month": "2019-09",
            "price": "117.34",
            "revenue": 619253
        },
        "2019-10": {
            "month": "2019-10",
            "price": "133.45",
            "revenue": 683719
        },
        "2019-11": {
            "month": "2019-11",
            "price": "165.26",
            "revenue": 778101
        },
        "2019-12": {
            "month": "2019-12",
            "price": "181.11",
            "revenue": 820015
        },
        "2020-01": {
            "month": "2020-01",
            "price": "186.93",
            "revenue": 688553
        },
        "2020-02": {
            "month": "2020-02",
            "price": "180.00",
            "revenue": 517144
        },
        "2020-03": {
            "month": "2020-03",
            "price": "127.67",
            "revenue": 840596
        },
        "2020-04": {
            "month": "2020-04",
            "price": "141.40",
            "revenue": 859646
        },
        "2020-05": {
            "month": "2020-05",
            "price": "169.25",
            "revenue": 890138
        },
        "2020-06": {
            "month": "2020-06",
            "price": "172.90",
            "revenue": 946544
        },
        "2020-07": {
            "month": "2020-07",
            "price": "203.70",
            "revenue": 973791
        },
        "2020-08": {
            "month": "2020-08",
            "price": "201.74",
            "revenue": 841669
        },
        "2020-09": {
            "month": "2020-09",
            "price": "185.41",
            "revenue": 839038
        },
        "2020-10": {
            "month": "2020-10",
            "price": "180.63",
            "revenue": 833111
        },
        "2020-11": {
            "month": "2020-11",
            "price": "195.05",
            "revenue": 832958
        },
        "2020-12": {
            "month": "2020-12",
            "price": "213.98",
            "revenue": 878868
        },
        "2021-01": {
            "month": "2021-01",
            "price": "228.60",
            "revenue": 963514
        },
        "2021-02": {
            "month": "2021-02",
            "price": "239.12",
            "revenue": 800631
        },
        "2021-03": {
            "month": "2021-03",
            "price": "230.27",
            "revenue": 933143
        },
        "2021-04": {
            "month": "2021-04",
            "price": "253.50",
            "revenue": 1034877
        },
        "2021-05": {
            "month": "2021-05",
            "price": "215.64",
            "revenue": 996225
        },
        "2021-06": {
            "month": "2021-06",
            "price": "232.98",
            "revenue": 974959
        },
        "2021-07": {
            "month": "2021-07",
            "price": "243.57",
            "revenue": 1005223
        },
        "2021-08": {
            "month": "2021-08",
            "price": "221.75",
            "revenue": 1079572
        },
        "2021-09": {
            "month": "2021-09",
            "price": "213.70",
            "revenue": 1096825
        },
        "2021-10": {
            "month": "2021-10",
            "price": "197.48",
            "revenue": 1062710
        },
        "2021-11": {
            "month": "2021-11",
            "price": "215.91",
            "revenue": 1114216
        },
        "2021-12": {
            "month": "2021-12",
            "price": "237.95",
            "revenue": 1184540
        },
        "2022-01": {
            "month": "2022-01",
            "price": "243.00",
            "revenue": 1132842
        },
        "2022-02": {
            "month": "2022-02",
            "price": "222.20",
            "revenue": 1116348
        },
        "2022-03": {
            "month": "2022-03",
            "price": "221.85",
            "revenue": 1161082
        },
        "2022-04": {
            "month": "2022-04",
            "price": "225.42",
            "revenue": 867577
        },
        "2022-05": {
            "month": "2022-05",
            "price": "213.60",
            "revenue": 1021965
        },
        "2022-06": {
            "month": "2022-06",
            "price": "203.24",
            "revenue": 1307110
        },
        "2022-07": {
            "month": "2022-07",
            "price": "184.76",
            "revenue": 1273395
        },
        "2022-08": {
            "month": "2022-08",
            "price": "201.54",
            "revenue": 1379766
        },
        "2022-09": {
            "month": "2022-09",
            "price": "200.88",
            "revenue": 1401935
        },
        "2022-10": {
            "month": "2022-10",
            "price": "175.45",
            "revenue": 1417284
        },
        "2022-11": {
            "month": "2022-11",
            "price": "183.86",
            "revenue": 1445761
        },
        "2022-12": {
            "month": "2022-12",
            "price": "188.64",
            "revenue": 1318156
        },
        "2023-01": {
            "month": "2023-01",
            "price": "186.15",
            "revenue": 1175482
        },
        "2023-02": {
            "month": "2023-02",
            "price": "200.81",
            "revenue": 1075522
        },
        "2023-03": {
            "month": "2023-03",
            "price": "198.20",
            "revenue": 1152004
        },
        "2023-04": {
            "month": "2023-04",
            "price": "192.65",
            "revenue": 1096590
        },
        "2023-05": {
            "month": "2023-05",
            "price": "188.36",
            "revenue": 1110005
        },
        "2023-06": {
            "month": "2023-06",
            "price": "200.58",
            "revenue": 1085125
        },
        "2023-07": {
            "month": "2023-07",
            "price": "184.57",
            "revenue": 895208
        },
        "2023-08": {
            "month": "2023-08",
            "price": "179.55",
            "revenue": 1037716
        },
        "2023-09": {
            "month": "2023-09",
            "price": "186.60",
            "revenue": 1043805
        }
    }
}
