{
    "summary": {
        "stock_name": "融程電",
        "stock_id": "3416",
        "category": "電腦及週邊設備",
        "main_business": "強固型工業用行動電腦<br>強固型顯示器<br>其他",
        "website_url": "http://www.winmate.com.tw",
        "ceo": "林筠卿",
        "pe_ratio": 19,
        "report_year_from": 2004,
        "report_year_to": 2023,
        "age": 19,
        "eps_negative_percentage": 0,
        "eps_growth_avg": {
            "last_all": 2.45,
            "last_2y": 23.75,
            "last_4y": 24.75,
            "last_8y": 5.99,
            "last_12y": 5.71,
            "last_16y": null,
            "last_20y": null,
            "at_2006_last_3y": null,
            "at_2007_last_3y": null,
            "at_2008_last_3y": null,
            "at_2009_last_3y": null,
            "at_2010_last_3y": -3.72,
            "at_2011_last_3y": -12.2,
            "at_2012_last_3y": -14.83,
            "at_2013_last_3y": 5.06,
            "at_2014_last_3y": -2.38,
            "at_2015_last_3y": 0.03,
            "at_2016_last_3y": -0.17,
            "at_2017_last_3y": -17.45,
            "at_2018_last_3y": -6.5,
            "at_2019_last_3y": 2.1,
            "at_2020_last_3y": 6.78,
            "at_2021_last_3y": 25.14,
            "at_2022_last_3y": 22.41,
            "at_2023_last_3y": 22.41,
            "at_2006_last_all": null,
            "at_2007_last_all": null,
            "at_2008_last_all": 3.27,
            "at_2009_last_all": -11.65,
            "at_2010_last_all": -3.72,
            "at_2011_last_all": -8.11,
            "at_2012_last_all": -8.8,
            "at_2013_last_all": -2.1,
            "at_2014_last_all": -3.05,
            "at_2015_last_all": -4.49,
            "at_2016_last_all": -5.35,
            "at_2017_last_all": -7.68,
            "at_2018_last_all": -4.2,
            "at_2019_last_all": -2.46,
            "at_2020_last_all": -1.88,
            "at_2021_last_all": 1.07,
            "at_2022_last_all": 2.45,
            "at_2023_last_all": 2.45
        },
        "latest_eps": 6.24,
        "latest_price": 116.5,
        "latest_roe": 19.36,
        "latest_gross_margin": 38.36,
        "latest_equity": 2529831,
        "latest_revenue": 626040,
        "latest_gross_profit": 240131,
        "latest_net_income": 110206,
        "latest_debt_ratio": 31.81,
        "latest_current_ratio": 199.24,
        "latest_account_receivable_turnover_ratio": 1.56,
        "latest_inventory_turnover_ratio": 0.63,
        "latest_reinvestment_rate": 34.84,
        "latest_research_to_sale_ratio": 6.6
    },
    "eps_dividends": {
        "2001": {
            "cash": 0,
            "stock": 0,
            "eps": 0
        },
        "2002": {
            "cash": 0,
            "stock": 0,
            "eps": 0
        },
        "2003": {
            "cash": 0,
            "stock": 0,
            "eps": 0
        },
        "2004": {
            "cash": 0,
            "stock": 0,
            "eps": 0
        },
        "2005": {
            "cash": 0.5,
            "stock": 2,
            "eps": 0
        },
        "2006": {
            "cash": 1.4,
            "stock": 2.1,
            "eps": 6.89
        },
        "2007": {
            "cash": 1.9,
            "stock": 2.1,
            "eps": 7.46
        },
        "2008": {
            "cash": 3,
            "stock": 2.26,
            "eps": 7.33
        },
        "2009": {
            "cash": 3.8,
            "stock": 1.5,
            "eps": 4.29
        },
        "2010": {
            "cash": 3.5,
            "stock": 0.2,
            "eps": 5.15
        },
        "2011": {
            "cash": 7,
            "stock": 0.7,
            "eps": 3.83
        },
        "2012": {
            "cash": 0,
            "stock": 0,
            "eps": 3.36
        },
        "2013": {
            "cash": 2.5,
            "stock": 0.5,
            "eps": 4.64
        },
        "2014": {
            "cash": 3,
            "stock": 1,
            "eps": 4.19
        },
        "2015": {
            "cash": 4,
            "stock": 0,
            "eps": 3.52
        },
        "2016": {
            "cash": 3.5,
            "stock": 0,
            "eps": 3.06
        },
        "2017": {
            "cash": 3,
            "stock": 0,
            "eps": 2.11
        },
        "2018": {
            "cash": 2.5,
            "stock": 0,
            "eps": 2.83
        },
        "2019": {
            "cash": 2.6,
            "stock": 0,
            "eps": 3.35
        },
        "2020": {
            "cash": 3,
            "stock": 0,
            "eps": 3.54
        },
        "2021": {
            "cash": 4,
            "stock": 0,
            "eps": 5.04
        },
        "2022": {
            "cash": 4.5,
            "stock": 0,
            "eps": 6.21
        },
        "2023": {
            "cash": 5,
            "stock": 0,
            "eps": 1.51
        }
    },
    "dividends": {
        "2005-03-23": {
            "cash": 0.5,
            "stock": 2
        },
        "2006-07-03": {
            "cash": 1.4,
            "stock": 2.1
        },
        "2007-03-05": {
            "cash": 1.9,
            "stock": 2.1
        },
        "2008-03-21": {
            "cash": 3,
            "stock": 2.26
        },
        "2009-02-24": {
            "cash": 3.8,
            "stock": 1.5
        },
        "2010-03-09": {
            "cash": 3.5,
            "stock": 0.2
        },
        "2011-01-01": {
            "cash": 3,
            "stock": 0.2
        },
        "2011-03-29": {
            "cash": 4,
            "stock": 0.5
        },
        "2013-03-07": {
            "cash": 2.5,
            "stock": 0.5
        },
        "2014-08-29": {
            "cash": 3,
            "stock": 1
        },
        "2015-08-28": {
            "cash": 4,
            "stock": 0
        },
        "2016-08-19": {
            "cash": 3.5,
            "stock": 0
        },
        "2017-07-19": {
            "cash": 3,
            "stock": 0
        },
        "2018-08-28": {
            "cash": 2.5,
            "stock": 0
        },
        "2019-07-23": {
            "cash": 2.6,
            "stock": 0
        },
        "2020-07-14": {
            "cash": 3,
            "stock": 0
        },
        "2021-08-20": {
            "cash": 4,
            "stock": 0
        },
        "2022-07-22": {
            "cash": 4.5,
            "stock": 0
        },
        "2023-07-21": {
            "cash": 5,
            "stock": 0
        }
    },
    "prices": {
        "200101": "無",
        "200102": "無",
        "200103": "無",
        "200104": "無",
        "200105": "無",
        "200106": "無",
        "200107": "無",
        "200108": "無",
        "200109": "無",
        "200110": "無",
        "200111": "無",
        "200112": "無",
        "200201": "無",
        "200202": "無",
        "200203": "無",
        "200204": "無",
        "200205": "無",
        "200206": "無",
        "200207": "無",
        "200208": "無",
        "200209": "無",
        "200210": "無",
        "200211": "無",
        "200212": "無",
        "200301": "無",
        "200302": "無",
        "200303": "無",
        "200304": "無",
        "200305": "無",
        "200306": "無",
        "200307": "無",
        "200308": "無",
        "200309": "無",
        "200310": "無",
        "200311": "無",
        "200312": "無",
        "200401": "無",
        "200402": "無",
        "200403": "無",
        "200404": "無",
        "200405": "無",
        "200406": "無",
        "200407": "無",
        "200408": "無",
        "200409": "無",
        "200410": "無",
        "200411": "無",
        "200412": "無",
        "200501": "22.25",
        "200502": "22.10",
        "200503": "22.32",
        "200504": "22.90",
        "200505": "22.76",
        "200506": "24.98",
        "200507": "34.42",
        "200508": "37.03",
        "200509": "35.56",
        "200510": "36.03",
        "200511": "37.32",
        "200512": "39.70",
        "200601": "43.86",
        "200602": "48.70",
        "200603": "51.19",
        "200604": "66.77",
        "200605": "89.35",
        "200606": "83.91",
        "200607": "75.68",
        "200608": "77.55",
        "200609": "77.06",
        "200610": "71.09",
        "200611": "70.44",
        "200612": "69.54",
        "200701": "71.41",
        "200702": "77.55",
        "200703": "84.76",
        "200704": "94.69",
        "200705": "109.88",
        "200706": "148.42",
        "200707": "159.13",
        "200708": "148.79",
        "200709": "105.33",
        "200710": "110.70",
        "200711": "111.27",
        "200712": "101.37",
        "200801": "88.38",
        "200802": "87.98",
        "200803": "94.84",
        "200804": "113.52",
        "200805": "119.26",
        "200806": "112.48",
        "200807": "98.32",
        "200808": "89.70",
        "200809": "75.63",
        "200810": "65.45",
        "200811": "56.42",
        "200812": "50.91",
        "200901": "50.69",
        "200902": "54.44",
        "200903": "62.24",
        "200904": "68.40",
        "200905": "72.85",
        "200906": "69.43",
        "200907": "61.85",
        "200908": "57.16",
        "200909": "58.08",
        "200910": "61.36",
        "200911": "62.15",
        "200912": "66.66",
        "201001": "68.34",
        "201002": "63.64",
        "201003": "66.70",
        "201004": "68.82",
        "201005": "65.25",
        "201006": "63.33",
        "201007": "62.63",
        "201008": "64.94",
        "201009": "67.64",
        "201010": "69.05",
        "201011": "67.49",
        "201012": "75.66",
        "201101": "77.46",
        "201102": "79.16",
        "201103": "79.57",
        "201104": "75.21",
        "201105": "71.56",
        "201106": "69.81",
        "201107": "61.67",
        "201108": "49.69",
        "201109": "49.15",
        "201110": "49.78",
        "201111": "45.22",
        "201112": "43.21",
        "201201": "42.42",
        "201202": "47.61",
        "201203": "48.51",
        "201204": "46.28",
        "201205": "45.67",
        "201206": "45.70",
        "201207": "45.06",
        "201208": "41.73",
        "201209": "44.04",
        "201210": "42.69",
        "201211": "40.90",
        "201212": "40.60",
        "201301": "41.09",
        "201302": "42.54",
        "201303": "45.04",
        "201304": "45.73",
        "201305": "47.22",
        "201306": "46.88",
        "201307": "48.48",
        "201308": "55.99",
        "201309": "53.44",
        "201310": "52.31",
        "201311": "52.83",
        "201312": "59.12",
        "201401": "65.47",
        "201402": "64.08",
        "201403": "70.64",
        "201404": "67.09",
        "201405": "62.89",
        "201406": "66.91",
        "201407": "67.17",
        "201408": "56.90",
        "201409": "53.97",
        "201410": "52.25",
        "201411": "53.32",
        "201412": "58.37",
        "201501": "61.98",
        "201502": "60.87",
        "201503": "62.09",
        "201504": "62.06",
        "201505": "58.73",
        "201506": "55.54",
        "201507": "53.55",
        "201508": "48.90",
        "201509": "50.68",
        "201510": "53.02",
        "201511": "55.15",
        "201512": "56.40",
        "201601": "53.17",
        "201602": "52.28",
        "201603": "53.99",
        "201604": "52.15",
        "201605": "50.07",
        "201606": "49.21",
        "201607": "48.71",
        "201608": "47.43",
        "201609": "47.93",
        "201610": "47.29",
        "201611": "49.40",
        "201612": "51.88",
        "201701": "54.95",
        "201702": "54.26",
        "201703": "57.33",
        "201704": "56.39",
        "201705": "60.36",
        "201706": "59.84",
        "201707": "56.89",
        "201708": "56.13",
        "201709": "56.78",
        "201710": "56.26",
        "201711": "51.82",
        "201712": "50.54",
        "201801": "51.20",
        "201802": "48.56",
        "201803": "49.48",
        "201804": "47.51",
        "201805": "46.38",
        "201806": "50.71",
        "201807": "55.19",
        "201808": "56.95",
        "201809": "55.70",
        "201810": "52.46",
        "201811": "50.41",
        "201812": "51.03",
        "201901": "51.27",
        "201902": "52.30",
        "201903": "52.79",
        "201904": "51.90",
        "201905": "53.84",
        "201906": "54.00",
        "201907": "52.50",
        "201908": "52.21",
        "201909": "52.89",
        "201910": "55.79",
        "201911": "56.31",
        "201912": "55.47",
        "202001": "54.88",
        "202002": "55.06",
        "202003": "52.19",
        "202004": "51.50",
        "202005": "55.16",
        "202006": "61.16",
        "202007": "60.48",
        "202008": "66.61",
        "202009": "75.50",
        "202010": "77.63",
        "202011": "72.28",
        "202012": "72.90",
        "202101": "73.00",
        "202102": "75.36",
        "202103": "78.03",
        "202104": "79.40",
        "202105": "73.88",
        "202106": "74.85",
        "202107": "75.65",
        "202108": "75.65",
        "202109": "74.67",
        "202110": "76.67",
        "202111": "80.56",
        "202112": "77.45",
        "202201": "78.59",
        "202202": "79.10",
        "202203": "78.40",
        "202204": "77.71",
        "202205": "77.06",
        "202206": "77.37",
        "202207": "75.03",
        "202208": "76.53",
        "202209": "78.19",
        "202210": "79.78",
        "202211": "83.21",
        "202212": "82.96",
        "202301": "84.02",
        "202302": "87.79",
        "202303": "99.38",
        "202304": "106.97",
        "202305": "116.14",
        "202306": "113.64"
    },
    "quarters": {
        "20011": {
            "year_quarter": 20011,
            "year": 2001,
            "quarter": 1,
            "eps": null,
            "eps_growth_year": null,
            "eps_4q": null,
            "eps_4q_growth_year": null,
            "roe": null,
            "roe_4q": 0,
            "gross_profit": null,
            "gross_margin": null,
            "gross_margin_4q_avg": 0,
            "net_income": null,
            "revenue": null,
            "common_shares": null,
            "book_valuer_per_share": null,
            "book_valuer_per_share_4q_avg": 0,
            "equity": null,
            "current_ratio": null,
            "debt_ratio": null,
            "inventory_turnover_ratio": null,
            "account_receivable_turnover_ratio": null,
            "reinvestment_rate": null,
            "research_to_sale_ratio": null,
            "price_fair": 0,
            "eps_avg_yearly": 0,
            "eps_latest_yearly": 0,
            "eps_growth_yearly": 0
        },
        "20012": {
            "year_quarter": 20012,
            "year": 2001,
            "quarter": 2,
            "eps": null,
            "eps_growth_year": null,
            "eps_4q": null,
            "eps_4q_growth_year": null,
            "roe": null,
            "roe_4q": 0,
            "gross_profit": null,
            "gross_margin": null,
            "gross_margin_4q_avg": 0,
            "net_income": null,
            "revenue": null,
            "common_shares": null,
            "book_valuer_per_share": null,
            "book_valuer_per_share_4q_avg": 0,
            "equity": null,
            "current_ratio": null,
            "debt_ratio": null,
            "inventory_turnover_ratio": null,
            "account_receivable_turnover_ratio": null,
            "reinvestment_rate": null,
            "research_to_sale_ratio": null,
            "price_fair": 0,
            "eps_avg_yearly": 0,
            "eps_latest_yearly": 0,
            "eps_growth_yearly": 0
        },
        "20013": {
            "year_quarter": 20013,
            "year": 2001,
            "quarter": 3,
            "eps": null,
            "eps_growth_year": null,
            "eps_4q": null,
            "eps_4q_growth_year": null,
            "roe": null,
            "roe_4q": 0,
            "gross_profit": null,
            "gross_margin": null,
            "gross_margin_4q_avg": 0,
            "net_income": null,
            "revenue": null,
            "common_shares": null,
            "book_valuer_per_share": null,
            "book_valuer_per_share_4q_avg": 0,
            "equity": null,
            "current_ratio": null,
            "debt_ratio": null,
            "inventory_turnover_ratio": null,
            "account_receivable_turnover_ratio": null,
            "reinvestment_rate": null,
            "research_to_sale_ratio": null,
            "price_fair": 0,
            "eps_avg_yearly": 0,
            "eps_latest_yearly": 0,
            "eps_growth_yearly": 0
        },
        "20014": {
            "year_quarter": 20014,
            "year": 2001,
            "quarter": 4,
            "eps": null,
            "eps_growth_year": null,
            "eps_4q": null,
            "eps_4q_growth_year": null,
            "roe": null,
            "roe_4q": 0,
            "gross_profit": null,
            "gross_margin": null,
            "gross_margin_4q_avg": 0,
            "net_income": null,
            "revenue": null,
            "common_shares": 60000,
            "book_valuer_per_share": 10.96,
            "book_valuer_per_share_4q_avg": 2.74,
            "equity": 65763,
            "current_ratio": 180.18,
            "debt_ratio": 49.09,
            "inventory_turnover_ratio": null,
            "account_receivable_turnover_ratio": null,
            "reinvestment_rate": null,
            "research_to_sale_ratio": null,
            "price_fair": 0,
            "eps_avg_yearly": 0,
            "eps_latest_yearly": 0,
            "eps_growth_yearly": 0
        },
        "20021": {
            "year_quarter": 20021,
            "year": 2002,
            "quarter": 1,
            "eps": null,
            "eps_growth_year": null,
            "eps_4q": null,
            "eps_4q_growth_year": null,
            "roe": null,
            "roe_4q": 0,
            "gross_profit": null,
            "gross_margin": null,
            "gross_margin_4q_avg": 0,
            "net_income": null,
            "revenue": null,
            "common_shares": null,
            "book_valuer_per_share": null,
            "book_valuer_per_share_4q_avg": 2.74,
            "equity": null,
            "current_ratio": null,
            "debt_ratio": null,
            "inventory_turnover_ratio": null,
            "account_receivable_turnover_ratio": null,
            "reinvestment_rate": null,
            "research_to_sale_ratio": null,
            "price_fair": 0,
            "eps_avg_yearly": 0,
            "eps_latest_yearly": 0,
            "eps_growth_yearly": 0
        },
        "20022": {
            "year_quarter": 20022,
            "year": 2002,
            "quarter": 2,
            "eps": null,
            "eps_growth_year": null,
            "eps_4q": null,
            "eps_4q_growth_year": null,
            "roe": null,
            "roe_4q": 0,
            "gross_profit": null,
            "gross_margin": null,
            "gross_margin_4q_avg": 0,
            "net_income": null,
            "revenue": null,
            "common_shares": null,
            "book_valuer_per_share": null,
            "book_valuer_per_share_4q_avg": 2.74,
            "equity": null,
            "current_ratio": null,
            "debt_ratio": null,
            "inventory_turnover_ratio": null,
            "account_receivable_turnover_ratio": null,
            "reinvestment_rate": null,
            "research_to_sale_ratio": null,
            "price_fair": 0,
            "eps_avg_yearly": 0,
            "eps_latest_yearly": 0,
            "eps_growth_yearly": 0
        },
        "20023": {
            "year_quarter": 20023,
            "year": 2002,
            "quarter": 3,
            "eps": null,
            "eps_growth_year": null,
            "eps_4q": null,
            "eps_4q_growth_year": null,
            "roe": null,
            "roe_4q": 0,
            "gross_profit": null,
            "gross_margin": null,
            "gross_margin_4q_avg": 0,
            "net_income": null,
            "revenue": null,
            "common_shares": null,
            "book_valuer_per_share": null,
            "book_valuer_per_share_4q_avg": 2.74,
            "equity": null,
            "current_ratio": null,
            "debt_ratio": null,
            "inventory_turnover_ratio": null,
            "account_receivable_turnover_ratio": null,
            "reinvestment_rate": null,
            "research_to_sale_ratio": null,
            "price_fair": 0,
            "eps_avg_yearly": 0,
            "eps_latest_yearly": 0,
            "eps_growth_yearly": 0
        },
        "20024": {
            "year_quarter": 20024,
            "year": 2002,
            "quarter": 4,
            "eps": null,
            "eps_growth_year": null,
            "eps_4q": null,
            "eps_4q_growth_year": null,
            "roe": null,
            "roe_4q": 0,
            "gross_profit": null,
            "gross_margin": null,
            "gross_margin_4q_avg": 0,
            "net_income": null,
            "revenue": null,
            "common_shares": 80000,
            "book_valuer_per_share": 11.04,
            "book_valuer_per_share_4q_avg": 2.76,
            "equity": 88296,
            "current_ratio": 242.67,
            "debt_ratio": 35.69,
            "inventory_turnover_ratio": null,
            "account_receivable_turnover_ratio": null,
            "reinvestment_rate": null,
            "research_to_sale_ratio": null,
            "price_fair": 0,
            "eps_avg_yearly": 0,
            "eps_latest_yearly": 0,
            "eps_growth_yearly": 0
        },
        "20031": {
            "year_quarter": 20031,
            "year": 2003,
            "quarter": 1,
            "eps": null,
            "eps_growth_year": null,
            "eps_4q": null,
            "eps_4q_growth_year": null,
            "roe": null,
            "roe_4q": 0,
            "gross_profit": null,
            "gross_margin": null,
            "gross_margin_4q_avg": 0,
            "net_income": null,
            "revenue": null,
            "common_shares": null,
            "book_valuer_per_share": null,
            "book_valuer_per_share_4q_avg": 2.76,
            "equity": null,
            "current_ratio": null,
            "debt_ratio": null,
            "inventory_turnover_ratio": null,
            "account_receivable_turnover_ratio": null,
            "reinvestment_rate": null,
            "research_to_sale_ratio": null,
            "price_fair": 0,
            "eps_avg_yearly": 0,
            "eps_latest_yearly": 0,
            "eps_growth_yearly": 0
        },
        "20032": {
            "year_quarter": 20032,
            "year": 2003,
            "quarter": 2,
            "eps": null,
            "eps_growth_year": null,
            "eps_4q": null,
            "eps_4q_growth_year": null,
            "roe": null,
            "roe_4q": 0,
            "gross_profit": null,
            "gross_margin": null,
            "gross_margin_4q_avg": 0,
            "net_income": null,
            "revenue": null,
            "common_shares": null,
            "book_valuer_per_share": null,
            "book_valuer_per_share_4q_avg": 2.76,
            "equity": null,
            "current_ratio": null,
            "debt_ratio": null,
            "inventory_turnover_ratio": null,
            "account_receivable_turnover_ratio": null,
            "reinvestment_rate": null,
            "research_to_sale_ratio": null,
            "price_fair": 0,
            "eps_avg_yearly": 0,
            "eps_latest_yearly": 0,
            "eps_growth_yearly": 0
        },
        "20033": {
            "year_quarter": 20033,
            "year": 2003,
            "quarter": 3,
            "eps": null,
            "eps_growth_year": null,
            "eps_4q": null,
            "eps_4q_growth_year": null,
            "roe": null,
            "roe_4q": 0,
            "gross_profit": null,
            "gross_margin": null,
            "gross_margin_4q_avg": 0,
            "net_income": null,
            "revenue": null,
            "common_shares": null,
            "book_valuer_per_share": null,
            "book_valuer_per_share_4q_avg": 2.76,
            "equity": null,
            "current_ratio": null,
            "debt_ratio": null,
            "inventory_turnover_ratio": null,
            "account_receivable_turnover_ratio": null,
            "reinvestment_rate": null,
            "research_to_sale_ratio": null,
            "price_fair": 0,
            "eps_avg_yearly": 0,
            "eps_latest_yearly": 0,
            "eps_growth_yearly": 0
        },
        "20034": {
            "year_quarter": 20034,
            "year": 2003,
            "quarter": 4,
            "eps": null,
            "eps_growth_year": null,
            "eps_4q": null,
            "eps_4q_growth_year": null,
            "roe": null,
            "roe_4q": 0,
            "gross_profit": null,
            "gross_margin": null,
            "gross_margin_4q_avg": 0,
            "net_income": null,
            "revenue": null,
            "common_shares": 80000,
            "book_valuer_per_share": 12.99,
            "book_valuer_per_share_4q_avg": 3.25,
            "equity": 103943,
            "current_ratio": 218.96,
            "debt_ratio": 40.48,
            "inventory_turnover_ratio": null,
            "account_receivable_turnover_ratio": null,
            "reinvestment_rate": null,
            "research_to_sale_ratio": null,
            "price_fair": 0,
            "eps_avg_yearly": 0,
            "eps_latest_yearly": 0,
            "eps_growth_yearly": 0
        },
        "20041": {
            "year_quarter": 20041,
            "year": 2004,
            "quarter": 1,
            "eps": null,
            "eps_growth_year": null,
            "eps_4q": null,
            "eps_4q_growth_year": null,
            "roe": null,
            "roe_4q": 0,
            "gross_profit": null,
            "gross_margin": null,
            "gross_margin_4q_avg": 0,
            "net_income": null,
            "revenue": null,
            "common_shares": null,
            "book_valuer_per_share": null,
            "book_valuer_per_share_4q_avg": 3.25,
            "equity": null,
            "current_ratio": null,
            "debt_ratio": null,
            "inventory_turnover_ratio": null,
            "account_receivable_turnover_ratio": null,
            "reinvestment_rate": null,
            "research_to_sale_ratio": null,
            "price_fair": 0,
            "eps_avg_yearly": 0,
            "eps_latest_yearly": 0,
            "eps_growth_yearly": 0
        },
        "20042": {
            "year_quarter": 20042,
            "year": 2004,
            "quarter": 2,
            "eps": null,
            "eps_growth_year": null,
            "eps_4q": null,
            "eps_4q_growth_year": null,
            "roe": null,
            "roe_4q": 0,
            "gross_profit": null,
            "gross_margin": null,
            "gross_margin_4q_avg": 0,
            "net_income": null,
            "revenue": null,
            "common_shares": null,
            "book_valuer_per_share": null,
            "book_valuer_per_share_4q_avg": 3.25,
            "equity": null,
            "current_ratio": null,
            "debt_ratio": null,
            "inventory_turnover_ratio": null,
            "account_receivable_turnover_ratio": null,
            "reinvestment_rate": null,
            "research_to_sale_ratio": null,
            "price_fair": 0,
            "eps_avg_yearly": 0,
            "eps_latest_yearly": 0,
            "eps_growth_yearly": 0
        },
        "20043": {
            "year_quarter": 20043,
            "year": 2004,
            "quarter": 3,
            "eps": null,
            "eps_growth_year": null,
            "eps_4q": null,
            "eps_4q_growth_year": null,
            "roe": null,
            "roe_4q": 0,
            "gross_profit": null,
            "gross_margin": null,
            "gross_margin_4q_avg": 0,
            "net_income": null,
            "revenue": null,
            "common_shares": null,
            "book_valuer_per_share": null,
            "book_valuer_per_share_4q_avg": 3.25,
            "equity": null,
            "current_ratio": null,
            "debt_ratio": null,
            "inventory_turnover_ratio": null,
            "account_receivable_turnover_ratio": null,
            "reinvestment_rate": null,
            "research_to_sale_ratio": null,
            "price_fair": 0,
            "eps_avg_yearly": 0,
            "eps_latest_yearly": 0,
            "eps_growth_yearly": 0
        },
        "20044": {
            "year_quarter": 20044,
            "year": 2004,
            "quarter": 4,
            "eps": null,
            "eps_growth_year": null,
            "eps_4q": null,
            "eps_4q_growth_year": null,
            "roe": null,
            "roe_4q": 0,
            "gross_profit": null,
            "gross_margin": null,
            "gross_margin_4q_avg": 0,
            "net_income": null,
            "revenue": null,
            "common_shares": 128000,
            "book_valuer_per_share": 16.77,
            "book_valuer_per_share_4q_avg": 4.19,
            "equity": 214652,
            "current_ratio": 474.36,
            "debt_ratio": 20.88,
            "inventory_turnover_ratio": null,
            "account_receivable_turnover_ratio": null,
            "reinvestment_rate": null,
            "research_to_sale_ratio": null,
            "price_fair": 0,
            "eps_avg_yearly": 0,
            "eps_latest_yearly": 0,
            "eps_growth_yearly": 0
        },
        "20051": {
            "year_quarter": 20051,
            "year": 2005,
            "quarter": 1,
            "eps": null,
            "eps_growth_year": null,
            "eps_4q": null,
            "eps_4q_growth_year": null,
            "roe": null,
            "roe_4q": 0,
            "gross_profit": null,
            "gross_margin": null,
            "gross_margin_4q_avg": 0,
            "net_income": null,
            "revenue": null,
            "common_shares": null,
            "book_valuer_per_share": null,
            "book_valuer_per_share_4q_avg": 4.19,
            "equity": null,
            "current_ratio": null,
            "debt_ratio": null,
            "inventory_turnover_ratio": null,
            "account_receivable_turnover_ratio": null,
            "reinvestment_rate": null,
            "research_to_sale_ratio": null,
            "price_fair": 0,
            "eps_avg_yearly": 0,
            "eps_latest_yearly": 0,
            "eps_growth_yearly": 0
        },
        "20052": {
            "year_quarter": 20052,
            "year": 2005,
            "quarter": 2,
            "eps": null,
            "eps_growth_year": null,
            "eps_4q": null,
            "eps_4q_growth_year": null,
            "roe": null,
            "roe_4q": 0,
            "gross_profit": null,
            "gross_margin": null,
            "gross_margin_4q_avg": 0,
            "net_income": null,
            "revenue": null,
            "common_shares": null,
            "book_valuer_per_share": null,
            "book_valuer_per_share_4q_avg": 4.19,
            "equity": null,
            "current_ratio": null,
            "debt_ratio": null,
            "inventory_turnover_ratio": null,
            "account_receivable_turnover_ratio": null,
            "reinvestment_rate": null,
            "research_to_sale_ratio": null,
            "price_fair": 0,
            "eps_avg_yearly": 0,
            "eps_latest_yearly": 0,
            "eps_growth_yearly": 0
        },
        "20053": {
            "year_quarter": 20053,
            "year": 2005,
            "quarter": 3,
            "eps": null,
            "eps_growth_year": null,
            "eps_4q": null,
            "eps_4q_growth_year": null,
            "roe": null,
            "roe_4q": 0,
            "gross_profit": null,
            "gross_margin": null,
            "gross_margin_4q_avg": 0,
            "net_income": null,
            "revenue": null,
            "common_shares": null,
            "book_valuer_per_share": null,
            "book_valuer_per_share_4q_avg": 4.19,
            "equity": null,
            "current_ratio": null,
            "debt_ratio": null,
            "inventory_turnover_ratio": null,
            "account_receivable_turnover_ratio": null,
            "reinvestment_rate": null,
            "research_to_sale_ratio": null,
            "price_fair": 0,
            "eps_avg_yearly": 0,
            "eps_latest_yearly": 0,
            "eps_growth_yearly": 0
        },
        "20054": {
            "year_quarter": 20054,
            "year": 2005,
            "quarter": 4,
            "eps": null,
            "eps_growth_year": null,
            "eps_4q": null,
            "eps_4q_growth_year": null,
            "roe": null,
            "roe_4q": 0,
            "gross_profit": null,
            "gross_margin": null,
            "gross_margin_4q_avg": 0,
            "net_income": null,
            "revenue": null,
            "common_shares": 156800,
            "book_valuer_per_share": 18.56,
            "book_valuer_per_share_4q_avg": 4.64,
            "equity": 290955,
            "current_ratio": 386.38,
            "debt_ratio": 24.64,
            "inventory_turnover_ratio": null,
            "account_receivable_turnover_ratio": null,
            "reinvestment_rate": null,
            "research_to_sale_ratio": null,
            "price_fair": 0,
            "eps_avg_yearly": 0,
            "eps_latest_yearly": 0,
            "eps_growth_yearly": 0
        },
        "20061": {
            "year_quarter": 20061,
            "year": 2006,
            "quarter": 1,
            "eps": 1.57,
            "eps_growth_year": null,
            "eps_4q": null,
            "eps_4q_growth_year": null,
            "roe": 8.27,
            "roe_4q": 8.27,
            "gross_profit": 56619,
            "gross_margin": 29.45,
            "gross_margin_4q_avg": 7.36,
            "net_income": 25114,
            "revenue": 192236,
            "common_shares": 160020,
            "book_valuer_per_share": 19.75,
            "book_valuer_per_share_4q_avg": 9.58,
            "equity": 316069,
            "current_ratio": 441.61,
            "debt_ratio": 21.46,
            "inventory_turnover_ratio": 1.68,
            "account_receivable_turnover_ratio": null,
            "reinvestment_rate": null,
            "research_to_sale_ratio": null,
            "price_fair": 0,
            "eps_avg_yearly": 0,
            "eps_latest_yearly": 0,
            "eps_growth_yearly": 0
        },
        "20062": {
            "year_quarter": 20062,
            "year": 2006,
            "quarter": 2,
            "eps": 1.76,
            "eps_growth_year": null,
            "eps_4q": null,
            "eps_4q_growth_year": null,
            "roe": 8.55,
            "roe_4q": 16.82,
            "gross_profit": 63055,
            "gross_margin": 30.4,
            "gross_margin_4q_avg": 14.96,
            "net_income": 28243,
            "revenue": 207392,
            "common_shares": 160020,
            "book_valuer_per_share": 21.52,
            "book_valuer_per_share_4q_avg": 14.96,
            "equity": 344312,
            "current_ratio": 414.1,
            "debt_ratio": 22.88,
            "inventory_turnover_ratio": 1.71,
            "account_receivable_turnover_ratio": null,
            "reinvestment_rate": null,
            "research_to_sale_ratio": null,
            "price_fair": 246.4,
            "eps_avg_yearly": 7.04,
            "eps_latest_yearly": 7.04,
            "eps_growth_yearly": 48.41
        },
        "20063": {
            "year_quarter": 20063,
            "year": 2006,
            "quarter": 3,
            "eps": 1.77,
            "eps_growth_year": null,
            "eps_4q": null,
            "eps_4q_growth_year": null,
            "roe": 10.31,
            "roe_4q": 27.13,
            "gross_profit": 69720,
            "gross_margin": 31.15,
            "gross_margin_4q_avg": 22.75,
            "net_income": 36089,
            "revenue": 223817,
            "common_shares": 204464,
            "book_valuer_per_share": 17.4,
            "book_valuer_per_share_4q_avg": 19.31,
            "equity": 355828,
            "current_ratio": 168.8,
            "debt_ratio": 36.66,
            "inventory_turnover_ratio": 1.73,
            "account_receivable_turnover_ratio": null,
            "reinvestment_rate": null,
            "research_to_sale_ratio": null,
            "price_fair": 247.1,
            "eps_avg_yearly": 7.06,
            "eps_latest_yearly": 7.08,
            "eps_growth_yearly": 25.34
        },
        "20064": {
            "year_quarter": 20064,
            "year": 2006,
            "quarter": 4,
            "eps": 1.79,
            "eps_growth_year": null,
            "eps_4q": 6.16,
            "eps_4q_growth_year": null,
            "roe": 9.78,
            "roe_4q": 36.91,
            "gross_profit": 73447,
            "gross_margin": 31.85,
            "gross_margin_4q_avg": 30.71,
            "net_income": 36652,
            "revenue": 230576,
            "common_shares": 204464,
            "book_valuer_per_share": 19.24,
            "book_valuer_per_share_4q_avg": 19.48,
            "equity": 393317,
            "current_ratio": 225.79,
            "debt_ratio": 26.19,
            "inventory_turnover_ratio": 1.83,
            "account_receivable_turnover_ratio": null,
            "reinvestment_rate": null,
            "research_to_sale_ratio": null,
            "price_fair": 201.45,
            "eps_avg_yearly": 7.09,
            "eps_latest_yearly": 7.16,
            "eps_growth_yearly": 18.4
        },
        "20071": {
            "year_quarter": 20071,
            "year": 2007,
            "quarter": 1,
            "eps": 1.7,
            "eps_growth_year": 8.28,
            "eps_4q": 6.62,
            "eps_4q_growth_year": null,
            "roe": 8.49,
            "roe_4q": 37.129999999999995,
            "gross_profit": 74579,
            "gross_margin": 31.84,
            "gross_margin_4q_avg": 31.31,
            "net_income": 34880,
            "revenue": 234253,
            "common_shares": 204834,
            "book_valuer_per_share": 20.93,
            "book_valuer_per_share_4q_avg": 19.77,
            "equity": 428779,
            "current_ratio": 251.89,
            "debt_ratio": 24.47,
            "inventory_turnover_ratio": 1.84,
            "account_receivable_turnover_ratio": null,
            "reinvestment_rate": null,
            "research_to_sale_ratio": null,
            "price_fair": 131.78,
            "eps_avg_yearly": 7.02,
            "eps_latest_yearly": 6.8,
            "eps_growth_yearly": 8.77
        },
        "20072": {
            "year_quarter": 20072,
            "year": 2007,
            "quarter": 2,
            "eps": 1.75,
            "eps_growth_year": -0.57,
            "eps_4q": 5.93,
            "eps_4q_growth_year": null,
            "roe": 10.47,
            "roe_4q": 39.050000000000004,
            "gross_profit": 89962,
            "gross_margin": 33.5,
            "gross_margin_4q_avg": 32.09,
            "net_income": 45071,
            "revenue": 268532,
            "common_shares": 204834,
            "book_valuer_per_share": 21.1,
            "book_valuer_per_share_4q_avg": 19.67,
            "equity": 432108,
            "current_ratio": 199.69,
            "debt_ratio": 32.63,
            "inventory_turnover_ratio": 1.73,
            "account_receivable_turnover_ratio": null,
            "reinvestment_rate": null,
            "research_to_sale_ratio": null,
            "price_fair": 135.9,
            "eps_avg_yearly": 7.02,
            "eps_latest_yearly": 7,
            "eps_growth_yearly": 9.37
        },
        "20073": {
            "year_quarter": 20073,
            "year": 2007,
            "quarter": 3,
            "eps": 1.67,
            "eps_growth_year": -5.65,
            "eps_4q": 6.16,
            "eps_4q_growth_year": null,
            "roe": 6.8,
            "roe_4q": 35.54,
            "gross_profit": 93816,
            "gross_margin": 32.7,
            "gross_margin_4q_avg": 32.47,
            "net_income": 43367,
            "revenue": 286942,
            "common_shares": 299849,
            "book_valuer_per_share": 28.1,
            "book_valuer_per_share_4q_avg": 22.34,
            "equity": 842656,
            "current_ratio": 405.29,
            "debt_ratio": 18.98,
            "inventory_turnover_ratio": 1.67,
            "account_receivable_turnover_ratio": null,
            "reinvestment_rate": null,
            "research_to_sale_ratio": null,
            "price_fair": 102.74,
            "eps_avg_yearly": 6.96,
            "eps_latest_yearly": 6.68,
            "eps_growth_yearly": 4.76
        },
        "20074": {
            "year_quarter": 20074,
            "year": 2007,
            "quarter": 4,
            "eps": 2.34,
            "eps_growth_year": 30.73,
            "eps_4q": 6.92,
            "eps_4q_growth_year": 12.42,
            "roe": 7.2,
            "roe_4q": 32.96,
            "gross_profit": 109941,
            "gross_margin": 33.8,
            "gross_margin_4q_avg": 32.96,
            "net_income": 62965,
            "revenue": 325276,
            "common_shares": 299849,
            "book_valuer_per_share": 30.26,
            "book_valuer_per_share_4q_avg": 25.1,
            "equity": 907335,
            "current_ratio": 479.51,
            "debt_ratio": 16.11,
            "inventory_turnover_ratio": 1.56,
            "account_receivable_turnover_ratio": null,
            "reinvestment_rate": null,
            "research_to_sale_ratio": null,
            "price_fair": 255.6,
            "eps_avg_yearly": 7.3,
            "eps_latest_yearly": 9.36,
            "eps_growth_yearly": 27.01
        },
        "20081": {
            "year_quarter": 20081,
            "year": 2008,
            "quarter": 1,
            "eps": 1.75,
            "eps_growth_year": 2.94,
            "eps_4q": 6.8,
            "eps_4q_growth_year": 2.63,
            "roe": 5.76,
            "roe_4q": 30.230000000000004,
            "gross_profit": 108233,
            "gross_margin": 32.28,
            "gross_margin_4q_avg": 33.07,
            "net_income": 52505,
            "revenue": 335319,
            "common_shares": 301729,
            "book_valuer_per_share": 30.31,
            "book_valuer_per_share_4q_avg": 27.44,
            "equity": 914463,
            "current_ratio": 447.17,
            "debt_ratio": 17.4,
            "inventory_turnover_ratio": 1.45,
            "account_receivable_turnover_ratio": null,
            "reinvestment_rate": null,
            "research_to_sale_ratio": null,
            "price_fair": 152.74,
            "eps_avg_yearly": 7.27,
            "eps_latest_yearly": 7,
            "eps_growth_yearly": 11.02
        },
        "20082": {
            "year_quarter": 20082,
            "year": 2008,
            "quarter": 2,
            "eps": 1.96,
            "eps_growth_year": 12,
            "eps_4q": 6.22,
            "eps_4q_growth_year": 4.88,
            "roe": 8.08,
            "roe_4q": 27.84,
            "gross_profit": 130505,
            "gross_margin": 33.01,
            "gross_margin_4q_avg": 32.95,
            "net_income": 73118,
            "revenue": 395369,
            "common_shares": 301729,
            "book_valuer_per_share": 29.67,
            "book_valuer_per_share_4q_avg": 29.59,
            "equity": 895323,
            "current_ratio": 305.32,
            "debt_ratio": 25.37,
            "inventory_turnover_ratio": 1.66,
            "account_receivable_turnover_ratio": null,
            "reinvestment_rate": null,
            "research_to_sale_ratio": null,
            "price_fair": 184.19,
            "eps_avg_yearly": 7.33,
            "eps_latest_yearly": 7.84,
            "eps_growth_yearly": 15.13
        },
        "20083": {
            "year_quarter": 20083,
            "year": 2008,
            "quarter": 3,
            "eps": 1.93,
            "eps_growth_year": 15.57,
            "eps_4q": 7,
            "eps_4q_growth_year": 13.65,
            "roe": 7.81,
            "roe_4q": 28.849999999999998,
            "gross_profit": 122890,
            "gross_margin": 35.02,
            "gross_margin_4q_avg": 33.53,
            "net_income": 71776,
            "revenue": 350909,
            "common_shares": 377094,
            "book_valuer_per_share": 25.02,
            "book_valuer_per_share_4q_avg": 28.82,
            "equity": 943599,
            "current_ratio": 443.93,
            "debt_ratio": 17.15,
            "inventory_turnover_ratio": 1.46,
            "account_receivable_turnover_ratio": null,
            "reinvestment_rate": null,
            "research_to_sale_ratio": null,
            "price_fair": 169.52,
            "eps_avg_yearly": 7.37,
            "eps_latest_yearly": 7.72,
            "eps_growth_yearly": 13.01
        },
        "20084": {
            "year_quarter": 20084,
            "year": 2008,
            "quarter": 4,
            "eps": 1.69,
            "eps_growth_year": -27.78,
            "eps_4q": 7.03,
            "eps_4q_growth_year": 1.6,
            "roe": 6.53,
            "roe_4q": 28.18,
            "gross_profit": 109173,
            "gross_margin": 39.4,
            "gross_margin_4q_avg": 34.93,
            "net_income": 62430,
            "revenue": 277096,
            "common_shares": 377094,
            "book_valuer_per_share": 25.65,
            "book_valuer_per_share_4q_avg": 27.66,
            "equity": 967132,
            "current_ratio": 499.37,
            "debt_ratio": 15.3,
            "inventory_turnover_ratio": 1.2,
            "account_receivable_turnover_ratio": 8.93,
            "reinvestment_rate": null,
            "research_to_sale_ratio": null,
            "price_fair": 126.53,
            "eps_avg_yearly": 7.31,
            "eps_latest_yearly": 6.76,
            "eps_growth_yearly": 7.3
        },
        "20091": {
            "year_quarter": 20091,
            "year": 2009,
            "quarter": 1,
            "eps": 1.2,
            "eps_growth_year": -31.43,
            "eps_4q": 6.91,
            "eps_4q_growth_year": 1.67,
            "roe": 4.41,
            "roe_4q": 26.83,
            "gross_profit": 87943,
            "gross_margin": 38.68,
            "gross_margin_4q_avg": 36.53,
            "net_income": 43572,
            "revenue": 227331,
            "common_shares": 367634,
            "book_valuer_per_share": 27.49,
            "book_valuer_per_share_4q_avg": 26.96,
            "equity": 1010704,
            "current_ratio": 569.69,
            "debt_ratio": 13.53,
            "inventory_turnover_ratio": 1.14,
            "account_receivable_turnover_ratio": 3.27,
            "reinvestment_rate": null,
            "research_to_sale_ratio": null,
            "price_fair": 21.31,
            "eps_avg_yearly": 7.1,
            "eps_latest_yearly": 4.8,
            "eps_growth_yearly": -2.97
        },
        "20092": {
            "year_quarter": 20092,
            "year": 2009,
            "quarter": 2,
            "eps": 0.84,
            "eps_growth_year": -57.14,
            "eps_4q": 5.1,
            "eps_4q_growth_year": -18.02,
            "roe": 3.66,
            "roe_4q": 22.41,
            "gross_profit": 87626,
            "gross_margin": 38.82,
            "gross_margin_4q_avg": 37.98,
            "net_income": 35076,
            "revenue": 225747,
            "common_shares": 367634,
            "book_valuer_per_share": 24.7,
            "book_valuer_per_share_4q_avg": 25.72,
            "equity": 908160,
            "current_ratio": 309.53,
            "debt_ratio": 25.23,
            "inventory_turnover_ratio": 1.12,
            "account_receivable_turnover_ratio": 3.1,
            "reinvestment_rate": null,
            "research_to_sale_ratio": null,
            "price_fair": 20.45,
            "eps_avg_yearly": 6.82,
            "eps_latest_yearly": 3.36,
            "eps_growth_yearly": -11.97
        },
        "20093": {
            "year_quarter": 20093,
            "year": 2009,
            "quarter": 3,
            "eps": 1.05,
            "eps_growth_year": -45.6,
            "eps_4q": 4.43,
            "eps_4q_growth_year": -36.72,
            "roe": 4.71,
            "roe_4q": 19.310000000000002,
            "gross_profit": 97859,
            "gross_margin": 39.39,
            "gross_margin_4q_avg": 39.07,
            "net_income": 43823,
            "revenue": 248411,
            "common_shares": 421972,
            "book_valuer_per_share": 22.6,
            "book_valuer_per_share_4q_avg": 25.11,
            "equity": 953695,
            "current_ratio": 651.15,
            "debt_ratio": 11.57,
            "inventory_turnover_ratio": 1.12,
            "account_receivable_turnover_ratio": 3.36,
            "reinvestment_rate": null,
            "research_to_sale_ratio": null,
            "price_fair": 19.89,
            "eps_avg_yearly": 6.63,
            "eps_latest_yearly": 4.2,
            "eps_growth_yearly": -3.97
        },
        "20094": {
            "year_quarter": 20094,
            "year": 2009,
            "quarter": 4,
            "eps": 1.2,
            "eps_growth_year": -28.99,
            "eps_4q": 4.14,
            "eps_4q_growth_year": -41.14,
            "roe": 5.11,
            "roe_4q": 17.89,
            "gross_profit": 104659,
            "gross_margin": 40.09,
            "gross_margin_4q_avg": 39.25,
            "net_income": 50011,
            "revenue": 261034,
            "common_shares": 421972,
            "book_valuer_per_share": 24.1,
            "book_valuer_per_share_4q_avg": 24.72,
            "equity": 1004125,
            "current_ratio": 519.3,
            "debt_ratio": 13.09,
            "inventory_turnover_ratio": 1.22,
            "account_receivable_turnover_ratio": 8.15,
            "reinvestment_rate": 44.51,
            "research_to_sale_ratio": null,
            "price_fair": 65.07,
            "eps_avg_yearly": 6.51,
            "eps_latest_yearly": 4.8,
            "eps_growth_yearly": 0.1
        },
        "20101": {
            "year_quarter": 20101,
            "year": 2010,
            "quarter": 1,
            "eps": 1.08,
            "eps_growth_year": -10,
            "eps_4q": 4.17,
            "eps_4q_growth_year": -39.64,
            "roe": 4.37,
            "roe_4q": 17.85,
            "gross_profit": 104631,
            "gross_margin": 39.32,
            "gross_margin_4q_avg": 39.41,
            "net_income": 44831,
            "revenue": 266079,
            "common_shares": 421972,
            "book_valuer_per_share": 0,
            "book_valuer_per_share_4q_avg": 17.85,
            "equity": 1048486,
            "current_ratio": 483.21,
            "debt_ratio": 14.36,
            "inventory_turnover_ratio": 1.23,
            "account_receivable_turnover_ratio": 3.64,
            "reinvestment_rate": 45.47,
            "research_to_sale_ratio": 10.66,
            "price_fair": 19.11,
            "eps_avg_yearly": 6.37,
            "eps_latest_yearly": 4.32,
            "eps_growth_yearly": -2.41
        },
        "20102": {
            "year_quarter": 20102,
            "year": 2010,
            "quarter": 2,
            "eps": 1.54,
            "eps_growth_year": 83.65,
            "eps_4q": 4.81,
            "eps_4q_growth_year": -5.72,
            "roe": 6.51,
            "roe_4q": 20.7,
            "gross_profit": 122978,
            "gross_margin": 36.55,
            "gross_margin_4q_avg": 38.84,
            "net_income": 65550,
            "revenue": 336479,
            "common_shares": 421972,
            "book_valuer_per_share": 23.2,
            "book_valuer_per_share_4q_avg": 17.48,
            "equity": 966653,
            "current_ratio": 253.82,
            "debt_ratio": 27.61,
            "inventory_turnover_ratio": 1.41,
            "account_receivable_turnover_ratio": 4.11,
            "reinvestment_rate": 46.55,
            "research_to_sale_ratio": 9.38,
            "price_fair": 96.09,
            "eps_avg_yearly": 6.32,
            "eps_latest_yearly": 6.16,
            "eps_growth_yearly": 5.22
        },
        "20103": {
            "year_quarter": 20103,
            "year": 2010,
            "quarter": 3,
            "eps": 1.24,
            "eps_growth_year": 17.78,
            "eps_4q": 5.01,
            "eps_4q_growth_year": 13.12,
            "roe": 5.24,
            "roe_4q": 21.23,
            "gross_profit": 125174,
            "gross_margin": 38.9,
            "gross_margin_4q_avg": 38.72,
            "net_income": 52551,
            "revenue": 321769,
            "common_shares": 430304,
            "book_valuer_per_share": 24.5,
            "book_valuer_per_share_4q_avg": 17.95,
            "equity": 1040903,
            "current_ratio": 545.16,
            "debt_ratio": 31,
            "inventory_turnover_ratio": 1.12,
            "account_receivable_turnover_ratio": 3.52,
            "reinvestment_rate": 25.87,
            "research_to_sale_ratio": 8.82,
            "price_fair": 61.83,
            "eps_avg_yearly": 6.18,
            "eps_latest_yearly": 4.96,
            "eps_growth_yearly": 0.2
        },
        "20104": {
            "year_quarter": 20104,
            "year": 2010,
            "quarter": 4,
            "eps": 1.29,
            "eps_growth_year": 7.56,
            "eps_4q": 5.12,
            "eps_4q_growth_year": 23.75,
            "roe": 5.14,
            "roe_4q": 21.26,
            "gross_profit": 137282,
            "gross_margin": 33.67,
            "gross_margin_4q_avg": 37.11,
            "net_income": 54868,
            "revenue": 407740,
            "common_shares": 430471,
            "book_valuer_per_share": 25.78,
            "book_valuer_per_share_4q_avg": 18.37,
            "equity": 1096074,
            "current_ratio": 508.78,
            "debt_ratio": 31.28,
            "inventory_turnover_ratio": 1.59,
            "account_receivable_turnover_ratio": 3.13,
            "reinvestment_rate": 40.68,
            "research_to_sale_ratio": 8.04,
            "price_fair": 60.58,
            "eps_avg_yearly": 6.06,
            "eps_latest_yearly": 5.16,
            "eps_growth_yearly": 0.93
        },
        "20111": {
            "year_quarter": 20111,
            "year": 2011,
            "quarter": 1,
            "eps": 1.17,
            "eps_growth_year": 8.33,
            "eps_4q": 5.15,
            "eps_4q_growth_year": 23.55,
            "roe": 4.37,
            "roe_4q": 21.259999999999998,
            "gross_profit": 110392,
            "gross_margin": 34.75,
            "gross_margin_4q_avg": 35.97,
            "net_income": 50068,
            "revenue": 317668,
            "common_shares": 432848,
            "book_valuer_per_share": 27.59,
            "book_valuer_per_share_4q_avg": 25.27,
            "equity": 1194091,
            "current_ratio": 577.23,
            "debt_ratio": 26.18,
            "inventory_turnover_ratio": 1.35,
            "account_receivable_turnover_ratio": 2.42,
            "reinvestment_rate": 44.42,
            "research_to_sale_ratio": 9.85,
            "price_fair": 17.78,
            "eps_avg_yearly": 5.93,
            "eps_latest_yearly": 4.68,
            "eps_growth_yearly": -0.14
        },
        "20112": {
            "year_quarter": 20112,
            "year": 2011,
            "quarter": 2,
            "eps": 0.71,
            "eps_growth_year": -53.88,
            "eps_4q": 4.18,
            "eps_4q_growth_year": -13.1,
            "roe": 2.9,
            "roe_4q": 17.65,
            "gross_profit": 97667,
            "gross_margin": 35.72,
            "gross_margin_4q_avg": 35.76,
            "net_income": 32626,
            "revenue": 273401,
            "common_shares": 432848,
            "book_valuer_per_share": 24.33,
            "book_valuer_per_share_4q_avg": 25.55,
            "equity": 1059289,
            "current_ratio": 326.58,
            "debt_ratio": 35.16,
            "inventory_turnover_ratio": 1.09,
            "account_receivable_turnover_ratio": 2.58,
            "reinvestment_rate": 38.18,
            "research_to_sale_ratio": 11.78,
            "price_fair": 17,
            "eps_avg_yearly": 5.67,
            "eps_latest_yearly": 2.84,
            "eps_growth_yearly": -10.7
        },
        "20113": {
            "year_quarter": 20113,
            "year": 2011,
            "quarter": 3,
            "eps": 1.05,
            "eps_growth_year": -14.75,
            "eps_4q": 4.12,
            "eps_4q_growth_year": -17.77,
            "roe": 4.44,
            "roe_4q": 16.85,
            "gross_profit": 104170,
            "gross_margin": 37.27,
            "gross_margin_4q_avg": 35.35,
            "net_income": 47324,
            "revenue": 279487,
            "common_shares": 454491,
            "book_valuer_per_share": 23.78,
            "book_valuer_per_share_4q_avg": 25.37,
            "equity": 1070674,
            "current_ratio": 231.85,
            "debt_ratio": 27.88,
            "inventory_turnover_ratio": 1.04,
            "account_receivable_turnover_ratio": 2.5,
            "reinvestment_rate": 37.55,
            "research_to_sale_ratio": 10.87,
            "price_fair": 68.39,
            "eps_avg_yearly": 5.51,
            "eps_latest_yearly": 4.2,
            "eps_growth_yearly": 2.41
        },
        "20114": {
            "year_quarter": 20114,
            "year": 2011,
            "quarter": 4,
            "eps": 0.9,
            "eps_growth_year": -30.46,
            "eps_4q": 3.81,
            "eps_4q_growth_year": -25.72,
            "roe": 3.67,
            "roe_4q": 15.379999999999999,
            "gross_profit": 108449,
            "gross_margin": 34.1,
            "gross_margin_4q_avg": 35.46,
            "net_income": 39879,
            "revenue": 318058,
            "common_shares": 454491,
            "book_valuer_per_share": 24.58,
            "book_valuer_per_share_4q_avg": 25.07,
            "equity": 1101509,
            "current_ratio": 229.76,
            "debt_ratio": 28.56,
            "inventory_turnover_ratio": 1.26,
            "account_receivable_turnover_ratio": 2.75,
            "reinvestment_rate": 34.03,
            "research_to_sale_ratio": 9.56,
            "price_fair": 15.45,
            "eps_avg_yearly": 5.15,
            "eps_latest_yearly": 3.6,
            "eps_growth_yearly": -11.19
        },
        "20121": {
            "year_quarter": 20121,
            "year": 2012,
            "quarter": 1,
            "eps": 0.83,
            "eps_growth_year": -29.06,
            "eps_4q": 3.51,
            "eps_4q_growth_year": -31.89,
            "roe": 3.29,
            "roe_4q": 14.3,
            "gross_profit": 104380,
            "gross_margin": 36,
            "gross_margin_4q_avg": 35.77,
            "net_income": 36838,
            "revenue": 289950,
            "common_shares": 454491,
            "book_valuer_per_share": 25.43,
            "book_valuer_per_share_4q_avg": 24.53,
            "equity": 1139658,
            "current_ratio": 221.24,
            "debt_ratio": 28.5,
            "inventory_turnover_ratio": 1.09,
            "account_receivable_turnover_ratio": 2.51,
            "reinvestment_rate": 42.4,
            "research_to_sale_ratio": 9.86,
            "price_fair": 14.76,
            "eps_avg_yearly": 4.92,
            "eps_latest_yearly": 3.32,
            "eps_growth_yearly": -6.83
        },
        "20122": {
            "year_quarter": 20122,
            "year": 2012,
            "quarter": 2,
            "eps": 0.96,
            "eps_growth_year": 34.52,
            "eps_4q": 3.69,
            "eps_4q_growth_year": -11.73,
            "roe": 3.99,
            "roe_4q": 15.39,
            "gross_profit": 120914,
            "gross_margin": 34.82,
            "gross_margin_4q_avg": 35.55,
            "net_income": 43645,
            "revenue": 347232,
            "common_shares": 454491,
            "book_valuer_per_share": 23.39,
            "book_valuer_per_share_4q_avg": 24.3,
            "equity": 1048789,
            "current_ratio": 161.32,
            "debt_ratio": 37.49,
            "inventory_turnover_ratio": 1.25,
            "account_receivable_turnover_ratio": 2.5,
            "reinvestment_rate": 54.26,
            "research_to_sale_ratio": 9.65,
            "price_fair": 14.01,
            "eps_avg_yearly": 4.67,
            "eps_latest_yearly": 3.84,
            "eps_growth_yearly": -5.92
        },
        "20123": {
            "year_quarter": 20123,
            "year": 2012,
            "quarter": 3,
            "eps": 0.88,
            "eps_growth_year": -16.6,
            "eps_4q": 3.53,
            "eps_4q_growth_year": -14.4,
            "roe": 3.75,
            "roe_4q": 14.700000000000001,
            "gross_profit": 124982,
            "gross_margin": 39.76,
            "gross_margin_4q_avg": 36.17,
            "net_income": 40114,
            "revenue": 314308,
            "common_shares": 463404,
            "book_valuer_per_share": 23.81,
            "book_valuer_per_share_4q_avg": 24.3,
            "equity": 1089059,
            "current_ratio": 244.82,
            "debt_ratio": 21.78,
            "inventory_turnover_ratio": 1.03,
            "account_receivable_turnover_ratio": 2.03,
            "reinvestment_rate": 45.8,
            "research_to_sale_ratio": 10.05,
            "price_fair": 13.22,
            "eps_avg_yearly": 4.41,
            "eps_latest_yearly": 3.52,
            "eps_growth_yearly": -7.62
        },
        "20124": {
            "year_quarter": 20124,
            "year": 2012,
            "quarter": 4,
            "eps": 0.69,
            "eps_growth_year": -23.22,
            "eps_4q": 3.34,
            "eps_4q_growth_year": -12.32,
            "roe": 2.82,
            "roe_4q": 13.850000000000001,
            "gross_profit": 95434,
            "gross_margin": 30.82,
            "gross_margin_4q_avg": 35.35,
            "net_income": 31193,
            "revenue": 309646,
            "common_shares": 463404,
            "book_valuer_per_share": 24.49,
            "book_valuer_per_share_4q_avg": 24.28,
            "equity": 1119484,
            "current_ratio": 247.67,
            "debt_ratio": 22.32,
            "inventory_turnover_ratio": 1.25,
            "account_receivable_turnover_ratio": 2.06,
            "reinvestment_rate": 47.19,
            "research_to_sale_ratio": 9.52,
            "price_fair": 12.47,
            "eps_avg_yearly": 4.16,
            "eps_latest_yearly": 2.76,
            "eps_growth_yearly": -9.91
        },
        "20131": {
            "year_quarter": 20131,
            "year": 2013,
            "quarter": 1,
            "eps": 1.18,
            "eps_growth_year": 42.17,
            "eps_4q": 3.7,
            "eps_4q_growth_year": 5.47,
            "roe": 4.68,
            "roe_4q": 15.24,
            "gross_profit": 118656,
            "gross_margin": 34.02,
            "gross_margin_4q_avg": 34.86,
            "net_income": 53487,
            "revenue": 348833,
            "common_shares": 463404,
            "book_valuer_per_share": 25.49,
            "book_valuer_per_share_4q_avg": 24.3,
            "equity": 1164751,
            "current_ratio": 241.78,
            "debt_ratio": 24.53,
            "inventory_turnover_ratio": 1.34,
            "account_receivable_turnover_ratio": 2.16,
            "reinvestment_rate": 47.19,
            "research_to_sale_ratio": 9.93,
            "price_fair": 104.22,
            "eps_avg_yearly": 4.15,
            "eps_latest_yearly": 4.72,
            "eps_growth_yearly": 15.1
        },
        "20132": {
            "year_quarter": 20132,
            "year": 2013,
            "quarter": 2,
            "eps": 1.11,
            "eps_growth_year": 15.99,
            "eps_4q": 3.72,
            "eps_4q_growth_year": 0.96,
            "roe": 4.67,
            "roe_4q": 15.92,
            "gross_profit": 130019,
            "gross_margin": 37.95,
            "gross_margin_4q_avg": 35.64,
            "net_income": 52805,
            "revenue": 342605,
            "common_shares": 463404,
            "book_valuer_per_share": 24.13,
            "book_valuer_per_share_4q_avg": 24.48,
            "equity": 1096681,
            "current_ratio": 191.6,
            "debt_ratio": 31.87,
            "inventory_turnover_ratio": 1.1,
            "account_receivable_turnover_ratio": 2.08,
            "reinvestment_rate": 46.06,
            "research_to_sale_ratio": 10.63,
            "price_fair": 131.3,
            "eps_avg_yearly": 4.22,
            "eps_latest_yearly": 4.44,
            "eps_growth_yearly": 21.11
        },
        "20133": {
            "year_quarter": 20133,
            "year": 2013,
            "quarter": 3,
            "eps": 1.22,
            "eps_growth_year": 38.75,
            "eps_4q": 3.94,
            "eps_4q_growth_year": 11.65,
            "roe": 5.02,
            "roe_4q": 17.189999999999998,
            "gross_profit": 144949,
            "gross_margin": 34.89,
            "gross_margin_4q_avg": 34.42,
            "net_income": 59364,
            "revenue": 415427,
            "common_shares": 509091,
            "book_valuer_per_share": 25.33,
            "book_valuer_per_share_4q_avg": 24.86,
            "equity": 1266893,
            "current_ratio": 353.35,
            "debt_ratio": 16.83,
            "inventory_turnover_ratio": 1.38,
            "account_receivable_turnover_ratio": 2.3,
            "reinvestment_rate": 44.36,
            "research_to_sale_ratio": 8.33,
            "price_fair": 116.54,
            "eps_avg_yearly": 4.26,
            "eps_latest_yearly": 4.88,
            "eps_growth_yearly": 17.34
        },
        "20134": {
            "year_quarter": 20134,
            "year": 2013,
            "quarter": 4,
            "eps": 1.13,
            "eps_growth_year": 63.28,
            "eps_4q": 4.43,
            "eps_4q_growth_year": 32.71,
            "roe": 4.34,
            "roe_4q": 18.71,
            "gross_profit": 131470,
            "gross_margin": 34.03,
            "gross_margin_4q_avg": 35.22,
            "net_income": 56450,
            "revenue": 386284,
            "common_shares": 510500,
            "book_valuer_per_share": 26.58,
            "book_valuer_per_share_4q_avg": 25.38,
            "equity": 1333570,
            "current_ratio": 375.91,
            "debt_ratio": 16.39,
            "inventory_turnover_ratio": 1.36,
            "account_receivable_turnover_ratio": 2.06,
            "reinvestment_rate": 25.99,
            "research_to_sale_ratio": 10.12,
            "price_fair": 93.07,
            "eps_avg_yearly": 4.25,
            "eps_latest_yearly": 4.52,
            "eps_growth_yearly": 11.93
        },
        "20141": {
            "year_quarter": 20141,
            "year": 2014,
            "quarter": 1,
            "eps": 0.9,
            "eps_growth_year": -23.73,
            "eps_4q": 4.27,
            "eps_4q_growth_year": 15.28,
            "roe": 3.34,
            "roe_4q": 17.369999999999997,
            "gross_profit": 114247,
            "gross_margin": 34.88,
            "gross_margin_4q_avg": 35.44,
            "net_income": 45386,
            "revenue": 327506,
            "common_shares": 510500,
            "book_valuer_per_share": 27.59,
            "book_valuer_per_share_4q_avg": 25.91,
            "equity": 1384150,
            "current_ratio": 403.25,
            "debt_ratio": 15.58,
            "inventory_turnover_ratio": 1.1,
            "account_receivable_turnover_ratio": 1.89,
            "reinvestment_rate": 23.34,
            "research_to_sale_ratio": 10.92,
            "price_fair": 81.22,
            "eps_avg_yearly": 4.2,
            "eps_latest_yearly": 3.6,
            "eps_growth_yearly": 9.34
        },
        "20142": {
            "year_quarter": 20142,
            "year": 2014,
            "quarter": 2,
            "eps": 0.91,
            "eps_growth_year": -18.02,
            "eps_4q": 3.84,
            "eps_4q_growth_year": 3.05,
            "roe": 3.78,
            "roe_4q": 16.479999999999997,
            "gross_profit": 132648,
            "gross_margin": 35.8,
            "gross_margin_4q_avg": 34.9,
            "net_income": 50441,
            "revenue": 370480,
            "common_shares": 510500,
            "book_valuer_per_share": 25.55,
            "book_valuer_per_share_4q_avg": 26.26,
            "equity": 1281659,
            "current_ratio": 257.64,
            "debt_ratio": 24.88,
            "inventory_turnover_ratio": 1.1,
            "account_receivable_turnover_ratio": 2.08,
            "reinvestment_rate": 20.22,
            "research_to_sale_ratio": 10.04,
            "price_fair": 12.13,
            "eps_avg_yearly": 4.04,
            "eps_latest_yearly": 3.64,
            "eps_growth_yearly": -1.03
        },
        "20143": {
            "year_quarter": 20143,
            "year": 2014,
            "quarter": 3,
            "eps": 1.33,
            "eps_growth_year": 9.02,
            "eps_4q": 3.77,
            "eps_4q_growth_year": -4.38,
            "roe": 5.15,
            "roe_4q": 16.61,
            "gross_profit": 153159,
            "gross_margin": 37.82,
            "gross_margin_4q_avg": 35.63,
            "net_income": 74373,
            "revenue": 404923,
            "common_shares": 610665,
            "book_valuer_per_share": 26.66,
            "book_valuer_per_share_4q_avg": 26.6,
            "equity": 1604448,
            "current_ratio": 516.51,
            "debt_ratio": 13,
            "inventory_turnover_ratio": 1.11,
            "account_receivable_turnover_ratio": 2.01,
            "reinvestment_rate": 15.21,
            "research_to_sale_ratio": 8.77,
            "price_fair": 103.15,
            "eps_avg_yearly": 4.07,
            "eps_latest_yearly": 5.32,
            "eps_growth_yearly": 15.38
        },
        "20144": {
            "year_quarter": 20144,
            "year": 2014,
            "quarter": 4,
            "eps": 1.05,
            "eps_growth_year": -7.06,
            "eps_4q": 3.87,
            "eps_4q_growth_year": -12.52,
            "roe": 3.85,
            "roe_4q": 16.119999999999997,
            "gross_profit": 142587,
            "gross_margin": 34.52,
            "gross_margin_4q_avg": 35.76,
            "net_income": 62938,
            "revenue": 413045,
            "common_shares": 601815,
            "book_valuer_per_share": 27.73,
            "book_valuer_per_share_4q_avg": 26.88,
            "equity": 1668929,
            "current_ratio": 477.27,
            "debt_ratio": 14.52,
            "inventory_turnover_ratio": 1.24,
            "account_receivable_turnover_ratio": 1.93,
            "reinvestment_rate": 9.12,
            "research_to_sale_ratio": 9.75,
            "price_fair": 76.51,
            "eps_avg_yearly": 4.01,
            "eps_latest_yearly": 4.2,
            "eps_growth_yearly": 9.1
        },
        "20151": {
            "year_quarter": 20151,
            "year": 2015,
            "quarter": 1,
            "eps": 0.86,
            "eps_growth_year": -4.44,
            "eps_4q": 3.98,
            "eps_4q_growth_year": -6.78,
            "roe": 3.05,
            "roe_4q": 15.83,
            "gross_profit": 136247,
            "gross_margin": 35.74,
            "gross_margin_4q_avg": 35.97,
            "net_income": 51649,
            "revenue": 381247,
            "common_shares": 601815,
            "book_valuer_per_share": 28.6,
            "book_valuer_per_share_4q_avg": 27.14,
            "equity": 1721417,
            "current_ratio": 516.74,
            "debt_ratio": 13.48,
            "inventory_turnover_ratio": 1.21,
            "account_receivable_turnover_ratio": 1.96,
            "reinvestment_rate": 4.03,
            "research_to_sale_ratio": 9.09,
            "price_fair": 66.4,
            "eps_avg_yearly": 3.93,
            "eps_latest_yearly": 3.44,
            "eps_growth_yearly": 6.91
        },
        "20152": {
            "year_quarter": 20152,
            "year": 2015,
            "quarter": 2,
            "eps": 0.76,
            "eps_growth_year": -16.48,
            "eps_4q": 3.9,
            "eps_4q_growth_year": 1.74,
            "roe": 2.82,
            "roe_4q": 14.87,
            "gross_profit": 132838,
            "gross_margin": 36.3,
            "gross_margin_4q_avg": 36.1,
            "net_income": 45872,
            "revenue": 365977,
            "common_shares": 601815,
            "book_valuer_per_share": 25.4,
            "book_valuer_per_share_4q_avg": 27.1,
            "equity": 1528346,
            "current_ratio": 287.57,
            "debt_ratio": 24.51,
            "inventory_turnover_ratio": 1.16,
            "account_receivable_turnover_ratio": 2.01,
            "reinvestment_rate": 8.95,
            "research_to_sale_ratio": 9.13,
            "price_fair": 93.88,
            "eps_avg_yearly": 3.94,
            "eps_latest_yearly": 3.04,
            "eps_growth_yearly": 13.83
        },
        "20153": {
            "year_quarter": 20153,
            "year": 2015,
            "quarter": 3,
            "eps": 0.91,
            "eps_growth_year": -31.58,
            "eps_4q": 3.58,
            "eps_4q_growth_year": -4.93,
            "roe": 3.54,
            "roe_4q": 13.26,
            "gross_profit": 128170,
            "gross_margin": 40.05,
            "gross_margin_4q_avg": 36.65,
            "net_income": 55017,
            "revenue": 319991,
            "common_shares": 601815,
            "book_valuer_per_share": 26.32,
            "book_valuer_per_share_4q_avg": 27.01,
            "equity": 1583884,
            "current_ratio": 513.15,
            "debt_ratio": 13.22,
            "inventory_turnover_ratio": 0.94,
            "account_receivable_turnover_ratio": 1.83,
            "reinvestment_rate": 7.46,
            "research_to_sale_ratio": 9.64,
            "price_fair": 65.57,
            "eps_avg_yearly": 3.91,
            "eps_latest_yearly": 3.64,
            "eps_growth_yearly": 6.79
        },
        "20154": {
            "year_quarter": 20154,
            "year": 2015,
            "quarter": 4,
            "eps": 0.99,
            "eps_growth_year": -5.71,
            "eps_4q": 3.52,
            "eps_4q_growth_year": -9.12,
            "roe": 3.68,
            "roe_4q": 13.09,
            "gross_profit": 183529,
            "gross_margin": 40.78,
            "gross_margin_4q_avg": 38.22,
            "net_income": 59342,
            "revenue": 450007,
            "common_shares": 601815,
            "book_valuer_per_share": 27.31,
            "book_valuer_per_share_4q_avg": 26.91,
            "equity": 1643780,
            "current_ratio": 500.91,
            "debt_ratio": 13.83,
            "inventory_turnover_ratio": 1.37,
            "account_receivable_turnover_ratio": 3.01,
            "reinvestment_rate": 7.61,
            "research_to_sale_ratio": 8.29,
            "price_fair": 88.6,
            "eps_avg_yearly": 3.93,
            "eps_latest_yearly": 3.96,
            "eps_growth_yearly": 12.56
        },
        "20161": {
            "year_quarter": 20161,
            "year": 2016,
            "quarter": 1,
            "eps": 0.81,
            "eps_growth_year": -5.81,
            "eps_4q": 3.47,
            "eps_4q_growth_year": -12.71,
            "roe": 2.92,
            "roe_4q": 12.96,
            "gross_profit": 132760,
            "gross_margin": 39,
            "gross_margin_4q_avg": 39.03,
            "net_income": 48744,
            "revenue": 340383,
            "common_shares": 601815,
            "book_valuer_per_share": 28.17,
            "book_valuer_per_share_4q_avg": 26.8,
            "equity": 1695021,
            "current_ratio": 577.64,
            "debt_ratio": 12.05,
            "inventory_turnover_ratio": 1.14,
            "account_receivable_turnover_ratio": 2.64,
            "reinvestment_rate": -0.4,
            "research_to_sale_ratio": 9.99,
            "price_fair": 78.29,
            "eps_avg_yearly": 3.92,
            "eps_latest_yearly": 3.24,
            "eps_growth_yearly": 9.96
        },
        "20162": {
            "year_quarter": 20162,
            "year": 2016,
            "quarter": 2,
            "eps": 0.92,
            "eps_growth_year": 21.05,
            "eps_4q": 3.63,
            "eps_4q_growth_year": -6.95,
            "roe": 3.42,
            "roe_4q": 13.559999999999999,
            "gross_profit": 135630,
            "gross_margin": 40.6,
            "gross_margin_4q_avg": 40.11,
            "net_income": 55416,
            "revenue": 334090,
            "common_shares": 601815,
            "book_valuer_per_share": 25.67,
            "book_valuer_per_share_4q_avg": 26.87,
            "equity": 1544918,
            "current_ratio": 309.12,
            "debt_ratio": 22.92,
            "inventory_turnover_ratio": 1.07,
            "account_receivable_turnover_ratio": 2.32,
            "reinvestment_rate": -10.24,
            "research_to_sale_ratio": 10.7,
            "price_fair": 76.05,
            "eps_avg_yearly": 3.91,
            "eps_latest_yearly": 3.68,
            "eps_growth_yearly": 9.44
        },
        "20163": {
            "year_quarter": 20163,
            "year": 2016,
            "quarter": 3,
            "eps": 0.64,
            "eps_growth_year": -29.67,
            "eps_4q": 3.36,
            "eps_4q_growth_year": -6.3,
            "roe": 2.45,
            "roe_4q": 12.469999999999999,
            "gross_profit": 119983,
            "gross_margin": 38.57,
            "gross_margin_4q_avg": 39.74,
            "net_income": 38408,
            "revenue": 311096,
            "common_shares": 601815,
            "book_valuer_per_share": 26.34,
            "book_valuer_per_share_4q_avg": 26.87,
            "equity": 1584986,
            "current_ratio": 503.46,
            "debt_ratio": 13.55,
            "inventory_turnover_ratio": 0.93,
            "account_receivable_turnover_ratio": 2.07,
            "reinvestment_rate": -0.53,
            "research_to_sale_ratio": 11.19,
            "price_fair": 53.6,
            "eps_avg_yearly": 3.85,
            "eps_latest_yearly": 2.56,
            "eps_growth_yearly": 3.91
        },
        "20164": {
            "year_quarter": 20164,
            "year": 2016,
            "quarter": 4,
            "eps": 0.69,
            "eps_growth_year": -29.59,
            "eps_4q": 3.06,
            "eps_4q_growth_year": -12.99,
            "roe": 2.61,
            "roe_4q": 11.4,
            "gross_profit": 128298,
            "gross_margin": 35.53,
            "gross_margin_4q_avg": 38.43,
            "net_income": 41780,
            "revenue": 361118,
            "common_shares": 601815,
            "book_valuer_per_share": 26.94,
            "book_valuer_per_share_4q_avg": 26.78,
            "equity": 1621319,
            "current_ratio": 436.21,
            "debt_ratio": 15.94,
            "inventory_turnover_ratio": 1.01,
            "account_receivable_turnover_ratio": 2.82,
            "reinvestment_rate": 1.31,
            "research_to_sale_ratio": 11.33,
            "price_fair": 81.92,
            "eps_avg_yearly": 3.85,
            "eps_latest_yearly": 2.76,
            "eps_growth_yearly": 11.26
        },
        "20171": {
            "year_quarter": 20171,
            "year": 2017,
            "quarter": 1,
            "eps": 0.5,
            "eps_growth_year": -38.27,
            "eps_4q": 2.76,
            "eps_4q_growth_year": -20.64,
            "roe": 1.85,
            "roe_4q": 10.33,
            "gross_profit": 122724,
            "gross_margin": 34.98,
            "gross_margin_4q_avg": 37.42,
            "net_income": 30230,
            "revenue": 350804,
            "common_shares": 601815,
            "book_valuer_per_share": 27.39,
            "book_valuer_per_share_4q_avg": 26.59,
            "equity": 1648585,
            "current_ratio": 514.73,
            "debt_ratio": 13.53,
            "inventory_turnover_ratio": 0.94,
            "account_receivable_turnover_ratio": 2.54,
            "reinvestment_rate": 0.2,
            "research_to_sale_ratio": 9.28,
            "price_fair": 11.05,
            "eps_avg_yearly": 3.68,
            "eps_latest_yearly": 2,
            "eps_growth_yearly": -13.37
        },
        "20172": {
            "year_quarter": 20172,
            "year": 2017,
            "quarter": 2,
            "eps": 0.49,
            "eps_growth_year": -46.74,
            "eps_4q": 2.32,
            "eps_4q_growth_year": -36.1,
            "roe": 1.86,
            "roe_4q": 8.77,
            "gross_profit": 113351,
            "gross_margin": 34.06,
            "gross_margin_4q_avg": 35.79,
            "net_income": 29217,
            "revenue": 332782,
            "common_shares": 601815,
            "book_valuer_per_share": 24.87,
            "book_valuer_per_share_4q_avg": 26.39,
            "equity": 1496523,
            "current_ratio": 302.94,
            "debt_ratio": 23.25,
            "inventory_turnover_ratio": 0.83,
            "account_receivable_turnover_ratio": 2.26,
            "reinvestment_rate": -0.93,
            "research_to_sale_ratio": 10.6,
            "price_fair": 10.58,
            "eps_avg_yearly": 3.53,
            "eps_latest_yearly": 1.96,
            "eps_growth_yearly": -12.39
        },
        "20173": {
            "year_quarter": 20173,
            "year": 2017,
            "quarter": 3,
            "eps": 0.52,
            "eps_growth_year": -18.75,
            "eps_4q": 2.21,
            "eps_4q_growth_year": -34.23,
            "roe": 2.09,
            "roe_4q": 8.41,
            "gross_profit": 115939,
            "gross_margin": 33.66,
            "gross_margin_4q_avg": 34.56,
            "net_income": 31567,
            "revenue": 344393,
            "common_shares": 601815,
            "book_valuer_per_share": 25.37,
            "book_valuer_per_share_4q_avg": 26.14,
            "equity": 1526709,
            "current_ratio": 466.67,
            "debt_ratio": 14.68,
            "inventory_turnover_ratio": 0.84,
            "account_receivable_turnover_ratio": 2.58,
            "reinvestment_rate": -1.31,
            "research_to_sale_ratio": 10.33,
            "price_fair": 10.06,
            "eps_avg_yearly": 3.35,
            "eps_latest_yearly": 2.08,
            "eps_growth_yearly": -13.34
        },
        "20174": {
            "year_quarter": 20174,
            "year": 2017,
            "quarter": 4,
            "eps": 0.6,
            "eps_growth_year": -13.24,
            "eps_4q": 1.86,
            "eps_4q_growth_year": -39.17,
            "roe": 2.39,
            "roe_4q": 8.190000000000001,
            "gross_profit": 135044,
            "gross_margin": 34.9,
            "gross_margin_4q_avg": 34.4,
            "net_income": 43478,
            "revenue": 386907,
            "common_shares": 721815,
            "book_valuer_per_share": 29.18,
            "book_valuer_per_share_4q_avg": 26.7,
            "equity": 2106313,
            "current_ratio": 524.42,
            "debt_ratio": 14.82,
            "inventory_turnover_ratio": 0.93,
            "account_receivable_turnover_ratio": 2.71,
            "reinvestment_rate": -1.6,
            "research_to_sale_ratio": 9.63,
            "price_fair": 9.66,
            "eps_avg_yearly": 3.22,
            "eps_latest_yearly": 2.4,
            "eps_growth_yearly": -7.65
        },
        "20181": {
            "year_quarter": 20181,
            "year": 2018,
            "quarter": 1,
            "eps": 0.6,
            "eps_growth_year": 20,
            "eps_4q": 2.05,
            "eps_4q_growth_year": -25.78,
            "roe": 2.05,
            "roe_4q": 8.389999999999999,
            "gross_profit": 130499,
            "gross_margin": 33.53,
            "gross_margin_4q_avg": 34.04,
            "net_income": 43365,
            "revenue": 389209,
            "common_shares": 721815,
            "book_valuer_per_share": 29.36,
            "book_valuer_per_share_4q_avg": 27.2,
            "equity": 2118895,
            "current_ratio": 659.54,
            "debt_ratio": 11.92,
            "inventory_turnover_ratio": 0.92,
            "account_receivable_turnover_ratio": 2.29,
            "reinvestment_rate": -5.66,
            "research_to_sale_ratio": 8.93,
            "price_fair": 9.44,
            "eps_avg_yearly": 3.15,
            "eps_latest_yearly": 2.4,
            "eps_growth_yearly": -2.56
        },
        "20182": {
            "year_quarter": 20182,
            "year": 2018,
            "quarter": 2,
            "eps": 0.65,
            "eps_growth_year": 32.65,
            "eps_4q": 2.29,
            "eps_4q_growth_year": -1.22,
            "roe": 2.29,
            "roe_4q": 8.82,
            "gross_profit": 130172,
            "gross_margin": 33.07,
            "gross_margin_4q_avg": 33.79,
            "net_income": 47017,
            "revenue": 393626,
            "common_shares": 721815,
            "book_valuer_per_share": 27.57,
            "book_valuer_per_share_4q_avg": 27.87,
            "equity": 1989812,
            "current_ratio": 351.61,
            "debt_ratio": 22.68,
            "inventory_turnover_ratio": 0.9,
            "account_receivable_turnover_ratio": 1.92,
            "reinvestment_rate": -6.19,
            "research_to_sale_ratio": 9.63,
            "price_fair": 9.24,
            "eps_avg_yearly": 3.08,
            "eps_latest_yearly": 2.6,
            "eps_growth_yearly": -0.75
        },
        "20183": {
            "year_quarter": 20183,
            "year": 2018,
            "quarter": 3,
            "eps": 0.62,
            "eps_growth_year": 19.23,
            "eps_4q": 2.48,
            "eps_4q_growth_year": 12.31,
            "roe": 2.24,
            "roe_4q": 8.97,
            "gross_profit": 131470,
            "gross_margin": 36.96,
            "gross_margin_4q_avg": 34.62,
            "net_income": 45021,
            "revenue": 355694,
            "common_shares": 721815,
            "book_valuer_per_share": 28.09,
            "book_valuer_per_share_4q_avg": 28.55,
            "equity": 2027839,
            "current_ratio": 526.63,
            "debt_ratio": 14.87,
            "inventory_turnover_ratio": 0.73,
            "account_receivable_turnover_ratio": 1.79,
            "reinvestment_rate": -3.6,
            "research_to_sale_ratio": 10.3,
            "price_fair": 8.71,
            "eps_avg_yearly": 2.9,
            "eps_latest_yearly": 2.48,
            "eps_growth_yearly": -13.45
        },
        "20184": {
            "year_quarter": 20184,
            "year": 2018,
            "quarter": 4,
            "eps": 0.96,
            "eps_growth_year": 60.13,
            "eps_4q": 2.84,
            "eps_4q_growth_year": 52.44,
            "roe": 3.38,
            "roe_4q": 9.96,
            "gross_profit": 161015,
            "gross_margin": 37.72,
            "gross_margin_4q_avg": 35.32,
            "net_income": 69623,
            "revenue": 426824,
            "common_shares": 721815,
            "book_valuer_per_share": 29.05,
            "book_valuer_per_share_4q_avg": 28.52,
            "equity": 2096651,
            "current_ratio": 491.77,
            "debt_ratio": 16.2,
            "inventory_turnover_ratio": 0.89,
            "account_receivable_turnover_ratio": 2.24,
            "reinvestment_rate": -3.78,
            "research_to_sale_ratio": 9.52,
            "price_fair": 44.72,
            "eps_avg_yearly": 2.88,
            "eps_latest_yearly": 3.84,
            "eps_growth_yearly": 5.53
        },
        "20191": {
            "year_quarter": 20191,
            "year": 2019,
            "quarter": 1,
            "eps": 0.8,
            "eps_growth_year": 33.33,
            "eps_4q": 3.03,
            "eps_4q_growth_year": 48.38,
            "roe": 2.7,
            "roe_4q": 10.61,
            "gross_profit": 146175,
            "gross_margin": 36.42,
            "gross_margin_4q_avg": 36.04,
            "net_income": 57394,
            "revenue": 401343,
            "common_shares": 721815,
            "book_valuer_per_share": 29.86,
            "book_valuer_per_share_4q_avg": 28.64,
            "equity": 2155067,
            "current_ratio": 503.05,
            "debt_ratio": 16.01,
            "inventory_turnover_ratio": 0.9,
            "account_receivable_turnover_ratio": 1.93,
            "reinvestment_rate": -3.39,
            "research_to_sale_ratio": 8.13,
            "price_fair": 45.51,
            "eps_avg_yearly": 2.87,
            "eps_latest_yearly": 3.2,
            "eps_growth_yearly": 5.88
        },
        "20192": {
            "year_quarter": 20192,
            "year": 2019,
            "quarter": 2,
            "eps": 0.96,
            "eps_growth_year": 47.69,
            "eps_4q": 3.34,
            "eps_4q_growth_year": 45.69,
            "roe": 3.28,
            "roe_4q": 11.6,
            "gross_profit": 167322,
            "gross_margin": 37.48,
            "gross_margin_4q_avg": 37.15,
            "net_income": 68972,
            "revenue": 446471,
            "common_shares": 721815,
            "book_valuer_per_share": 28.37,
            "book_valuer_per_share_4q_avg": 28.84,
            "equity": 2047637,
            "current_ratio": 334.51,
            "debt_ratio": 24.35,
            "inventory_turnover_ratio": 1,
            "account_receivable_turnover_ratio": 2.02,
            "reinvestment_rate": -7.87,
            "research_to_sale_ratio": 8.69,
            "price_fair": 69.35,
            "eps_avg_yearly": 2.92,
            "eps_latest_yearly": 3.84,
            "eps_growth_yearly": 13.79
        },
        "20193": {
            "year_quarter": 20193,
            "year": 2019,
            "quarter": 3,
            "eps": 0.84,
            "eps_growth_year": 35.48,
            "eps_4q": 3.55,
            "eps_4q_growth_year": 43.31,
            "roe": 2.91,
            "roe_4q": 12.27,
            "gross_profit": 153537,
            "gross_margin": 37.31,
            "gross_margin_4q_avg": 37.23,
            "net_income": 60362,
            "revenue": 411502,
            "common_shares": 721815,
            "book_valuer_per_share": 29.2,
            "book_valuer_per_share_4q_avg": 29.12,
            "equity": 2107766,
            "current_ratio": 310.93,
            "debt_ratio": 20.05,
            "inventory_turnover_ratio": 0.85,
            "account_receivable_turnover_ratio": 1.84,
            "reinvestment_rate": -5.81,
            "research_to_sale_ratio": 8.99,
            "price_fair": 45.58,
            "eps_avg_yearly": 2.9,
            "eps_latest_yearly": 3.36,
            "eps_growth_yearly": 5.73
        },
        "20194": {
            "year_quarter": 20194,
            "year": 2019,
            "quarter": 4,
            "eps": 0.75,
            "eps_growth_year": -21.75,
            "eps_4q": 3.34,
            "eps_4q_growth_year": 17.64,
            "roe": 2.55,
            "roe_4q": 11.440000000000001,
            "gross_profit": 149089,
            "gross_margin": 36.7,
            "gross_margin_4q_avg": 36.98,
            "net_income": 54483,
            "revenue": 406279,
            "common_shares": 721815,
            "book_valuer_per_share": 29.91,
            "book_valuer_per_share_4q_avg": 29.34,
            "equity": 2159150,
            "current_ratio": 462.22,
            "debt_ratio": 13.12,
            "inventory_turnover_ratio": 0.88,
            "account_receivable_turnover_ratio": 2.01,
            "reinvestment_rate": -7.25,
            "research_to_sale_ratio": 8.86,
            "price_fair": 28.38,
            "eps_avg_yearly": 2.84,
            "eps_latest_yearly": 3,
            "eps_growth_yearly": 0.86
        },
        "20201": {
            "year_quarter": 20201,
            "year": 2020,
            "quarter": 1,
            "eps": 0.73,
            "eps_growth_year": -8.75,
            "eps_4q": 3.27,
            "eps_4q_growth_year": 7.88,
            "roe": 2.41,
            "roe_4q": 11.15,
            "gross_profit": 136144,
            "gross_margin": 38.9,
            "gross_margin_4q_avg": 37.6,
            "net_income": 52515,
            "revenue": 349988,
            "common_shares": 721880,
            "book_valuer_per_share": 30.43,
            "book_valuer_per_share_4q_avg": 29.48,
            "equity": 2196436,
            "current_ratio": 442.66,
            "debt_ratio": 13.8,
            "inventory_turnover_ratio": 0.79,
            "account_receivable_turnover_ratio": 1.99,
            "reinvestment_rate": 53.55,
            "research_to_sale_ratio": 9.32,
            "price_fair": 41.51,
            "eps_avg_yearly": 2.82,
            "eps_latest_yearly": 2.92,
            "eps_growth_yearly": 4.73
        },
        "20202": {
            "year_quarter": 20202,
            "year": 2020,
            "quarter": 2,
            "eps": 0.8,
            "eps_growth_year": -16.67,
            "eps_4q": 3.12,
            "eps_4q_growth_year": -6.7,
            "roe": 2.72,
            "roe_4q": 10.59,
            "gross_profit": 143002,
            "gross_margin": 38.5,
            "gross_margin_4q_avg": 37.85,
            "net_income": 57627,
            "revenue": 371456,
            "common_shares": 721880,
            "book_valuer_per_share": 28.35,
            "book_valuer_per_share_4q_avg": 29.47,
            "equity": 2047544,
            "current_ratio": 263.02,
            "debt_ratio": 23.76,
            "inventory_turnover_ratio": 0.69,
            "account_receivable_turnover_ratio": 2.27,
            "reinvestment_rate": 54.53,
            "research_to_sale_ratio": 10.34,
            "price_fair": 38.29,
            "eps_avg_yearly": 2.79,
            "eps_latest_yearly": 3.2,
            "eps_growth_yearly": 3.74
        },
        "20203": {
            "year_quarter": 20203,
            "year": 2020,
            "quarter": 3,
            "eps": 1.05,
            "eps_growth_year": 25,
            "eps_4q": 3.33,
            "eps_4q_growth_year": -6.38,
            "roe": 3.64,
            "roe_4q": 11.32,
            "gross_profit": 182130,
            "gross_margin": 32.77,
            "gross_margin_4q_avg": 36.72,
            "net_income": 76068,
            "revenue": 555825,
            "common_shares": 721880,
            "book_valuer_per_share": 29.46,
            "book_valuer_per_share_4q_avg": 29.54,
            "equity": 2132655,
            "current_ratio": 332.09,
            "debt_ratio": 18.52,
            "inventory_turnover_ratio": 0.93,
            "account_receivable_turnover_ratio": 2.98,
            "reinvestment_rate": 51.6,
            "research_to_sale_ratio": 7.61,
            "price_fair": 84.27,
            "eps_avg_yearly": 2.89,
            "eps_latest_yearly": 4.2,
            "eps_growth_yearly": 19.16
        },
        "20204": {
            "year_quarter": 20204,
            "year": 2020,
            "quarter": 4,
            "eps": 0.96,
            "eps_growth_year": 27.72,
            "eps_4q": 3.53,
            "eps_4q_growth_year": 5.75,
            "roe": 3.22,
            "roe_4q": 11.99,
            "gross_profit": 183731,
            "gross_margin": 32.33,
            "gross_margin_4q_avg": 35.63,
            "net_income": 69852,
            "revenue": 568256,
            "common_shares": 723660,
            "book_valuer_per_share": 30.39,
            "book_valuer_per_share_4q_avg": 29.66,
            "equity": 2202109,
            "current_ratio": 311.02,
            "debt_ratio": 20.36,
            "inventory_turnover_ratio": 0.89,
            "account_receivable_turnover_ratio": 2.59,
            "reinvestment_rate": 48.72,
            "research_to_sale_ratio": 7.86,
            "price_fair": 74.12,
            "eps_avg_yearly": 2.96,
            "eps_latest_yearly": 3.84,
            "eps_growth_yearly": 15.06
        },
        "20211": {
            "year_quarter": 20211,
            "year": 2021,
            "quarter": 1,
            "eps": 1.13,
            "eps_growth_year": 54.79,
            "eps_4q": 3.94,
            "eps_4q_growth_year": 20.28,
            "roe": 3.64,
            "roe_4q": 13.22,
            "gross_profit": 200438,
            "gross_margin": 34.28,
            "gross_margin_4q_avg": 34.47,
            "net_income": 81844,
            "revenue": 584698,
            "common_shares": 724660,
            "book_valuer_per_share": 31.71,
            "book_valuer_per_share_4q_avg": 29.98,
            "equity": 2298237,
            "current_ratio": 456.27,
            "debt_ratio": 30.05,
            "inventory_turnover_ratio": 0.86,
            "account_receivable_turnover_ratio": 2.06,
            "reinvestment_rate": 46.27,
            "research_to_sale_ratio": 7.23,
            "price_fair": 109.03,
            "eps_avg_yearly": 3.12,
            "eps_latest_yearly": 4.52,
            "eps_growth_yearly": 26.37
        },
        "20212": {
            "year_quarter": 20212,
            "year": 2021,
            "quarter": 2,
            "eps": 1.33,
            "eps_growth_year": 66.25,
            "eps_4q": 4.47,
            "eps_4q_growth_year": 43.47,
            "roe": 4.36,
            "roe_4q": 14.860000000000001,
            "gross_profit": 209442,
            "gross_margin": 34.27,
            "gross_margin_4q_avg": 33.41,
            "net_income": 96157,
            "revenue": 611139,
            "common_shares": 724760,
            "book_valuer_per_share": 29.1,
            "book_valuer_per_share_4q_avg": 30.17,
            "equity": 2108856,
            "current_ratio": 288.72,
            "debt_ratio": 38.59,
            "inventory_turnover_ratio": 0.86,
            "account_receivable_turnover_ratio": 1.82,
            "reinvestment_rate": 45.18,
            "research_to_sale_ratio": 7.15,
            "price_fair": 116.38,
            "eps_avg_yearly": 3.33,
            "eps_latest_yearly": 5.32,
            "eps_growth_yearly": 31.3
        },
        "20213": {
            "year_quarter": 20213,
            "year": 2021,
            "quarter": 3,
            "eps": 1.55,
            "eps_growth_year": 47.62,
            "eps_4q": 4.96,
            "eps_4q_growth_year": 49.3,
            "roe": 5.2,
            "roe_4q": 16.42,
            "gross_profit": 233983,
            "gross_margin": 34.26,
            "gross_margin_4q_avg": 33.79,
            "net_income": 112095,
            "revenue": 683009,
            "common_shares": 724760,
            "book_valuer_per_share": 30.42,
            "book_valuer_per_share_4q_avg": 30.41,
            "equity": 2205811,
            "current_ratio": 389.11,
            "debt_ratio": 32.39,
            "inventory_turnover_ratio": 0.86,
            "account_receivable_turnover_ratio": 2.08,
            "reinvestment_rate": 42.45,
            "research_to_sale_ratio": 6.78,
            "price_fair": 125.39,
            "eps_avg_yearly": 3.58,
            "eps_latest_yearly": 6.2,
            "eps_growth_yearly": 33.9
        },
        "20214": {
            "year_quarter": 20214,
            "year": 2021,
            "quarter": 4,
            "eps": 1.03,
            "eps_growth_year": 6.7,
            "eps_4q": 5.03,
            "eps_4q_growth_year": 42.29,
            "roe": 3.32,
            "roe_4q": 16.52,
            "gross_profit": 194250,
            "gross_margin": 31.19,
            "gross_margin_4q_avg": 33.5,
            "net_income": 74610,
            "revenue": 622781,
            "common_shares": 725060,
            "book_valuer_per_share": 31.53,
            "book_valuer_per_share_4q_avg": 30.69,
            "equity": 2287487,
            "current_ratio": 313.25,
            "debt_ratio": 35.2,
            "inventory_turnover_ratio": 0.74,
            "account_receivable_turnover_ratio": 1.99,
            "reinvestment_rate": 41.89,
            "research_to_sale_ratio": 6.86,
            "price_fair": 116.86,
            "eps_avg_yearly": 3.69,
            "eps_latest_yearly": 4.12,
            "eps_growth_yearly": 21.67
        },
        "20221": {
            "year_quarter": 20221,
            "year": 2022,
            "quarter": 1,
            "eps": 1.19,
            "eps_growth_year": 5.31,
            "eps_4q": 5.08,
            "eps_4q_growth_year": 29.11,
            "roe": 3.69,
            "roe_4q": 16.57,
            "gross_profit": 187464,
            "gross_margin": 31.9,
            "gross_margin_4q_avg": 32.91,
            "net_income": 86337,
            "revenue": 587714,
            "common_shares": 725390,
            "book_valuer_per_share": 32.93,
            "book_valuer_per_share_4q_avg": 31,
            "equity": 2391627,
            "current_ratio": 210.66,
            "debt_ratio": 31.15,
            "inventory_turnover_ratio": 0.64,
            "account_receivable_turnover_ratio": 1.59,
            "reinvestment_rate": 43.12,
            "research_to_sale_ratio": 7.12,
            "price_fair": 134.31,
            "eps_avg_yearly": 3.84,
            "eps_latest_yearly": 4.76,
            "eps_growth_yearly": 25.55
        },
        "20222": {
            "year_quarter": 20222,
            "year": 2022,
            "quarter": 2,
            "eps": 1.28,
            "eps_growth_year": -3.76,
            "eps_4q": 5.04,
            "eps_4q_growth_year": 12.85,
            "roe": 4.07,
            "roe_4q": 16.28,
            "gross_profit": 201549,
            "gross_margin": 33.21,
            "gross_margin_4q_avg": 32.64,
            "net_income": 93223,
            "revenue": 606922,
            "common_shares": 726175,
            "book_valuer_per_share": 30.19,
            "book_valuer_per_share_4q_avg": 31.27,
            "equity": 2192578,
            "current_ratio": 165.75,
            "debt_ratio": 39.42,
            "inventory_turnover_ratio": 0.61,
            "account_receivable_turnover_ratio": 1.56,
            "reinvestment_rate": 41.72,
            "research_to_sale_ratio": 7.43,
            "price_fair": 139.83,
            "eps_avg_yearly": 4,
            "eps_latest_yearly": 5.12,
            "eps_growth_yearly": 25.36
        },
        "20223": {
            "year_quarter": 20223,
            "year": 2022,
            "quarter": 3,
            "eps": 2.24,
            "eps_growth_year": 44.52,
            "eps_4q": 5.74,
            "eps_4q_growth_year": 15.66,
            "roe": 7.14,
            "roe_4q": 18.22,
            "gross_profit": 280633,
            "gross_margin": 36.73,
            "gross_margin_4q_avg": 33.26,
            "net_income": 162784,
            "revenue": 763959,
            "common_shares": 726175,
            "book_valuer_per_share": 32.56,
            "book_valuer_per_share_4q_avg": 31.8,
            "equity": 2364417,
            "current_ratio": 192.86,
            "debt_ratio": 32.81,
            "inventory_turnover_ratio": 0.73,
            "account_receivable_turnover_ratio": 1.93,
            "reinvestment_rate": 37.53,
            "research_to_sale_ratio": 6.92,
            "price_fair": 154,
            "eps_avg_yearly": 4.4,
            "eps_latest_yearly": 8.96,
            "eps_growth_yearly": 45.26
        },
        "20224": {
            "year_quarter": 20224,
            "year": 2022,
            "quarter": 4,
            "eps": 1.5,
            "eps_growth_year": 46.21,
            "eps_4q": 6.18,
            "eps_4q_growth_year": 22.93,
            "roe": 4.49,
            "roe_4q": 19.39,
            "gross_profit": 273196,
            "gross_margin": 38.99,
            "gross_margin_4q_avg": 35.21,
            "net_income": 110085,
            "revenue": 700701,
            "common_shares": 726175,
            "book_valuer_per_share": 34.97,
            "book_valuer_per_share_4q_avg": 32.66,
            "equity": 2539295,
            "current_ratio": 199.67,
            "debt_ratio": 32.56,
            "inventory_turnover_ratio": 0.67,
            "account_receivable_turnover_ratio": 1.57,
            "reinvestment_rate": 36.7,
            "research_to_sale_ratio": 6.42,
            "price_fair": 150.99,
            "eps_avg_yearly": 4.54,
            "eps_latest_yearly": 6,
            "eps_growth_yearly": 23.3
        },
        "20231": {
            "year_quarter": 20231,
            "year": 2023,
            "quarter": 1,
            "eps": 1.51,
            "eps_growth_year": 26.89,
            "eps_4q": 6.24,
            "eps_4q_growth_year": 22.78,
            "roe": 4.35,
            "roe_4q": 20.05,
            "gross_profit": 240131,
            "gross_margin": 38.36,
            "gross_margin_4q_avg": 36.82,
            "net_income": 110206,
            "revenue": 626040,
            "common_shares": 732043,
            "book_valuer_per_share": 34.56,
            "book_valuer_per_share_4q_avg": 33.07,
            "equity": 2529831,
            "current_ratio": 199.24,
            "debt_ratio": 31.81,
            "inventory_turnover_ratio": 0.63,
            "account_receivable_turnover_ratio": 1.56,
            "reinvestment_rate": 34.84,
            "research_to_sale_ratio": 6.6,
            "price_fair": 164.94,
            "eps_avg_yearly": 4.71,
            "eps_latest_yearly": 6.04,
            "eps_growth_yearly": 27.63
        }
    },
    "months": {
        "2005-01": {
            "month": "2005-01",
            "price": "22.25",
            "revenue": 41986
        },
        "2005-02": {
            "month": "2005-02",
            "price": "22.10",
            "revenue": 39813
        },
        "2005-03": {
            "month": "2005-03",
            "price": "22.32",
            "revenue": 48858
        },
        "2005-04": {
            "month": "2005-04",
            "price": "22.90",
            "revenue": 46065
        },
        "2005-05": {
            "month": "2005-05",
            "price": "22.76",
            "revenue": 56889
        },
        "2005-06": {
            "month": "2005-06",
            "price": "24.98",
            "revenue": 77308
        },
        "2005-07": {
            "month": "2005-07",
            "price": "34.42",
            "revenue": 49527
        },
        "2005-08": {
            "month": "2005-08",
            "price": "37.03",
            "revenue": 55311
        },
        "2005-09": {
            "month": "2005-09",
            "price": "35.56",
            "revenue": 54717
        },
        "2005-10": {
            "month": "2005-10",
            "price": "36.03",
            "revenue": 67061
        },
        "2005-11": {
            "month": "2005-11",
            "price": "37.32",
            "revenue": 72288
        },
        "2005-12": {
            "month": "2005-12",
            "price": "39.70",
            "revenue": 57478
        },
        "2006-01": {
            "month": "2006-01",
            "price": "43.86",
            "revenue": 64494
        },
        "2006-02": {
            "month": "2006-02",
            "price": "48.70",
            "revenue": 51923
        },
        "2006-03": {
            "month": "2006-03",
            "price": "51.19",
            "revenue": 76259
        },
        "2006-04": {
            "month": "2006-04",
            "price": "66.77",
            "revenue": 69727
        },
        "2006-05": {
            "month": "2006-05",
            "price": "89.35",
            "revenue": 75419
        },
        "2006-06": {
            "month": "2006-06",
            "price": "83.91",
            "revenue": 63745
        },
        "2006-07": {
            "month": "2006-07",
            "price": "75.68",
            "revenue": 77464
        },
        "2006-08": {
            "month": "2006-08",
            "price": "77.55",
            "revenue": 73502
        },
        "2006-09": {
            "month": "2006-09",
            "price": "77.06",
            "revenue": 70914
        },
        "2006-10": {
            "month": "2006-10",
            "price": "71.09",
            "revenue": 82272
        },
        "2006-11": {
            "month": "2006-11",
            "price": "70.44",
            "revenue": 74737
        },
        "2006-12": {
            "month": "2006-12",
            "price": "69.54",
            "revenue": 73567
        },
        "2007-01": {
            "month": "2007-01",
            "price": "71.41",
            "revenue": 81848
        },
        "2007-02": {
            "month": "2007-02",
            "price": "77.55",
            "revenue": 48946
        },
        "2007-03": {
            "month": "2007-03",
            "price": "84.76",
            "revenue": 103459
        },
        "2007-04": {
            "month": "2007-04",
            "price": "94.69",
            "revenue": 81280
        },
        "2007-05": {
            "month": "2007-05",
            "price": "109.88",
            "revenue": 102247
        },
        "2007-06": {
            "month": "2007-06",
            "price": "148.42",
            "revenue": 85005
        },
        "2007-07": {
            "month": "2007-07",
            "price": "159.13",
            "revenue": 92093
        },
        "2007-08": {
            "month": "2007-08",
            "price": "148.79",
            "revenue": 100451
        },
        "2007-09": {
            "month": "2007-09",
            "price": "105.33",
            "revenue": 94397
        },
        "2007-10": {
            "month": "2007-10",
            "price": "110.70",
            "revenue": 109178
        },
        "2007-11": {
            "month": "2007-11",
            "price": "111.27",
            "revenue": 103374
        },
        "2007-12": {
            "month": "2007-12",
            "price": "101.37",
            "revenue": 112725
        },
        "2008-01": {
            "month": "2008-01",
            "price": "88.38",
            "revenue": 106475
        },
        "2008-02": {
            "month": "2008-02",
            "price": "87.98",
            "revenue": 93586
        },
        "2008-03": {
            "month": "2008-03",
            "price": "94.84",
            "revenue": 135259
        },
        "2008-04": {
            "month": "2008-04",
            "price": "113.52",
            "revenue": 141865
        },
        "2008-05": {
            "month": "2008-05",
            "price": "119.26",
            "revenue": 143777
        },
        "2008-06": {
            "month": "2008-06",
            "price": "112.48",
            "revenue": 109727
        },
        "2008-07": {
            "month": "2008-07",
            "price": "98.32",
            "revenue": 121591
        },
        "2008-08": {
            "month": "2008-08",
            "price": "89.70",
            "revenue": 123835
        },
        "2008-09": {
            "month": "2008-09",
            "price": "75.63",
            "revenue": 105482
        },
        "2008-10": {
            "month": "2008-10",
            "price": "65.45",
            "revenue": 116461
        },
        "2008-11": {
            "month": "2008-11",
            "price": "56.42",
            "revenue": 87712
        },
        "2008-12": {
            "month": "2008-12",
            "price": "50.91",
            "revenue": 72923
        },
        "2009-01": {
            "month": "2009-01",
            "price": "50.69",
            "revenue": 78036
        },
        "2009-02": {
            "month": "2009-02",
            "price": "54.44",
            "revenue": 77756
        },
        "2009-03": {
            "month": "2009-03",
            "price": "62.24",
            "revenue": 71539
        },
        "2009-04": {
            "month": "2009-04",
            "price": "68.40",
            "revenue": 75408
        },
        "2009-05": {
            "month": "2009-05",
            "price": "72.85",
            "revenue": 70241
        },
        "2009-06": {
            "month": "2009-06",
            "price": "69.43",
            "revenue": 80099
        },
        "2009-07": {
            "month": "2009-07",
            "price": "61.85",
            "revenue": 80691
        },
        "2009-08": {
            "month": "2009-08",
            "price": "57.16",
            "revenue": 80017
        },
        "2009-09": {
            "month": "2009-09",
            "price": "58.08",
            "revenue": 87702
        },
        "2009-10": {
            "month": "2009-10",
            "price": "61.36",
            "revenue": 96408
        },
        "2009-11": {
            "month": "2009-11",
            "price": "62.15",
            "revenue": 83837
        },
        "2009-12": {
            "month": "2009-12",
            "price": "66.66",
            "revenue": 80789
        },
        "2010-01": {
            "month": "2010-01",
            "price": "68.34",
            "revenue": 95084
        },
        "2010-02": {
            "month": "2010-02",
            "price": "63.64",
            "revenue": 70543
        },
        "2010-03": {
            "month": "2010-03",
            "price": "66.70",
            "revenue": 100452
        },
        "2010-04": {
            "month": "2010-04",
            "price": "68.82",
            "revenue": 101875
        },
        "2010-05": {
            "month": "2010-05",
            "price": "65.25",
            "revenue": 110841
        },
        "2010-06": {
            "month": "2010-06",
            "price": "63.33",
            "revenue": 123763
        },
        "2010-07": {
            "month": "2010-07",
            "price": "62.63",
            "revenue": 119972
        },
        "2010-08": {
            "month": "2010-08",
            "price": "64.94",
            "revenue": 101137
        },
        "2010-09": {
            "month": "2010-09",
            "price": "67.64",
            "revenue": 100660
        },
        "2010-10": {
            "month": "2010-10",
            "price": "69.05",
            "revenue": 111882
        },
        "2010-11": {
            "month": "2010-11",
            "price": "67.49",
            "revenue": 135473
        },
        "2010-12": {
            "month": "2010-12",
            "price": "75.66",
            "revenue": 160478
        },
        "2011-01": {
            "month": "2011-01",
            "price": "77.46",
            "revenue": 126409
        },
        "2011-02": {
            "month": "2011-02",
            "price": "79.16",
            "revenue": 80040
        },
        "2011-03": {
            "month": "2011-03",
            "price": "79.57",
            "revenue": 113297
        },
        "2011-04": {
            "month": "2011-04",
            "price": "75.21",
            "revenue": 90769
        },
        "2011-05": {
            "month": "2011-05",
            "price": "71.56",
            "revenue": 80847
        },
        "2011-06": {
            "month": "2011-06",
            "price": "69.81",
            "revenue": 95484
        },
        "2011-07": {
            "month": "2011-07",
            "price": "61.67",
            "revenue": 84985
        },
        "2011-08": {
            "month": "2011-08",
            "price": "49.69",
            "revenue": 96537
        },
        "2011-09": {
            "month": "2011-09",
            "price": "49.15",
            "revenue": 97965
        },
        "2011-10": {
            "month": "2011-10",
            "price": "49.78",
            "revenue": 104083
        },
        "2011-11": {
            "month": "2011-11",
            "price": "45.22",
            "revenue": 108738
        },
        "2011-12": {
            "month": "2011-12",
            "price": "43.21",
            "revenue": 105252
        },
        "2012-01": {
            "month": "2012-01",
            "price": "42.42",
            "revenue": 91843
        },
        "2012-02": {
            "month": "2012-02",
            "price": "47.61",
            "revenue": 94969
        },
        "2012-03": {
            "month": "2012-03",
            "price": "48.51",
            "revenue": 103138
        },
        "2012-04": {
            "month": "2012-04",
            "price": "46.28",
            "revenue": 123671
        },
        "2012-05": {
            "month": "2012-05",
            "price": "45.67",
            "revenue": 100584
        },
        "2012-06": {
            "month": "2012-06",
            "price": "45.70",
            "revenue": 122977
        },
        "2012-07": {
            "month": "2012-07",
            "price": "45.06",
            "revenue": 105162
        },
        "2012-08": {
            "month": "2012-08",
            "price": "41.73",
            "revenue": 104427
        },
        "2012-09": {
            "month": "2012-09",
            "price": "44.04",
            "revenue": 104719
        },
        "2012-10": {
            "month": "2012-10",
            "price": "42.69",
            "revenue": 91477
        },
        "2012-11": {
            "month": "2012-11",
            "price": "40.90",
            "revenue": 113395
        },
        "2012-12": {
            "month": "2012-12",
            "price": "40.60",
            "revenue": 104606
        },
        "2013-01": {
            "month": "2013-01",
            "price": "41.09",
            "revenue": 119540
        },
        "2013-02": {
            "month": "2013-02",
            "price": "42.54",
            "revenue": 86150
        },
        "2013-03": {
            "month": "2013-03",
            "price": "45.04",
            "revenue": 135873
        },
        "2013-04": {
            "month": "2013-04",
            "price": "45.73",
            "revenue": 125854
        },
        "2013-05": {
            "month": "2013-05",
            "price": "47.22",
            "revenue": 115740
        },
        "2013-06": {
            "month": "2013-06",
            "price": "46.88",
            "revenue": 101048
        },
        "2013-07": {
            "month": "2013-07",
            "price": "48.48",
            "revenue": 159405
        },
        "2013-08": {
            "month": "2013-08",
            "price": "55.99",
            "revenue": 145997
        },
        "2013-09": {
            "month": "2013-09",
            "price": "53.44",
            "revenue": 110023
        },
        "2013-10": {
            "month": "2013-10",
            "price": "52.31",
            "revenue": 119963
        },
        "2013-11": {
            "month": "2013-11",
            "price": "52.83",
            "revenue": 137940
        },
        "2013-12": {
            "month": "2013-12",
            "price": "59.12",
            "revenue": 125242
        },
        "2014-01": {
            "month": "2014-01",
            "price": "65.47",
            "revenue": 108248
        },
        "2014-02": {
            "month": "2014-02",
            "price": "64.08",
            "revenue": 92975
        },
        "2014-03": {
            "month": "2014-03",
            "price": "70.64",
            "revenue": 126283
        },
        "2014-04": {
            "month": "2014-04",
            "price": "67.09",
            "revenue": 122005
        },
        "2014-05": {
            "month": "2014-05",
            "price": "62.89",
            "revenue": 127119
        },
        "2014-06": {
            "month": "2014-06",
            "price": "66.91",
            "revenue": 121356
        },
        "2014-07": {
            "month": "2014-07",
            "price": "67.17",
            "revenue": 146901
        },
        "2014-08": {
            "month": "2014-08",
            "price": "56.90",
            "revenue": 134691
        },
        "2014-09": {
            "month": "2014-09",
            "price": "53.97",
            "revenue": 123333
        },
        "2014-10": {
            "month": "2014-10",
            "price": "52.25",
            "revenue": 139643
        },
        "2014-11": {
            "month": "2014-11",
            "price": "53.32",
            "revenue": 132218
        },
        "2014-12": {
            "month": "2014-12",
            "price": "58.37",
            "revenue": 141164
        },
        "2015-01": {
            "month": "2015-01",
            "price": "61.98",
            "revenue": 147943
        },
        "2015-02": {
            "month": "2015-02",
            "price": "60.87",
            "revenue": 96267
        },
        "2015-03": {
            "month": "2015-03",
            "price": "62.09",
            "revenue": 145724
        },
        "2015-04": {
            "month": "2015-04",
            "price": "62.06",
            "revenue": 142223
        },
        "2015-05": {
            "month": "2015-05",
            "price": "58.73",
            "revenue": 131963
        },
        "2015-06": {
            "month": "2015-06",
            "price": "55.54",
            "revenue": 101135
        },
        "2015-07": {
            "month": "2015-07",
            "price": "53.55",
            "revenue": 100493
        },
        "2015-08": {
            "month": "2015-08",
            "price": "48.90",
            "revenue": 109567
        },
        "2015-09": {
            "month": "2015-09",
            "price": "50.68",
            "revenue": 109931
        },
        "2015-10": {
            "month": "2015-10",
            "price": "53.02",
            "revenue": 149387
        },
        "2015-11": {
            "month": "2015-11",
            "price": "55.15",
            "revenue": 153487
        },
        "2015-12": {
            "month": "2015-12",
            "price": "56.40",
            "revenue": 147132
        },
        "2016-01": {
            "month": "2016-01",
            "price": "53.17",
            "revenue": 134821
        },
        "2016-02": {
            "month": "2016-02",
            "price": "52.28",
            "revenue": 95460
        },
        "2016-03": {
            "month": "2016-03",
            "price": "53.99",
            "revenue": 110191
        },
        "2016-04": {
            "month": "2016-04",
            "price": "52.15",
            "revenue": 110351
        },
        "2016-05": {
            "month": "2016-05",
            "price": "50.07",
            "revenue": 113478
        },
        "2016-06": {
            "month": "2016-06",
            "price": "49.21",
            "revenue": 110155
        },
        "2016-07": {
            "month": "2016-07",
            "price": "48.71",
            "revenue": 117617
        },
        "2016-08": {
            "month": "2016-08",
            "price": "47.43",
            "revenue": 101727
        },
        "2016-09": {
            "month": "2016-09",
            "price": "47.93",
            "revenue": 91764
        },
        "2016-10": {
            "month": "2016-10",
            "price": "47.29",
            "revenue": 124446
        },
        "2016-11": {
            "month": "2016-11",
            "price": "49.40",
            "revenue": 115013
        },
        "2016-12": {
            "month": "2016-12",
            "price": "51.88",
            "revenue": 121632
        },
        "2017-01": {
            "month": "2017-01",
            "price": "54.95",
            "revenue": 108885
        },
        "2017-02": {
            "month": "2017-02",
            "price": "54.26",
            "revenue": 95512
        },
        "2017-03": {
            "month": "2017-03",
            "price": "57.33",
            "revenue": 145411
        },
        "2017-04": {
            "month": "2017-04",
            "price": "56.39",
            "revenue": 110497
        },
        "2017-05": {
            "month": "2017-05",
            "price": "60.36",
            "revenue": 115011
        },
        "2017-06": {
            "month": "2017-06",
            "price": "59.84",
            "revenue": 106987
        },
        "2017-07": {
            "month": "2017-07",
            "price": "56.89",
            "revenue": 112983
        },
        "2017-08": {
            "month": "2017-08",
            "price": "56.13",
            "revenue": 110303
        },
        "2017-09": {
            "month": "2017-09",
            "price": "56.78",
            "revenue": 121107
        },
        "2017-10": {
            "month": "2017-10",
            "price": "56.26",
            "revenue": 108594
        },
        "2017-11": {
            "month": "2017-11",
            "price": "51.82",
            "revenue": 135470
        },
        "2017-12": {
            "month": "2017-12",
            "price": "50.54",
            "revenue": 142834
        },
        "2018-01": {
            "month": "2018-01",
            "price": "51.20",
            "revenue": 136708
        },
        "2018-02": {
            "month": "2018-02",
            "price": "48.56",
            "revenue": 112129
        },
        "2018-03": {
            "month": "2018-03",
            "price": "49.48",
            "revenue": 140358
        },
        "2018-04": {
            "month": "2018-04",
            "price": "47.51",
            "revenue": 110827
        },
        "2018-05": {
            "month": "2018-05",
            "price": "46.38",
            "revenue": 131352
        },
        "2018-06": {
            "month": "2018-06",
            "price": "50.71",
            "revenue": 151447
        },
        "2018-07": {
            "month": "2018-07",
            "price": "55.19",
            "revenue": 121148
        },
        "2018-08": {
            "month": "2018-08",
            "price": "56.95",
            "revenue": 123256
        },
        "2018-09": {
            "month": "2018-09",
            "price": "55.70",
            "revenue": 111082
        },
        "2018-10": {
            "month": "2018-10",
            "price": "52.46",
            "revenue": 136718
        },
        "2018-11": {
            "month": "2018-11",
            "price": "50.41",
            "revenue": 132391
        },
        "2018-12": {
            "month": "2018-12",
            "price": "51.03",
            "revenue": 157668
        },
        "2019-01": {
            "month": "2019-01",
            "price": "51.27",
            "revenue": 147162
        },
        "2019-02": {
            "month": "2019-02",
            "price": "52.30",
            "revenue": 118998
        },
        "2019-03": {
            "month": "2019-03",
            "price": "52.79",
            "revenue": 135184
        },
        "2019-04": {
            "month": "2019-04",
            "price": "51.90",
            "revenue": 151239
        },
        "2019-05": {
            "month": "2019-05",
            "price": "53.84",
            "revenue": 157617
        },
        "2019-06": {
            "month": "2019-06",
            "price": "54.00",
            "revenue": 137616
        },
        "2019-07": {
            "month": "2019-07",
            "price": "52.50",
            "revenue": 127732
        },
        "2019-08": {
            "month": "2019-08",
            "price": "52.21",
            "revenue": 123841
        },
        "2019-09": {
            "month": "2019-09",
            "price": "52.89",
            "revenue": 159929
        },
        "2019-10": {
            "month": "2019-10",
            "price": "55.79",
            "revenue": 128699
        },
        "2019-11": {
            "month": "2019-11",
            "price": "56.31",
            "revenue": 131792
        },
        "2019-12": {
            "month": "2019-12",
            "price": "55.47",
            "revenue": 146348
        },
        "2020-01": {
            "month": "2020-01",
            "price": "54.88",
            "revenue": 101213
        },
        "2020-02": {
            "month": "2020-02",
            "price": "55.06",
            "revenue": 115564
        },
        "2020-03": {
            "month": "2020-03",
            "price": "52.19",
            "revenue": 133211
        },
        "2020-04": {
            "month": "2020-04",
            "price": "51.50",
            "revenue": 122117
        },
        "2020-05": {
            "month": "2020-05",
            "price": "55.16",
            "revenue": 118218
        },
        "2020-06": {
            "month": "2020-06",
            "price": "61.16",
            "revenue": 131121
        },
        "2020-07": {
            "month": "2020-07",
            "price": "60.48",
            "revenue": 152884
        },
        "2020-08": {
            "month": "2020-08",
            "price": "66.61",
            "revenue": 187431
        },
        "2020-09": {
            "month": "2020-09",
            "price": "75.50",
            "revenue": 215510
        },
        "2020-10": {
            "month": "2020-10",
            "price": "77.63",
            "revenue": 209104
        },
        "2020-11": {
            "month": "2020-11",
            "price": "72.28",
            "revenue": 180003
        },
        "2020-12": {
            "month": "2020-12",
            "price": "72.90",
            "revenue": 180029
        },
        "2021-01": {
            "month": "2021-01",
            "price": "73.00",
            "revenue": 196051
        },
        "2021-02": {
            "month": "2021-02",
            "price": "75.36",
            "revenue": 177479
        },
        "2021-03": {
            "month": "2021-03",
            "price": "78.03",
            "revenue": 211168
        },
        "2021-04": {
            "month": "2021-04",
            "price": "79.40",
            "revenue": 173082
        },
        "2021-05": {
            "month": "2021-05",
            "price": "73.88",
            "revenue": 253229
        },
        "2021-06": {
            "month": "2021-06",
            "price": "74.85",
            "revenue": 184828
        },
        "2021-07": {
            "month": "2021-07",
            "price": "75.65",
            "revenue": 189294
        },
        "2021-08": {
            "month": "2021-08",
            "price": "75.65",
            "revenue": 240233
        },
        "2021-09": {
            "month": "2021-09",
            "price": "74.67",
            "revenue": 253482
        },
        "2021-10": {
            "month": "2021-10",
            "price": "76.67",
            "revenue": 181640
        },
        "2021-11": {
            "month": "2021-11",
            "price": "80.56",
            "revenue": 200008
        },
        "2021-12": {
            "month": "2021-12",
            "price": "77.45",
            "revenue": 241133
        },
        "2022-01": {
            "month": "2022-01",
            "price": "78.59",
            "revenue": 175462
        },
        "2022-02": {
            "month": "2022-02",
            "price": "79.10",
            "revenue": 126782
        },
        "2022-03": {
            "month": "2022-03",
            "price": "78.40",
            "revenue": 285470
        },
        "2022-04": {
            "month": "2022-04",
            "price": "77.71",
            "revenue": 194314
        },
        "2022-05": {
            "month": "2022-05",
            "price": "77.06",
            "revenue": 205718
        },
        "2022-06": {
            "month": "2022-06",
            "price": "77.37",
            "revenue": 206892
        },
        "2022-07": {
            "month": "2022-07",
            "price": "75.03",
            "revenue": 233540
        },
        "2022-08": {
            "month": "2022-08",
            "price": "76.53",
            "revenue": 259619
        },
        "2022-09": {
            "month": "2022-09",
            "price": "78.19",
            "revenue": 270798
        },
        "2022-10": {
            "month": "2022-10",
            "price": "79.78",
            "revenue": 197106
        },
        "2022-11": {
            "month": "2022-11",
            "price": "83.21",
            "revenue": 254822
        },
        "2022-12": {
            "month": "2022-12",
            "price": "82.96",
            "revenue": 248773
        },
        "2023-01": {
            "month": "2023-01",
            "price": "84.02",
            "revenue": 188083
        },
        "2023-02": {
            "month": "2023-02",
            "price": "87.79",
            "revenue": 174286
        },
        "2023-03": {
            "month": "2023-03",
            "price": "99.38",
            "revenue": 263671
        },
        "2023-04": {
            "month": "2023-04",
            "price": "106.97",
            "revenue": 258552
        },
        "2023-05": {
            "month": "2023-05",
            "price": "116.14",
            "revenue": 190885
        }
    }
}
