{
    "summary": {
        "stock_name": "譁裕",
        "stock_id": "3419",
        "category": "通信網路",
        "main_business": "工業用塑膠製品製造業。<br>電線及電纜製造業。<br>電子零組件製造、批發、零售業。",
        "website_url": "http://www.whayu.com",
        "ceo": "彭兆椿",
        "pe_ratio": 67,
        "report_year_from": 2004,
        "report_year_to": 2023,
        "age": 19,
        "eps_negative_percentage": 53,
        "eps_growth_avg": {
            "last_all": -70.21,
            "last_2y": -100,
            "last_4y": -100,
            "last_8y": -100,
            "last_12y": -100,
            "last_16y": -70.21,
            "last_20y": null,
            "at_2006_last_3y": null,
            "at_2007_last_3y": null,
            "at_2008_last_3y": null,
            "at_2009_last_3y": -20.55,
            "at_2010_last_3y": -71.46,
            "at_2011_last_3y": -100,
            "at_2012_last_3y": -100,
            "at_2013_last_3y": -100,
            "at_2014_last_3y": -100,
            "at_2015_last_3y": -100,
            "at_2016_last_3y": -100,
            "at_2017_last_3y": -100,
            "at_2018_last_3y": -100,
            "at_2019_last_3y": -100,
            "at_2020_last_3y": -100,
            "at_2021_last_3y": -100,
            "at_2022_last_3y": -100,
            "at_2023_last_3y": -100,
            "at_2006_last_all": null,
            "at_2007_last_all": 19.18,
            "at_2008_last_all": -20.55,
            "at_2009_last_all": -20.55,
            "at_2010_last_all": -40.41,
            "at_2011_last_all": -40.41,
            "at_2012_last_all": -40.41,
            "at_2013_last_all": -52.33,
            "at_2014_last_all": -52.33,
            "at_2015_last_all": -52.33,
            "at_2016_last_all": -52.33,
            "at_2017_last_all": -60.27,
            "at_2018_last_all": -60.27,
            "at_2019_last_all": -65.95,
            "at_2020_last_all": -65.95,
            "at_2021_last_all": -70.21,
            "at_2022_last_all": -70.21,
            "at_2023_last_all": -70.21
        },
        "latest_eps": 0.3,
        "latest_price": 19.95,
        "latest_roe": 2.11,
        "latest_gross_margin": 16.34,
        "latest_equity": 1452070,
        "latest_revenue": 343918,
        "latest_gross_profit": 56195,
        "latest_net_income": 24460,
        "latest_debt_ratio": 35.12,
        "latest_current_ratio": 287.4,
        "latest_account_receivable_turnover_ratio": 0.65,
        "latest_inventory_turnover_ratio": 0.92,
        "latest_reinvestment_rate": 1006.58,
        "latest_research_to_sale_ratio": 9.51
    },
    "eps_dividends": {
        "2001": {
            "cash": 0,
            "stock": 0,
            "eps": 0
        },
        "2002": {
            "cash": 0,
            "stock": 0,
            "eps": 0
        },
        "2003": {
            "cash": 0,
            "stock": 0,
            "eps": 0
        },
        "2004": {
            "cash": 0,
            "stock": 2,
            "eps": 0
        },
        "2005": {
            "cash": 0,
            "stock": 2,
            "eps": 1.82
        },
        "2006": {
            "cash": 0.22,
            "stock": 2,
            "eps": 2.78
        },
        "2007": {
            "cash": 0.2,
            "stock": 1.79,
            "eps": 2.38
        },
        "2008": {
            "cash": 0.5,
            "stock": 1,
            "eps": -0.66
        },
        "2009": {
            "cash": 0,
            "stock": 0,
            "eps": 0.11
        },
        "2010": {
            "cash": 0,
            "stock": 0,
            "eps": -0.6
        },
        "2011": {
            "cash": 0,
            "stock": 0,
            "eps": -0.72
        },
        "2012": {
            "cash": 0,
            "stock": 0,
            "eps": 0.88
        },
        "2013": {
            "cash": 0.08,
            "stock": 0.7,
            "eps": -1.18
        },
        "2014": {
            "cash": 0,
            "stock": 0,
            "eps": -0.29
        },
        "2015": {
            "cash": 0,
            "stock": 0,
            "eps": -0.48
        },
        "2016": {
            "cash": 0,
            "stock": 0,
            "eps": 0.82
        },
        "2017": {
            "cash": 0.42,
            "stock": 0,
            "eps": -0.67
        },
        "2018": {
            "cash": 0,
            "stock": 0,
            "eps": 0.6
        },
        "2019": {
            "cash": 0,
            "stock": 0,
            "eps": -0.59
        },
        "2020": {
            "cash": 0,
            "stock": 0,
            "eps": 0.62
        },
        "2021": {
            "cash": 0.5,
            "stock": 0,
            "eps": -0.34
        },
        "2022": {
            "cash": 0,
            "stock": 0,
            "eps": 0.28
        },
        "2023": {
            "cash": 0.2,
            "stock": 0,
            "eps": -0.04
        }
    },
    "dividends": {
        "2004-04-29": {
            "cash": 0,
            "stock": 2
        },
        "2005-03-31": {
            "cash": 0,
            "stock": 2
        },
        "2006-03-16": {
            "cash": 0.22,
            "stock": 2
        },
        "2007-03-30": {
            "cash": 0.2,
            "stock": 1.79
        },
        "2008-04-25": {
            "cash": 0.5,
            "stock": 1
        },
        "2013-03-29": {
            "cash": 0.08,
            "stock": 0.7
        },
        "2017-08-09": {
            "cash": 0.42,
            "stock": 0
        },
        "2021-09-22": {
            "cash": 0.5,
            "stock": 0
        },
        "2023-09-22": {
            "cash": 0.2,
            "stock": 0
        }
    },
    "prices": {
        "200101": "無",
        "200102": "無",
        "200103": "無",
        "200104": "無",
        "200105": "無",
        "200106": "無",
        "200107": "無",
        "200108": "無",
        "200109": "無",
        "200110": "無",
        "200111": "無",
        "200112": "無",
        "200201": "無",
        "200202": "無",
        "200203": "無",
        "200204": "無",
        "200205": "無",
        "200206": "無",
        "200207": "無",
        "200208": "無",
        "200209": "無",
        "200210": "無",
        "200211": "無",
        "200212": "無",
        "200301": "無",
        "200302": "無",
        "200303": "無",
        "200304": "無",
        "200305": "無",
        "200306": "無",
        "200307": "無",
        "200308": "無",
        "200309": "無",
        "200310": "無",
        "200311": "無",
        "200312": "無",
        "200401": "無",
        "200402": "無",
        "200403": "無",
        "200404": "無",
        "200405": "無",
        "200406": "無",
        "200407": "無",
        "200408": "無",
        "200409": "無",
        "200410": "無",
        "200411": "無",
        "200412": "無",
        "200501": "無",
        "200502": "25.11",
        "200503": "30.08",
        "200504": "28.29",
        "200505": "25.10",
        "200506": "27.83",
        "200507": "33.07",
        "200508": "35.01",
        "200509": "43.63",
        "200510": "42.45",
        "200511": "37.49",
        "200512": "44.97",
        "200601": "56.63",
        "200602": "52.95",
        "200603": "51.50",
        "200604": "53.59",
        "200605": "56.58",
        "200606": "52.05",
        "200607": "43.24",
        "200608": "38.23",
        "200609": "34.55",
        "200610": "36.76",
        "200611": "38.97",
        "200612": "45.00",
        "200701": "48.92",
        "200702": "52.08",
        "200703": "52.49",
        "200704": "59.83",
        "200705": "58.36",
        "200706": "58.26",
        "200707": "65.16",
        "200708": "55.95",
        "200709": "51.74",
        "200710": "51.33",
        "200711": "40.13",
        "200712": "35.08",
        "200801": "25.25",
        "200802": "25.36",
        "200803": "25.57",
        "200804": "31.14",
        "200805": "27.36",
        "200806": "21.60",
        "200807": "16.10",
        "200808": "16.48",
        "200809": "11.25",
        "200810": "8.63",
        "200811": "6.54",
        "200812": "6.62",
        "200901": "7.12",
        "200902": "7.17",
        "200903": "9.29",
        "200904": "11.44",
        "200905": "12.96",
        "200906": "13.13",
        "200907": "13.45",
        "200908": "13.68",
        "200909": "15.04",
        "200910": "17.67",
        "200911": "17.35",
        "200912": "18.86",
        "201001": "19.68",
        "201002": "18.05",
        "201003": "24.64",
        "201004": "24.43",
        "201005": "22.13",
        "201006": "19.90",
        "201007": "20.34",
        "201008": "20.47",
        "201009": "19.71",
        "201010": "21.39",
        "201011": "19.11",
        "201012": "22.84",
        "201101": "21.22",
        "201102": "20.01",
        "201103": "19.45",
        "201104": "21.00",
        "201105": "20.88",
        "201106": "19.72",
        "201107": "19.31",
        "201108": "15.91",
        "201109": "13.41",
        "201110": "14.20",
        "201111": "13.10",
        "201112": "10.54",
        "201201": "11.29",
        "201202": "13.50",
        "201203": "16.39",
        "201204": "13.78",
        "201205": "14.01",
        "201206": "13.49",
        "201207": "13.44",
        "201208": "13.28",
        "201209": "14.93",
        "201210": "16.18",
        "201211": "15.38",
        "201212": "17.98",
        "201301": "22.18",
        "201302": "21.90",
        "201303": "21.00",
        "201304": "19.06",
        "201305": "19.05",
        "201306": "17.06",
        "201307": "18.64",
        "201308": "19.61",
        "201309": "18.97",
        "201310": "18.86",
        "201311": "17.65",
        "201312": "17.59",
        "201401": "18.69",
        "201402": "18.76",
        "201403": "18.60",
        "201404": "18.16",
        "201405": "15.86",
        "201406": "16.12",
        "201407": "16.84",
        "201408": "15.38",
        "201409": "14.72",
        "201410": "12.52",
        "201411": "11.76",
        "201412": "12.44",
        "201501": "13.05",
        "201502": "12.88",
        "201503": "13.23",
        "201504": "12.62",
        "201505": "12.06",
        "201506": "11.92",
        "201507": "11.38",
        "201508": "11.46",
        "201509": "11.29",
        "201510": "12.76",
        "201511": "14.02",
        "201512": "15.02",
        "201601": "15.96",
        "201602": "17.15",
        "201603": "17.64",
        "201604": "16.22",
        "201605": "15.00",
        "201606": "14.92",
        "201607": "15.55",
        "201608": "15.56",
        "201609": "16.25",
        "201610": "16.14",
        "201611": "15.83",
        "201612": "16.28",
        "201701": "16.81",
        "201702": "17.90",
        "201703": "19.90",
        "201704": "21.37",
        "201705": "21.29",
        "201706": "22.05",
        "201707": "19.97",
        "201708": "19.60",
        "201709": "20.01",
        "201710": "18.98",
        "201711": "18.06",
        "201712": "19.12",
        "201801": "19.97",
        "201802": "18.97",
        "201803": "19.15",
        "201804": "17.64",
        "201805": "17.00",
        "201806": "19.33",
        "201807": "19.63",
        "201808": "18.27",
        "201809": "18.05",
        "201810": "16.17",
        "201811": "16.06",
        "201812": "17.51",
        "201901": "17.38",
        "201902": "17.05",
        "201903": "17.15",
        "201904": "19.02",
        "201905": "15.71",
        "201906": "14.88",
        "201907": "15.66",
        "201908": "16.37",
        "201909": "18.22",
        "201910": "18.36",
        "201911": "18.36",
        "201912": "18.03",
        "202001": "17.27",
        "202002": "15.14",
        "202003": "11.80",
        "202004": "12.21",
        "202005": "14.16",
        "202006": "14.18",
        "202007": "14.08",
        "202008": "13.99",
        "202009": "13.78",
        "202010": "13.88",
        "202011": "16.57",
        "202012": "19.38",
        "202101": "19.91",
        "202102": "20.65",
        "202103": "21.62",
        "202104": "23.62",
        "202105": "18.55",
        "202106": "19.16",
        "202107": "19.23",
        "202108": "16.88",
        "202109": "15.30",
        "202110": "15.16",
        "202111": "23.39",
        "202112": "26.40",
        "202201": "23.01",
        "202202": "21.85",
        "202203": "20.95",
        "202204": "18.49",
        "202205": "17.35",
        "202206": "17.22",
        "202207": "16.04",
        "202208": "18.09",
        "202209": "17.80",
        "202210": "15.81",
        "202211": "18.66",
        "202212": "19.55",
        "202301": "17.92",
        "202302": "18.67",
        "202303": "19.47",
        "202304": "19.51",
        "202305": "21.01",
        "202306": "20.39",
        "202307": "19.60",
        "202308": "19.01",
        "202309": "19.22"
    },
    "quarters": {
        "20011": {
            "year_quarter": 20011,
            "year": 2001,
            "quarter": 1,
            "eps": null,
            "eps_growth_year": null,
            "eps_4q": null,
            "eps_4q_growth_year": null,
            "roe": null,
            "roe_4q": 0,
            "gross_profit": null,
            "gross_margin": null,
            "gross_margin_4q_avg": 0,
            "net_income": null,
            "revenue": null,
            "common_shares": null,
            "book_valuer_per_share": null,
            "book_valuer_per_share_4q_avg": 0,
            "equity": null,
            "current_ratio": null,
            "debt_ratio": null,
            "inventory_turnover_ratio": null,
            "account_receivable_turnover_ratio": null,
            "reinvestment_rate": null,
            "research_to_sale_ratio": null,
            "price_fair": 0,
            "eps_avg_yearly": 0,
            "eps_latest_yearly": 0,
            "eps_growth_yearly": 0
        },
        "20012": {
            "year_quarter": 20012,
            "year": 2001,
            "quarter": 2,
            "eps": null,
            "eps_growth_year": null,
            "eps_4q": null,
            "eps_4q_growth_year": null,
            "roe": null,
            "roe_4q": 0,
            "gross_profit": null,
            "gross_margin": null,
            "gross_margin_4q_avg": 0,
            "net_income": null,
            "revenue": null,
            "common_shares": null,
            "book_valuer_per_share": null,
            "book_valuer_per_share_4q_avg": 0,
            "equity": null,
            "current_ratio": null,
            "debt_ratio": null,
            "inventory_turnover_ratio": null,
            "account_receivable_turnover_ratio": null,
            "reinvestment_rate": null,
            "research_to_sale_ratio": null,
            "price_fair": 0,
            "eps_avg_yearly": 0,
            "eps_latest_yearly": 0,
            "eps_growth_yearly": 0
        },
        "20013": {
            "year_quarter": 20013,
            "year": 2001,
            "quarter": 3,
            "eps": null,
            "eps_growth_year": null,
            "eps_4q": null,
            "eps_4q_growth_year": null,
            "roe": null,
            "roe_4q": 0,
            "gross_profit": null,
            "gross_margin": null,
            "gross_margin_4q_avg": 0,
            "net_income": null,
            "revenue": null,
            "common_shares": null,
            "book_valuer_per_share": null,
            "book_valuer_per_share_4q_avg": 0,
            "equity": null,
            "current_ratio": null,
            "debt_ratio": null,
            "inventory_turnover_ratio": null,
            "account_receivable_turnover_ratio": null,
            "reinvestment_rate": null,
            "research_to_sale_ratio": null,
            "price_fair": 0,
            "eps_avg_yearly": 0,
            "eps_latest_yearly": 0,
            "eps_growth_yearly": 0
        },
        "20014": {
            "year_quarter": 20014,
            "year": 2001,
            "quarter": 4,
            "eps": null,
            "eps_growth_year": null,
            "eps_4q": null,
            "eps_4q_growth_year": null,
            "roe": null,
            "roe_4q": 0,
            "gross_profit": null,
            "gross_margin": null,
            "gross_margin_4q_avg": 0,
            "net_income": null,
            "revenue": null,
            "common_shares": 100000,
            "book_valuer_per_share": 9.17,
            "book_valuer_per_share_4q_avg": 2.29,
            "equity": 91687,
            "current_ratio": 131.05,
            "debt_ratio": 57.62,
            "inventory_turnover_ratio": null,
            "account_receivable_turnover_ratio": null,
            "reinvestment_rate": null,
            "research_to_sale_ratio": null,
            "price_fair": 0,
            "eps_avg_yearly": 0,
            "eps_latest_yearly": 0,
            "eps_growth_yearly": 0
        },
        "20021": {
            "year_quarter": 20021,
            "year": 2002,
            "quarter": 1,
            "eps": null,
            "eps_growth_year": null,
            "eps_4q": null,
            "eps_4q_growth_year": null,
            "roe": null,
            "roe_4q": 0,
            "gross_profit": null,
            "gross_margin": null,
            "gross_margin_4q_avg": 0,
            "net_income": null,
            "revenue": null,
            "common_shares": null,
            "book_valuer_per_share": null,
            "book_valuer_per_share_4q_avg": 2.29,
            "equity": null,
            "current_ratio": null,
            "debt_ratio": null,
            "inventory_turnover_ratio": null,
            "account_receivable_turnover_ratio": null,
            "reinvestment_rate": null,
            "research_to_sale_ratio": null,
            "price_fair": 0,
            "eps_avg_yearly": 0,
            "eps_latest_yearly": 0,
            "eps_growth_yearly": 0
        },
        "20022": {
            "year_quarter": 20022,
            "year": 2002,
            "quarter": 2,
            "eps": null,
            "eps_growth_year": null,
            "eps_4q": null,
            "eps_4q_growth_year": null,
            "roe": null,
            "roe_4q": 0,
            "gross_profit": null,
            "gross_margin": null,
            "gross_margin_4q_avg": 0,
            "net_income": null,
            "revenue": null,
            "common_shares": null,
            "book_valuer_per_share": null,
            "book_valuer_per_share_4q_avg": 2.29,
            "equity": null,
            "current_ratio": null,
            "debt_ratio": null,
            "inventory_turnover_ratio": null,
            "account_receivable_turnover_ratio": null,
            "reinvestment_rate": null,
            "research_to_sale_ratio": null,
            "price_fair": 0,
            "eps_avg_yearly": 0,
            "eps_latest_yearly": 0,
            "eps_growth_yearly": 0
        },
        "20023": {
            "year_quarter": 20023,
            "year": 2002,
            "quarter": 3,
            "eps": null,
            "eps_growth_year": null,
            "eps_4q": null,
            "eps_4q_growth_year": null,
            "roe": null,
            "roe_4q": 0,
            "gross_profit": null,
            "gross_margin": null,
            "gross_margin_4q_avg": 0,
            "net_income": null,
            "revenue": null,
            "common_shares": null,
            "book_valuer_per_share": null,
            "book_valuer_per_share_4q_avg": 2.29,
            "equity": null,
            "current_ratio": null,
            "debt_ratio": null,
            "inventory_turnover_ratio": null,
            "account_receivable_turnover_ratio": null,
            "reinvestment_rate": null,
            "research_to_sale_ratio": null,
            "price_fair": 0,
            "eps_avg_yearly": 0,
            "eps_latest_yearly": 0,
            "eps_growth_yearly": 0
        },
        "20024": {
            "year_quarter": 20024,
            "year": 2002,
            "quarter": 4,
            "eps": null,
            "eps_growth_year": null,
            "eps_4q": null,
            "eps_4q_growth_year": null,
            "roe": null,
            "roe_4q": 0,
            "gross_profit": null,
            "gross_margin": null,
            "gross_margin_4q_avg": 0,
            "net_income": null,
            "revenue": null,
            "common_shares": 180000,
            "book_valuer_per_share": 15.07,
            "book_valuer_per_share_4q_avg": 3.77,
            "equity": 271303,
            "current_ratio": 150.15,
            "debt_ratio": 50.57,
            "inventory_turnover_ratio": null,
            "account_receivable_turnover_ratio": null,
            "reinvestment_rate": null,
            "research_to_sale_ratio": null,
            "price_fair": 0,
            "eps_avg_yearly": 0,
            "eps_latest_yearly": 0,
            "eps_growth_yearly": 0
        },
        "20031": {
            "year_quarter": 20031,
            "year": 2003,
            "quarter": 1,
            "eps": null,
            "eps_growth_year": null,
            "eps_4q": null,
            "eps_4q_growth_year": null,
            "roe": null,
            "roe_4q": 0,
            "gross_profit": null,
            "gross_margin": null,
            "gross_margin_4q_avg": 0,
            "net_income": null,
            "revenue": null,
            "common_shares": null,
            "book_valuer_per_share": null,
            "book_valuer_per_share_4q_avg": 3.77,
            "equity": null,
            "current_ratio": null,
            "debt_ratio": null,
            "inventory_turnover_ratio": null,
            "account_receivable_turnover_ratio": null,
            "reinvestment_rate": null,
            "research_to_sale_ratio": null,
            "price_fair": 0,
            "eps_avg_yearly": 0,
            "eps_latest_yearly": 0,
            "eps_growth_yearly": 0
        },
        "20032": {
            "year_quarter": 20032,
            "year": 2003,
            "quarter": 2,
            "eps": null,
            "eps_growth_year": null,
            "eps_4q": null,
            "eps_4q_growth_year": null,
            "roe": null,
            "roe_4q": 0,
            "gross_profit": null,
            "gross_margin": null,
            "gross_margin_4q_avg": 0,
            "net_income": null,
            "revenue": null,
            "common_shares": null,
            "book_valuer_per_share": null,
            "book_valuer_per_share_4q_avg": 3.77,
            "equity": null,
            "current_ratio": null,
            "debt_ratio": null,
            "inventory_turnover_ratio": null,
            "account_receivable_turnover_ratio": null,
            "reinvestment_rate": null,
            "research_to_sale_ratio": null,
            "price_fair": 0,
            "eps_avg_yearly": 0,
            "eps_latest_yearly": 0,
            "eps_growth_yearly": 0
        },
        "20033": {
            "year_quarter": 20033,
            "year": 2003,
            "quarter": 3,
            "eps": null,
            "eps_growth_year": null,
            "eps_4q": null,
            "eps_4q_growth_year": null,
            "roe": null,
            "roe_4q": 0,
            "gross_profit": null,
            "gross_margin": null,
            "gross_margin_4q_avg": 0,
            "net_income": null,
            "revenue": null,
            "common_shares": null,
            "book_valuer_per_share": null,
            "book_valuer_per_share_4q_avg": 3.77,
            "equity": null,
            "current_ratio": null,
            "debt_ratio": null,
            "inventory_turnover_ratio": null,
            "account_receivable_turnover_ratio": null,
            "reinvestment_rate": null,
            "research_to_sale_ratio": null,
            "price_fair": 0,
            "eps_avg_yearly": 0,
            "eps_latest_yearly": 0,
            "eps_growth_yearly": 0
        },
        "20034": {
            "year_quarter": 20034,
            "year": 2003,
            "quarter": 4,
            "eps": null,
            "eps_growth_year": null,
            "eps_4q": null,
            "eps_4q_growth_year": null,
            "roe": null,
            "roe_4q": 0,
            "gross_profit": null,
            "gross_margin": null,
            "gross_margin_4q_avg": 0,
            "net_income": null,
            "revenue": null,
            "common_shares": 250000,
            "book_valuer_per_share": 19.01,
            "book_valuer_per_share_4q_avg": 4.75,
            "equity": 475243,
            "current_ratio": 139.18,
            "debt_ratio": 60.57,
            "inventory_turnover_ratio": null,
            "account_receivable_turnover_ratio": null,
            "reinvestment_rate": null,
            "research_to_sale_ratio": null,
            "price_fair": 0,
            "eps_avg_yearly": 0,
            "eps_latest_yearly": 0,
            "eps_growth_yearly": 0
        },
        "20041": {
            "year_quarter": 20041,
            "year": 2004,
            "quarter": 1,
            "eps": null,
            "eps_growth_year": null,
            "eps_4q": null,
            "eps_4q_growth_year": null,
            "roe": null,
            "roe_4q": 0,
            "gross_profit": null,
            "gross_margin": null,
            "gross_margin_4q_avg": 0,
            "net_income": null,
            "revenue": null,
            "common_shares": null,
            "book_valuer_per_share": null,
            "book_valuer_per_share_4q_avg": 4.75,
            "equity": null,
            "current_ratio": null,
            "debt_ratio": null,
            "inventory_turnover_ratio": null,
            "account_receivable_turnover_ratio": null,
            "reinvestment_rate": null,
            "research_to_sale_ratio": null,
            "price_fair": 0,
            "eps_avg_yearly": 0,
            "eps_latest_yearly": 0,
            "eps_growth_yearly": 0
        },
        "20042": {
            "year_quarter": 20042,
            "year": 2004,
            "quarter": 2,
            "eps": null,
            "eps_growth_year": null,
            "eps_4q": null,
            "eps_4q_growth_year": null,
            "roe": null,
            "roe_4q": 0,
            "gross_profit": null,
            "gross_margin": null,
            "gross_margin_4q_avg": 0,
            "net_income": null,
            "revenue": null,
            "common_shares": null,
            "book_valuer_per_share": null,
            "book_valuer_per_share_4q_avg": 4.75,
            "equity": null,
            "current_ratio": null,
            "debt_ratio": null,
            "inventory_turnover_ratio": null,
            "account_receivable_turnover_ratio": null,
            "reinvestment_rate": null,
            "research_to_sale_ratio": null,
            "price_fair": 0,
            "eps_avg_yearly": 0,
            "eps_latest_yearly": 0,
            "eps_growth_yearly": 0
        },
        "20043": {
            "year_quarter": 20043,
            "year": 2004,
            "quarter": 3,
            "eps": null,
            "eps_growth_year": null,
            "eps_4q": null,
            "eps_4q_growth_year": null,
            "roe": null,
            "roe_4q": 0,
            "gross_profit": null,
            "gross_margin": null,
            "gross_margin_4q_avg": 0,
            "net_income": null,
            "revenue": null,
            "common_shares": null,
            "book_valuer_per_share": null,
            "book_valuer_per_share_4q_avg": 4.75,
            "equity": null,
            "current_ratio": null,
            "debt_ratio": null,
            "inventory_turnover_ratio": null,
            "account_receivable_turnover_ratio": null,
            "reinvestment_rate": null,
            "research_to_sale_ratio": null,
            "price_fair": 0,
            "eps_avg_yearly": 0,
            "eps_latest_yearly": 0,
            "eps_growth_yearly": 0
        },
        "20044": {
            "year_quarter": 20044,
            "year": 2004,
            "quarter": 4,
            "eps": null,
            "eps_growth_year": null,
            "eps_4q": null,
            "eps_4q_growth_year": null,
            "roe": null,
            "roe_4q": 0,
            "gross_profit": null,
            "gross_margin": null,
            "gross_margin_4q_avg": 0,
            "net_income": null,
            "revenue": null,
            "common_shares": 323600,
            "book_valuer_per_share": 17.94,
            "book_valuer_per_share_4q_avg": 4.49,
            "equity": 580538,
            "current_ratio": 131.27,
            "debt_ratio": 62.41,
            "inventory_turnover_ratio": null,
            "account_receivable_turnover_ratio": null,
            "reinvestment_rate": null,
            "research_to_sale_ratio": null,
            "price_fair": 0,
            "eps_avg_yearly": 0,
            "eps_latest_yearly": 0,
            "eps_growth_yearly": 0
        },
        "20051": {
            "year_quarter": 20051,
            "year": 2005,
            "quarter": 1,
            "eps": null,
            "eps_growth_year": null,
            "eps_4q": null,
            "eps_4q_growth_year": null,
            "roe": null,
            "roe_4q": 0,
            "gross_profit": null,
            "gross_margin": null,
            "gross_margin_4q_avg": 0,
            "net_income": null,
            "revenue": null,
            "common_shares": null,
            "book_valuer_per_share": null,
            "book_valuer_per_share_4q_avg": 4.49,
            "equity": null,
            "current_ratio": null,
            "debt_ratio": null,
            "inventory_turnover_ratio": null,
            "account_receivable_turnover_ratio": null,
            "reinvestment_rate": null,
            "research_to_sale_ratio": null,
            "price_fair": 0,
            "eps_avg_yearly": 0,
            "eps_latest_yearly": 0,
            "eps_growth_yearly": 0
        },
        "20052": {
            "year_quarter": 20052,
            "year": 2005,
            "quarter": 2,
            "eps": null,
            "eps_growth_year": null,
            "eps_4q": null,
            "eps_4q_growth_year": null,
            "roe": null,
            "roe_4q": 0,
            "gross_profit": null,
            "gross_margin": null,
            "gross_margin_4q_avg": 0,
            "net_income": null,
            "revenue": null,
            "common_shares": null,
            "book_valuer_per_share": null,
            "book_valuer_per_share_4q_avg": 4.49,
            "equity": null,
            "current_ratio": null,
            "debt_ratio": null,
            "inventory_turnover_ratio": null,
            "account_receivable_turnover_ratio": null,
            "reinvestment_rate": null,
            "research_to_sale_ratio": null,
            "price_fair": 0,
            "eps_avg_yearly": 0,
            "eps_latest_yearly": 0,
            "eps_growth_yearly": 0
        },
        "20053": {
            "year_quarter": 20053,
            "year": 2005,
            "quarter": 3,
            "eps": 1.2,
            "eps_growth_year": null,
            "eps_4q": null,
            "eps_4q_growth_year": null,
            "roe": 6.66,
            "roe_4q": 6.66,
            "gross_profit": 67947,
            "gross_margin": 18.5,
            "gross_margin_4q_avg": 4.63,
            "net_income": 48019,
            "revenue": 367377,
            "common_shares": 400720,
            "book_valuer_per_share": 18,
            "book_valuer_per_share_4q_avg": 8.99,
            "equity": 721448,
            "current_ratio": 115.51,
            "debt_ratio": 46.15,
            "inventory_turnover_ratio": 5.64,
            "account_receivable_turnover_ratio": null,
            "reinvestment_rate": null,
            "research_to_sale_ratio": null,
            "price_fair": 0,
            "eps_avg_yearly": 0,
            "eps_latest_yearly": 0,
            "eps_growth_yearly": 0
        },
        "20054": {
            "year_quarter": 20054,
            "year": 2005,
            "quarter": 4,
            "eps": 0.62,
            "eps_growth_year": null,
            "eps_4q": null,
            "eps_4q_growth_year": null,
            "roe": 3.39,
            "roe_4q": 10.05,
            "gross_profit": 59525,
            "gross_margin": 17.69,
            "gross_margin_4q_avg": 9.05,
            "net_income": 24839,
            "revenue": 336442,
            "common_shares": 400720,
            "book_valuer_per_share": 18.52,
            "book_valuer_per_share_4q_avg": 9.13,
            "equity": 742151,
            "current_ratio": 123.67,
            "debt_ratio": 58.2,
            "inventory_turnover_ratio": 2.29,
            "account_receivable_turnover_ratio": null,
            "reinvestment_rate": null,
            "research_to_sale_ratio": null,
            "price_fair": 7.44,
            "eps_avg_yearly": 2.48,
            "eps_latest_yearly": 2.48,
            "eps_growth_yearly": -193.33
        },
        "20061": {
            "year_quarter": 20061,
            "year": 2006,
            "quarter": 1,
            "eps": 0.95,
            "eps_growth_year": null,
            "eps_4q": null,
            "eps_4q_growth_year": null,
            "roe": 4.98,
            "roe_4q": 15.030000000000001,
            "gross_profit": 70031,
            "gross_margin": 18.37,
            "gross_margin_4q_avg": 13.64,
            "net_income": 40691,
            "revenue": 381327,
            "common_shares": 430258,
            "book_valuer_per_share": 20.75,
            "book_valuer_per_share_4q_avg": 14.32,
            "equity": 892649,
            "current_ratio": 117.51,
            "debt_ratio": 40.69,
            "inventory_turnover_ratio": 2.39,
            "account_receivable_turnover_ratio": null,
            "reinvestment_rate": null,
            "research_to_sale_ratio": null,
            "price_fair": 62.12,
            "eps_avg_yearly": 3.14,
            "eps_latest_yearly": 3.8,
            "eps_growth_yearly": 9.78
        },
        "20062": {
            "year_quarter": 20062,
            "year": 2006,
            "quarter": 2,
            "eps": 0.19,
            "eps_growth_year": null,
            "eps_4q": 2.86,
            "eps_4q_growth_year": null,
            "roe": 0.83,
            "roe_4q": 15.860000000000001,
            "gross_profit": 83452,
            "gross_margin": 16.72,
            "gross_margin_4q_avg": 17.82,
            "net_income": 8068,
            "revenue": 499005,
            "common_shares": 479368,
            "book_valuer_per_share": 21.75,
            "book_valuer_per_share_4q_avg": 19.76,
            "equity": 1042557,
            "current_ratio": 143.4,
            "debt_ratio": 38.63,
            "inventory_turnover_ratio": 5.65,
            "account_receivable_turnover_ratio": null,
            "reinvestment_rate": null,
            "research_to_sale_ratio": null,
            "price_fair": 7.04,
            "eps_avg_yearly": 2.35,
            "eps_latest_yearly": 0.76,
            "eps_growth_yearly": -100.14
        },
        "20063": {
            "year_quarter": 20063,
            "year": 2006,
            "quarter": 3,
            "eps": 1.22,
            "eps_growth_year": 1.67,
            "eps_4q": 2.61,
            "eps_4q_growth_year": null,
            "roe": 5.96,
            "roe_4q": 15.16,
            "gross_profit": 53061,
            "gross_margin": 13.12,
            "gross_margin_4q_avg": 16.48,
            "net_income": 64601,
            "revenue": 404505,
            "common_shares": 582496,
            "book_valuer_per_share": 19.33,
            "book_valuer_per_share_4q_avg": 20.09,
            "equity": 1125869,
            "current_ratio": 144.27,
            "debt_ratio": 35.9,
            "inventory_turnover_ratio": 5.12,
            "account_receivable_turnover_ratio": null,
            "reinvestment_rate": null,
            "research_to_sale_ratio": null,
            "price_fair": 104.3,
            "eps_avg_yearly": 2.98,
            "eps_latest_yearly": 4.88,
            "eps_growth_yearly": 467
        },
        "20064": {
            "year_quarter": 20064,
            "year": 2006,
            "quarter": 4,
            "eps": 0.42,
            "eps_growth_year": -32.26,
            "eps_4q": 2.4,
            "eps_4q_growth_year": null,
            "roe": 2.1,
            "roe_4q": 13.870000000000001,
            "gross_profit": 42453,
            "gross_margin": 12.45,
            "gross_margin_4q_avg": 15.17,
            "net_income": 24037,
            "revenue": 340959,
            "common_shares": 582496,
            "book_valuer_per_share": 19.71,
            "book_valuer_per_share_4q_avg": 20.39,
            "equity": 1160492,
            "current_ratio": 129,
            "debt_ratio": 55.91,
            "inventory_turnover_ratio": 1.85,
            "account_receivable_turnover_ratio": null,
            "reinvestment_rate": null,
            "research_to_sale_ratio": null,
            "price_fair": 95.2,
            "eps_avg_yearly": 2.72,
            "eps_latest_yearly": 1.68,
            "eps_growth_yearly": 321.14
        },
        "20071": {
            "year_quarter": 20071,
            "year": 2007,
            "quarter": 1,
            "eps": 1.02,
            "eps_growth_year": 7.37,
            "eps_4q": 2.68,
            "eps_4q_growth_year": null,
            "roe": 4.94,
            "roe_4q": 13.83,
            "gross_profit": 55235,
            "gross_margin": 15.98,
            "gross_margin_4q_avg": 14.57,
            "net_income": 59249,
            "revenue": 345548,
            "common_shares": 582496,
            "book_valuer_per_share": 21.23,
            "book_valuer_per_share_4q_avg": 20.51,
            "equity": 1236574,
            "current_ratio": 220.7,
            "debt_ratio": 40.86,
            "inventory_turnover_ratio": 1.82,
            "account_receivable_turnover_ratio": null,
            "reinvestment_rate": null,
            "research_to_sale_ratio": null,
            "price_fair": 103.13,
            "eps_avg_yearly": 2.95,
            "eps_latest_yearly": 4.08,
            "eps_growth_yearly": 362.85
        },
        "20072": {
            "year_quarter": 20072,
            "year": 2007,
            "quarter": 2,
            "eps": 0.61,
            "eps_growth_year": 221.05,
            "eps_4q": 3.13,
            "eps_4q_growth_year": 9.32,
            "roe": 2.86,
            "roe_4q": 15.86,
            "gross_profit": 58465,
            "gross_margin": 15.8,
            "gross_margin_4q_avg": 14.34,
            "net_income": 35785,
            "revenue": 369958,
            "common_shares": 582496,
            "book_valuer_per_share": 21.75,
            "book_valuer_per_share_4q_avg": 20.51,
            "equity": 1267001,
            "current_ratio": 206.49,
            "debt_ratio": 41.44,
            "inventory_turnover_ratio": 5.4,
            "account_receivable_turnover_ratio": null,
            "reinvestment_rate": null,
            "research_to_sale_ratio": null,
            "price_fair": 100.6,
            "eps_avg_yearly": 2.87,
            "eps_latest_yearly": 2.44,
            "eps_growth_yearly": 288.05
        },
        "20073": {
            "year_quarter": 20073,
            "year": 2007,
            "quarter": 3,
            "eps": 0.88,
            "eps_growth_year": -27.87,
            "eps_4q": 2.58,
            "eps_4q_growth_year": -1.3,
            "roe": 4.7,
            "roe_4q": 14.6,
            "gross_profit": 95682,
            "gross_margin": 20.12,
            "gross_margin_4q_avg": 16.09,
            "net_income": 61786,
            "revenue": 475446,
            "common_shares": 708103,
            "book_valuer_per_share": 19.24,
            "book_valuer_per_share_4q_avg": 20.48,
            "equity": 1362164,
            "current_ratio": 183.18,
            "debt_ratio": 41.3,
            "inventory_turnover_ratio": 5.71,
            "account_receivable_turnover_ratio": null,
            "reinvestment_rate": null,
            "research_to_sale_ratio": null,
            "price_fair": 103.43,
            "eps_avg_yearly": 2.96,
            "eps_latest_yearly": 3.52,
            "eps_growth_yearly": 274.17
        },
        "20074": {
            "year_quarter": 20074,
            "year": 2007,
            "quarter": 4,
            "eps": -0.13,
            "eps_growth_year": -130.95,
            "eps_4q": 2.18,
            "eps_4q_growth_year": -9.36,
            "roe": -0.66,
            "roe_4q": 11.84,
            "gross_profit": 126048,
            "gross_margin": 21.89,
            "gross_margin_4q_avg": 18.45,
            "net_income": -9078,
            "revenue": 575926,
            "common_shares": 715103,
            "book_valuer_per_share": 19.52,
            "book_valuer_per_share_4q_avg": 20.44,
            "equity": 1399311,
            "current_ratio": 170.83,
            "debt_ratio": 53.68,
            "inventory_turnover_ratio": 2.54,
            "account_receivable_turnover_ratio": null,
            "reinvestment_rate": null,
            "research_to_sale_ratio": null,
            "price_fair": 103.43,
            "eps_avg_yearly": 2.96,
            "eps_latest_yearly": 3.52,
            "eps_growth_yearly": 274.17
        },
        "20081": {
            "year_quarter": 20081,
            "year": 2008,
            "quarter": 1,
            "eps": -0.42,
            "eps_growth_year": -141.18,
            "eps_4q": 0.8,
            "eps_4q_growth_year": -70.08,
            "roe": -2.24,
            "roe_4q": 4.66,
            "gross_profit": 153624,
            "gross_margin": 18.02,
            "gross_margin_4q_avg": 18.96,
            "net_income": -30629,
            "revenue": 852643,
            "common_shares": 715103,
            "book_valuer_per_share": 18.71,
            "book_valuer_per_share_4q_avg": 19.81,
            "equity": 1340297,
            "current_ratio": 129.86,
            "debt_ratio": 54.72,
            "inventory_turnover_ratio": 2.23,
            "account_receivable_turnover_ratio": null,
            "reinvestment_rate": null,
            "research_to_sale_ratio": null,
            "price_fair": 103.43,
            "eps_avg_yearly": 2.96,
            "eps_latest_yearly": 3.52,
            "eps_growth_yearly": 274.17
        },
        "20082": {
            "year_quarter": 20082,
            "year": 2008,
            "quarter": 2,
            "eps": -0.61,
            "eps_growth_year": -200,
            "eps_4q": -0.29,
            "eps_4q_growth_year": -109.37,
            "roe": -3.54,
            "roe_4q": -1.7400000000000002,
            "gross_profit": 124252,
            "gross_margin": 14.3,
            "gross_margin_4q_avg": 18.58,
            "net_income": -46141,
            "revenue": 869146,
            "common_shares": 715103,
            "book_valuer_per_share": 17.67,
            "book_valuer_per_share_4q_avg": 18.79,
            "equity": 1263736,
            "current_ratio": 122.25,
            "debt_ratio": 56.95,
            "inventory_turnover_ratio": 2.13,
            "account_receivable_turnover_ratio": null,
            "reinvestment_rate": null,
            "research_to_sale_ratio": null,
            "price_fair": 103.43,
            "eps_avg_yearly": 2.96,
            "eps_latest_yearly": 3.52,
            "eps_growth_yearly": 274.17
        },
        "20083": {
            "year_quarter": 20083,
            "year": 2008,
            "quarter": 3,
            "eps": 0.22,
            "eps_growth_year": -75,
            "eps_4q": -0.9,
            "eps_4q_growth_year": -135.09,
            "roe": 1.22,
            "roe_4q": -5.220000000000001,
            "gross_profit": 142096,
            "gross_margin": 15.89,
            "gross_margin_4q_avg": 17.53,
            "net_income": 15844,
            "revenue": 894138,
            "common_shares": 799973,
            "book_valuer_per_share": 16.73,
            "book_valuer_per_share_4q_avg": 18.16,
            "equity": 1333218,
            "current_ratio": 126.24,
            "debt_ratio": 54.89,
            "inventory_turnover_ratio": 2.39,
            "account_receivable_turnover_ratio": null,
            "reinvestment_rate": null,
            "research_to_sale_ratio": null,
            "price_fair": 103.43,
            "eps_avg_yearly": 2.96,
            "eps_latest_yearly": 3.52,
            "eps_growth_yearly": 274.17
        },
        "20084": {
            "year_quarter": 20084,
            "year": 2008,
            "quarter": 4,
            "eps": 0.15,
            "eps_growth_year": null,
            "eps_4q": -0.47,
            "eps_4q_growth_year": -121.4,
            "roe": 1.04,
            "roe_4q": -3.5200000000000005,
            "gross_profit": 121842,
            "gross_margin": 17.57,
            "gross_margin_4q_avg": 16.45,
            "net_income": 14092,
            "revenue": 693447,
            "common_shares": 799973,
            "book_valuer_per_share": 17.11,
            "book_valuer_per_share_4q_avg": 17.56,
            "equity": 1369049,
            "current_ratio": 126.42,
            "debt_ratio": 55.25,
            "inventory_turnover_ratio": 2.1,
            "account_receivable_turnover_ratio": 1.34,
            "reinvestment_rate": null,
            "research_to_sale_ratio": null,
            "price_fair": 94.27,
            "eps_avg_yearly": 2.69,
            "eps_latest_yearly": 0.6,
            "eps_growth_yearly": 229.57
        },
        "20091": {
            "year_quarter": 20091,
            "year": 2009,
            "quarter": 1,
            "eps": 0.08,
            "eps_growth_year": null,
            "eps_4q": -0.1,
            "eps_4q_growth_year": -112.27,
            "roe": 0.45,
            "roe_4q": -0.8300000000000001,
            "gross_profit": 107329,
            "gross_margin": 17.49,
            "gross_margin_4q_avg": 16.31,
            "net_income": 6198,
            "revenue": 613675,
            "common_shares": 795623,
            "book_valuer_per_share": 17.45,
            "book_valuer_per_share_4q_avg": 17.24,
            "equity": 1388158,
            "current_ratio": 148.96,
            "debt_ratio": 51.86,
            "inventory_turnover_ratio": 1.95,
            "account_receivable_turnover_ratio": 0.64,
            "reinvestment_rate": null,
            "research_to_sale_ratio": null,
            "price_fair": 85.96,
            "eps_avg_yearly": 2.46,
            "eps_latest_yearly": 0.32,
            "eps_growth_yearly": 187.94
        },
        "20092": {
            "year_quarter": 20092,
            "year": 2009,
            "quarter": 2,
            "eps": -0.03,
            "eps_growth_year": null,
            "eps_4q": 0.42,
            "eps_4q_growth_year": null,
            "roe": -0.2,
            "roe_4q": 2.51,
            "gross_profit": 141313,
            "gross_margin": 19.87,
            "gross_margin_4q_avg": 17.71,
            "net_income": -2735,
            "revenue": 711341,
            "common_shares": 795623,
            "book_valuer_per_share": 16.78,
            "book_valuer_per_share_4q_avg": 17.02,
            "equity": 1334986,
            "current_ratio": 157.6,
            "debt_ratio": 50.37,
            "inventory_turnover_ratio": 2.43,
            "account_receivable_turnover_ratio": 0.79,
            "reinvestment_rate": 256.74,
            "research_to_sale_ratio": null,
            "price_fair": 85.96,
            "eps_avg_yearly": 2.46,
            "eps_latest_yearly": 0.32,
            "eps_growth_yearly": 187.94
        },
        "20093": {
            "year_quarter": 20093,
            "year": 2009,
            "quarter": 3,
            "eps": 0.14,
            "eps_growth_year": -36.36,
            "eps_4q": 0.35,
            "eps_4q_growth_year": null,
            "roe": 0.8,
            "roe_4q": 2.09,
            "gross_profit": 135473,
            "gross_margin": 16.68,
            "gross_margin_4q_avg": 17.9,
            "net_income": 10675,
            "revenue": 812328,
            "common_shares": 795623,
            "book_valuer_per_share": 16.93,
            "book_valuer_per_share_4q_avg": 17.07,
            "equity": 1346784,
            "current_ratio": 151.92,
            "debt_ratio": 52.95,
            "inventory_turnover_ratio": 2.7,
            "account_receivable_turnover_ratio": 0.84,
            "reinvestment_rate": 200.79,
            "research_to_sale_ratio": null,
            "price_fair": 85.96,
            "eps_avg_yearly": 2.46,
            "eps_latest_yearly": 0.32,
            "eps_growth_yearly": 187.94
        },
        "20094": {
            "year_quarter": 20094,
            "year": 2009,
            "quarter": 4,
            "eps": -0.08,
            "eps_growth_year": -153.33,
            "eps_4q": 0.09,
            "eps_4q_growth_year": null,
            "roe": -0.49,
            "roe_4q": 0.56,
            "gross_profit": 124759,
            "gross_margin": 15.17,
            "gross_margin_4q_avg": 17.3,
            "net_income": -6606,
            "revenue": 822344,
            "common_shares": 795623,
            "book_valuer_per_share": 16.82,
            "book_valuer_per_share_4q_avg": 17,
            "equity": 1338002,
            "current_ratio": 149.52,
            "debt_ratio": 52.83,
            "inventory_turnover_ratio": 2.34,
            "account_receivable_turnover_ratio": 1.27,
            "reinvestment_rate": 477.92,
            "research_to_sale_ratio": null,
            "price_fair": 85.87,
            "eps_avg_yearly": 2.45,
            "eps_latest_yearly": 0.32,
            "eps_growth_yearly": 230.31
        },
        "20101": {
            "year_quarter": 20101,
            "year": 2010,
            "quarter": 1,
            "eps": -0.18,
            "eps_growth_year": -325,
            "eps_4q": -0.16,
            "eps_4q_growth_year": null,
            "roe": -1.06,
            "roe_4q": -0.95,
            "gross_profit": 138706,
            "gross_margin": 17.2,
            "gross_margin_4q_avg": 17.23,
            "net_income": -14096,
            "revenue": 806503,
            "common_shares": 795623,
            "book_valuer_per_share": 16.6,
            "book_valuer_per_share_4q_avg": 16.78,
            "equity": 1320968,
            "current_ratio": 144.32,
            "debt_ratio": 54.75,
            "inventory_turnover_ratio": 1.89,
            "account_receivable_turnover_ratio": 0.62,
            "reinvestment_rate": 751.94,
            "research_to_sale_ratio": 4.84,
            "price_fair": 79.98,
            "eps_avg_yearly": 2.29,
            "eps_latest_yearly": 0.32,
            "eps_growth_yearly": 232.49
        },
        "20102": {
            "year_quarter": 20102,
            "year": 2010,
            "quarter": 2,
            "eps": 0.19,
            "eps_growth_year": null,
            "eps_4q": 0.06,
            "eps_4q_growth_year": -85.26,
            "roe": 1.12,
            "roe_4q": 0.3700000000000001,
            "gross_profit": 149587,
            "gross_margin": 18.33,
            "gross_margin_4q_avg": 16.85,
            "net_income": 14951,
            "revenue": 816290,
            "common_shares": 795623,
            "book_valuer_per_share": 17.1,
            "book_valuer_per_share_4q_avg": 16.86,
            "equity": 1360719,
            "current_ratio": 150.22,
            "debt_ratio": 51.86,
            "inventory_turnover_ratio": 1.72,
            "account_receivable_turnover_ratio": 0.61,
            "reinvestment_rate": 739.27,
            "research_to_sale_ratio": 4.74,
            "price_fair": 87.6,
            "eps_avg_yearly": 2.5,
            "eps_latest_yearly": 0.32,
            "eps_growth_yearly": 311.41
        },
        "20103": {
            "year_quarter": 20103,
            "year": 2010,
            "quarter": 3,
            "eps": -0.04,
            "eps_growth_year": -126.47,
            "eps_4q": -0.11,
            "eps_4q_growth_year": -131.58,
            "roe": -0.22,
            "roe_4q": -0.6499999999999999,
            "gross_profit": 147696,
            "gross_margin": 19.16,
            "gross_margin_4q_avg": 17.47,
            "net_income": -2948,
            "revenue": 770971,
            "common_shares": 795623,
            "book_valuer_per_share": 16.88,
            "book_valuer_per_share_4q_avg": 16.85,
            "equity": 1343385,
            "current_ratio": 153.1,
            "debt_ratio": 50.21,
            "inventory_turnover_ratio": 1.71,
            "account_receivable_turnover_ratio": 0.6,
            "reinvestment_rate": 1108.75,
            "research_to_sale_ratio": 4.87,
            "price_fair": 25.09,
            "eps_avg_yearly": 2.11,
            "eps_latest_yearly": 0.32,
            "eps_growth_yearly": 1.91
        },
        "20104": {
            "year_quarter": 20104,
            "year": 2010,
            "quarter": 4,
            "eps": -0.57,
            "eps_growth_year": null,
            "eps_4q": -0.6,
            "eps_4q_growth_year": -733.91,
            "roe": -3.53,
            "roe_4q": -3.69,
            "gross_profit": 140118,
            "gross_margin": 16.67,
            "gross_margin_4q_avg": 17.84,
            "net_income": -45653,
            "revenue": 840764,
            "common_shares": 795623,
            "book_valuer_per_share": 15.65,
            "book_valuer_per_share_4q_avg": 16.56,
            "equity": 1245099,
            "current_ratio": 189.43,
            "debt_ratio": 52.63,
            "inventory_turnover_ratio": 2.09,
            "account_receivable_turnover_ratio": 0.7,
            "reinvestment_rate": 1416.49,
            "research_to_sale_ratio": 4.66,
            "price_fair": 76.72,
            "eps_avg_yearly": 2.19,
            "eps_latest_yearly": 0.32,
            "eps_growth_yearly": 54.75
        },
        "20111": {
            "year_quarter": 20111,
            "year": 2011,
            "quarter": 1,
            "eps": -0.1,
            "eps_growth_year": null,
            "eps_4q": -0.52,
            "eps_4q_growth_year": null,
            "roe": -0.63,
            "roe_4q": -3.26,
            "gross_profit": 110975,
            "gross_margin": 14.51,
            "gross_margin_4q_avg": 17.17,
            "net_income": -7859,
            "revenue": 765061,
            "common_shares": 795623,
            "book_valuer_per_share": 15.73,
            "book_valuer_per_share_4q_avg": 16.34,
            "equity": 1251575,
            "current_ratio": 161.94,
            "debt_ratio": 57.33,
            "inventory_turnover_ratio": 1.79,
            "account_receivable_turnover_ratio": 0.64,
            "reinvestment_rate": null,
            "research_to_sale_ratio": 4.29,
            "price_fair": 5.16,
            "eps_avg_yearly": 1.72,
            "eps_latest_yearly": 0.32,
            "eps_growth_yearly": -74.42
        },
        "20112": {
            "year_quarter": 20112,
            "year": 2011,
            "quarter": 2,
            "eps": -0.2,
            "eps_growth_year": -206.25,
            "eps_4q": -0.91,
            "eps_4q_growth_year": -1569.24,
            "roe": -1.28,
            "roe_4q": -5.659999999999999,
            "gross_profit": 106247,
            "gross_margin": 11.86,
            "gross_margin_4q_avg": 15.55,
            "net_income": -15886,
            "revenue": 895499,
            "common_shares": 795623,
            "book_valuer_per_share": 15.39,
            "book_valuer_per_share_4q_avg": 15.91,
            "equity": 1224284,
            "current_ratio": 158.28,
            "debt_ratio": 58.6,
            "inventory_turnover_ratio": 1.91,
            "account_receivable_turnover_ratio": 0.7,
            "reinvestment_rate": null,
            "research_to_sale_ratio": 3.65,
            "price_fair": 4.44,
            "eps_avg_yearly": 1.48,
            "eps_latest_yearly": 0.32,
            "eps_growth_yearly": -45.63
        },
        "20113": {
            "year_quarter": 20113,
            "year": 2011,
            "quarter": 3,
            "eps": 0.04,
            "eps_growth_year": null,
            "eps_4q": -0.84,
            "eps_4q_growth_year": null,
            "roe": 0.27,
            "roe_4q": -5.17,
            "gross_profit": 111665,
            "gross_margin": 11.74,
            "gross_margin_4q_avg": 13.7,
            "net_income": 3430,
            "revenue": 951134,
            "common_shares": 795623,
            "book_valuer_per_share": 16.37,
            "book_valuer_per_share_4q_avg": 15.79,
            "equity": 1289641,
            "current_ratio": 151.82,
            "debt_ratio": 58.7,
            "inventory_turnover_ratio": 1.97,
            "account_receivable_turnover_ratio": 0.67,
            "reinvestment_rate": null,
            "research_to_sale_ratio": 3.31,
            "price_fair": 1.38,
            "eps_avg_yearly": 0.46,
            "eps_latest_yearly": 0.32,
            "eps_growth_yearly": -156.97
        },
        "20114": {
            "year_quarter": 20114,
            "year": 2011,
            "quarter": 4,
            "eps": -0.46,
            "eps_growth_year": null,
            "eps_4q": -0.66,
            "eps_4q_growth_year": null,
            "roe": -3.28,
            "roe_4q": -4.92,
            "gross_profit": 91318,
            "gross_margin": 10.96,
            "gross_margin_4q_avg": 12.27,
            "net_income": -47006,
            "revenue": 833037,
            "common_shares": 1049045,
            "book_valuer_per_share": 15.44,
            "book_valuer_per_share_4q_avg": 15.73,
            "equity": 1578009,
            "current_ratio": 128.37,
            "debt_ratio": 56.82,
            "inventory_turnover_ratio": 1.43,
            "account_receivable_turnover_ratio": 0.55,
            "reinvestment_rate": null,
            "research_to_sale_ratio": 3.61,
            "price_fair": 1.38,
            "eps_avg_yearly": 0.46,
            "eps_latest_yearly": 0.32,
            "eps_growth_yearly": -156.97
        },
        "20121": {
            "year_quarter": 20121,
            "year": 2012,
            "quarter": 1,
            "eps": 0.12,
            "eps_growth_year": null,
            "eps_4q": -0.47,
            "eps_4q_growth_year": null,
            "roe": 0.75,
            "roe_4q": -3.54,
            "gross_profit": 158883,
            "gross_margin": 16.38,
            "gross_margin_4q_avg": 12.74,
            "net_income": 11759,
            "revenue": 970108,
            "common_shares": 1021955,
            "book_valuer_per_share": 15.25,
            "book_valuer_per_share_4q_avg": 15.61,
            "equity": 1558413,
            "current_ratio": 128.09,
            "debt_ratio": 57.67,
            "inventory_turnover_ratio": 1.34,
            "account_receivable_turnover_ratio": 0.67,
            "reinvestment_rate": null,
            "research_to_sale_ratio": 3.28,
            "price_fair": 1.38,
            "eps_avg_yearly": 0.46,
            "eps_latest_yearly": 0.32,
            "eps_growth_yearly": -156.97
        },
        "20122": {
            "year_quarter": 20122,
            "year": 2012,
            "quarter": 2,
            "eps": 0.21,
            "eps_growth_year": null,
            "eps_4q": -0.1,
            "eps_4q_growth_year": null,
            "roe": 1.34,
            "roe_4q": -0.9199999999999999,
            "gross_profit": 161605,
            "gross_margin": 16.15,
            "gross_margin_4q_avg": 13.81,
            "net_income": 21121,
            "revenue": 1000605,
            "common_shares": 1021955,
            "book_valuer_per_share": 15.51,
            "book_valuer_per_share_4q_avg": 15.64,
            "equity": 1584925,
            "current_ratio": 135.56,
            "debt_ratio": 52.71,
            "inventory_turnover_ratio": 1.56,
            "account_receivable_turnover_ratio": 0.71,
            "reinvestment_rate": null,
            "research_to_sale_ratio": 3.53,
            "price_fair": 1.76,
            "eps_avg_yearly": 0.59,
            "eps_latest_yearly": 0.84,
            "eps_growth_yearly": -4.65
        },
        "20123": {
            "year_quarter": 20123,
            "year": 2012,
            "quarter": 3,
            "eps": 0.09,
            "eps_growth_year": 100.24,
            "eps_4q": -0.05,
            "eps_4q_growth_year": null,
            "roe": 0.56,
            "roe_4q": -0.6299999999999994,
            "gross_profit": 156353,
            "gross_margin": 17.37,
            "gross_margin_4q_avg": 15.22,
            "net_income": 8910,
            "revenue": 899880,
            "common_shares": 1021955,
            "book_valuer_per_share": 15.46,
            "book_valuer_per_share_4q_avg": 15.42,
            "equity": 1579830,
            "current_ratio": 143.55,
            "debt_ratio": 52.49,
            "inventory_turnover_ratio": 1.68,
            "account_receivable_turnover_ratio": 0.65,
            "reinvestment_rate": null,
            "research_to_sale_ratio": 3.58,
            "price_fair": 1.59,
            "eps_avg_yearly": 0.53,
            "eps_latest_yearly": 0.36,
            "eps_growth_yearly": -60.63
        },
        "20124": {
            "year_quarter": 20124,
            "year": 2012,
            "quarter": 4,
            "eps": 0.46,
            "eps_growth_year": null,
            "eps_4q": 0.86,
            "eps_4q_growth_year": null,
            "roe": 2.91,
            "roe_4q": 5.5600000000000005,
            "gross_profit": 201060,
            "gross_margin": 20.57,
            "gross_margin_4q_avg": 17.62,
            "net_income": 46594,
            "revenue": 977603,
            "common_shares": 1021955,
            "book_valuer_per_share": 15.91,
            "book_valuer_per_share_4q_avg": 15.53,
            "equity": 1625672,
            "current_ratio": 145.31,
            "debt_ratio": 51.22,
            "inventory_turnover_ratio": 1.85,
            "account_receivable_turnover_ratio": 0.71,
            "reinvestment_rate": null,
            "research_to_sale_ratio": 3.92,
            "price_fair": 29.4,
            "eps_avg_yearly": 0.84,
            "eps_latest_yearly": 1.84,
            "eps_growth_yearly": 382.3
        },
        "20131": {
            "year_quarter": 20131,
            "year": 2013,
            "quarter": 1,
            "eps": 0.03,
            "eps_growth_year": -75,
            "eps_4q": 0.74,
            "eps_4q_growth_year": null,
            "roe": 0.2,
            "roe_4q": 5.010000000000001,
            "gross_profit": 138012,
            "gross_margin": 18.22,
            "gross_margin_4q_avg": 18.08,
            "net_income": 3334,
            "revenue": 757525,
            "common_shares": 1074187,
            "book_valuer_per_share": 16.27,
            "book_valuer_per_share_4q_avg": 15.79,
            "equity": 1747770,
            "current_ratio": 158.68,
            "debt_ratio": 46.55,
            "inventory_turnover_ratio": 1.42,
            "account_receivable_turnover_ratio": 0.6,
            "reinvestment_rate": null,
            "research_to_sale_ratio": 4.36,
            "price_fair": 27.65,
            "eps_avg_yearly": 0.79,
            "eps_latest_yearly": 0.12,
            "eps_growth_yearly": 335.49
        },
        "20132": {
            "year_quarter": 20132,
            "year": 2013,
            "quarter": 2,
            "eps": -0.91,
            "eps_growth_year": -540.31,
            "eps_4q": -0.34,
            "eps_4q_growth_year": null,
            "roe": -5.76,
            "roe_4q": -2.0899999999999994,
            "gross_profit": 97714,
            "gross_margin": 14.01,
            "gross_margin_4q_avg": 17.54,
            "net_income": -98235,
            "revenue": 697332,
            "common_shares": 1074187,
            "book_valuer_per_share": 15.49,
            "book_valuer_per_share_4q_avg": 15.78,
            "equity": 1664261,
            "current_ratio": 154.32,
            "debt_ratio": 47.3,
            "inventory_turnover_ratio": 1.33,
            "account_receivable_turnover_ratio": 0.67,
            "reinvestment_rate": null,
            "research_to_sale_ratio": 5.22,
            "price_fair": 27.65,
            "eps_avg_yearly": 0.79,
            "eps_latest_yearly": 0.12,
            "eps_growth_yearly": 335.49
        },
        "20133": {
            "year_quarter": 20133,
            "year": 2013,
            "quarter": 3,
            "eps": -0.24,
            "eps_growth_year": -375.27,
            "eps_4q": -0.66,
            "eps_4q_growth_year": null,
            "roe": -1.7,
            "roe_4q": -4.35,
            "gross_profit": 109108,
            "gross_margin": 15.13,
            "gross_margin_4q_avg": 16.98,
            "net_income": -27968,
            "revenue": 721026,
            "common_shares": 1150999,
            "book_valuer_per_share": 14.17,
            "book_valuer_per_share_4q_avg": 15.46,
            "equity": 1631077,
            "current_ratio": 159.48,
            "debt_ratio": 44.88,
            "inventory_turnover_ratio": 1.39,
            "account_receivable_turnover_ratio": 0.76,
            "reinvestment_rate": null,
            "research_to_sale_ratio": 4.87,
            "price_fair": 27.65,
            "eps_avg_yearly": 0.79,
            "eps_latest_yearly": 0.12,
            "eps_growth_yearly": 335.49
        },
        "20134": {
            "year_quarter": 20134,
            "year": 2013,
            "quarter": 4,
            "eps": -0.06,
            "eps_growth_year": -112.79,
            "eps_4q": -1.09,
            "eps_4q_growth_year": -226.22,
            "roe": -0.41,
            "roe_4q": -7.669999999999999,
            "gross_profit": 129784,
            "gross_margin": 17.56,
            "gross_margin_4q_avg": 16.23,
            "net_income": -6933,
            "revenue": 738985,
            "common_shares": 1189094,
            "book_valuer_per_share": 14.4,
            "book_valuer_per_share_4q_avg": 15.08,
            "equity": 1711904,
            "current_ratio": 169.74,
            "debt_ratio": 45.82,
            "inventory_turnover_ratio": 1.35,
            "account_receivable_turnover_ratio": 0.8,
            "reinvestment_rate": null,
            "research_to_sale_ratio": 4.89,
            "price_fair": 27.65,
            "eps_avg_yearly": 0.79,
            "eps_latest_yearly": 0.12,
            "eps_growth_yearly": 335.49
        },
        "20141": {
            "year_quarter": 20141,
            "year": 2014,
            "quarter": 1,
            "eps": -0.2,
            "eps_growth_year": -766.67,
            "eps_4q": -1.32,
            "eps_4q_growth_year": -277.49,
            "roe": -1.41,
            "roe_4q": -9.28,
            "gross_profit": 102909,
            "gross_margin": 14.82,
            "gross_margin_4q_avg": 15.38,
            "net_income": -23961,
            "revenue": 694587,
            "common_shares": 1189094,
            "book_valuer_per_share": 14.19,
            "book_valuer_per_share_4q_avg": 14.56,
            "equity": 1687827,
            "current_ratio": 181.45,
            "debt_ratio": 46.12,
            "inventory_turnover_ratio": 1.57,
            "account_receivable_turnover_ratio": 0.82,
            "reinvestment_rate": null,
            "research_to_sale_ratio": 4.92,
            "price_fair": 27.65,
            "eps_avg_yearly": 0.79,
            "eps_latest_yearly": 0.12,
            "eps_growth_yearly": 335.49
        },
        "20142": {
            "year_quarter": 20142,
            "year": 2014,
            "quarter": 2,
            "eps": -0.01,
            "eps_growth_year": null,
            "eps_4q": -0.49,
            "eps_4q_growth_year": null,
            "roe": -0.09,
            "roe_4q": -3.61,
            "gross_profit": 78504,
            "gross_margin": 15.55,
            "gross_margin_4q_avg": 15.77,
            "net_income": -1580,
            "revenue": 504811,
            "common_shares": 1241094,
            "book_valuer_per_share": 13.77,
            "book_valuer_per_share_4q_avg": 14.13,
            "equity": 1709466,
            "current_ratio": 182.06,
            "debt_ratio": 39.51,
            "inventory_turnover_ratio": 1.63,
            "account_receivable_turnover_ratio": 0.63,
            "reinvestment_rate": null,
            "research_to_sale_ratio": 5.69,
            "price_fair": 27.65,
            "eps_avg_yearly": 0.79,
            "eps_latest_yearly": 0.12,
            "eps_growth_yearly": 335.49
        },
        "20143": {
            "year_quarter": 20143,
            "year": 2014,
            "quarter": 3,
            "eps": -0.08,
            "eps_growth_year": null,
            "eps_4q": -0.34,
            "eps_4q_growth_year": null,
            "roe": -0.58,
            "roe_4q": -2.49,
            "gross_profit": 105111,
            "gross_margin": 19.69,
            "gross_margin_4q_avg": 16.91,
            "net_income": -9954,
            "revenue": 533734,
            "common_shares": 1240894,
            "book_valuer_per_share": 13.95,
            "book_valuer_per_share_4q_avg": 14.08,
            "equity": 1730643,
            "current_ratio": 182.07,
            "debt_ratio": 39.53,
            "inventory_turnover_ratio": 1.66,
            "account_receivable_turnover_ratio": 0.61,
            "reinvestment_rate": null,
            "research_to_sale_ratio": 5.99,
            "price_fair": 27.65,
            "eps_avg_yearly": 0.79,
            "eps_latest_yearly": 0.12,
            "eps_growth_yearly": 335.49
        },
        "20144": {
            "year_quarter": 20144,
            "year": 2014,
            "quarter": 4,
            "eps": -0,
            "eps_growth_year": null,
            "eps_4q": -0.29,
            "eps_4q_growth_year": null,
            "roe": -0.02,
            "roe_4q": -2.0999999999999996,
            "gross_profit": 117088,
            "gross_margin": 21.02,
            "gross_margin_4q_avg": 17.77,
            "net_income": -359,
            "revenue": 557148,
            "common_shares": 1240794,
            "book_valuer_per_share": 14.27,
            "book_valuer_per_share_4q_avg": 14.05,
            "equity": 1769105,
            "current_ratio": 184.02,
            "debt_ratio": 39.33,
            "inventory_turnover_ratio": 1.53,
            "account_receivable_turnover_ratio": 0.6,
            "reinvestment_rate": null,
            "research_to_sale_ratio": 6.02,
            "price_fair": 27.65,
            "eps_avg_yearly": 0.79,
            "eps_latest_yearly": 0.12,
            "eps_growth_yearly": 335.49
        },
        "20151": {
            "year_quarter": 20151,
            "year": 2015,
            "quarter": 1,
            "eps": -0.06,
            "eps_growth_year": null,
            "eps_4q": -0.16,
            "eps_4q_growth_year": null,
            "roe": -0.44,
            "roe_4q": -1.1300000000000001,
            "gross_profit": 101981,
            "gross_margin": 20.79,
            "gross_margin_4q_avg": 19.26,
            "net_income": -7773,
            "revenue": 490466,
            "common_shares": 1239754,
            "book_valuer_per_share": 14.14,
            "book_valuer_per_share_4q_avg": 14.03,
            "equity": 1752694,
            "current_ratio": 184.88,
            "debt_ratio": 38.93,
            "inventory_turnover_ratio": 1.33,
            "account_receivable_turnover_ratio": 0.54,
            "reinvestment_rate": null,
            "research_to_sale_ratio": 6.21,
            "price_fair": 27.65,
            "eps_avg_yearly": 0.79,
            "eps_latest_yearly": 0.12,
            "eps_growth_yearly": 335.49
        },
        "20152": {
            "year_quarter": 20152,
            "year": 2015,
            "quarter": 2,
            "eps": -0.41,
            "eps_growth_year": null,
            "eps_4q": -0.55,
            "eps_4q_growth_year": null,
            "roe": -2.87,
            "roe_4q": -3.91,
            "gross_profit": 78082,
            "gross_margin": 16.92,
            "gross_margin_4q_avg": 19.61,
            "net_income": -49100,
            "revenue": 461434,
            "common_shares": 1239154,
            "book_valuer_per_share": 13.75,
            "book_valuer_per_share_4q_avg": 14.03,
            "equity": 1665414,
            "current_ratio": 188.93,
            "debt_ratio": 37.11,
            "inventory_turnover_ratio": 1.51,
            "account_receivable_turnover_ratio": 0.53,
            "reinvestment_rate": null,
            "research_to_sale_ratio": 7.31,
            "price_fair": 27.65,
            "eps_avg_yearly": 0.79,
            "eps_latest_yearly": 0.12,
            "eps_growth_yearly": 335.49
        },
        "20153": {
            "year_quarter": 20153,
            "year": 2015,
            "quarter": 3,
            "eps": 0.05,
            "eps_growth_year": null,
            "eps_4q": -0.43,
            "eps_4q_growth_year": null,
            "roe": 0.33,
            "roe_4q": -3,
            "gross_profit": 117913,
            "gross_margin": 19.28,
            "gross_margin_4q_avg": 19.5,
            "net_income": 5662,
            "revenue": 611427,
            "common_shares": 1207424,
            "book_valuer_per_share": 14.43,
            "book_valuer_per_share_4q_avg": 14.15,
            "equity": 1741902,
            "current_ratio": 184.89,
            "debt_ratio": 37.41,
            "inventory_turnover_ratio": 2.27,
            "account_receivable_turnover_ratio": 0.66,
            "reinvestment_rate": null,
            "research_to_sale_ratio": 5.58,
            "price_fair": 27.65,
            "eps_avg_yearly": 0.79,
            "eps_latest_yearly": 0.12,
            "eps_growth_yearly": 335.49
        },
        "20154": {
            "year_quarter": 20154,
            "year": 2015,
            "quarter": 4,
            "eps": -0.06,
            "eps_growth_year": null,
            "eps_4q": -0.49,
            "eps_4q_growth_year": null,
            "roe": -0.43,
            "roe_4q": -3.41,
            "gross_profit": 98130,
            "gross_margin": 14.87,
            "gross_margin_4q_avg": 17.97,
            "net_income": -7349,
            "revenue": 660096,
            "common_shares": 1207004,
            "book_valuer_per_share": 14.07,
            "book_valuer_per_share_4q_avg": 14.1,
            "equity": 1698483,
            "current_ratio": 190.91,
            "debt_ratio": 35.96,
            "inventory_turnover_ratio": 2.8,
            "account_receivable_turnover_ratio": 0.7,
            "reinvestment_rate": null,
            "research_to_sale_ratio": 5.72,
            "price_fair": 27.65,
            "eps_avg_yearly": 0.79,
            "eps_latest_yearly": 0.12,
            "eps_growth_yearly": 335.49
        },
        "20161": {
            "year_quarter": 20161,
            "year": 2016,
            "quarter": 1,
            "eps": -0.32,
            "eps_growth_year": null,
            "eps_4q": -0.73,
            "eps_4q_growth_year": null,
            "roe": -2.26,
            "roe_4q": -5.23,
            "gross_profit": 70001,
            "gross_margin": 12.86,
            "gross_margin_4q_avg": 15.98,
            "net_income": -37869,
            "revenue": 544424,
            "common_shares": 1206934,
            "book_valuer_per_share": 13.67,
            "book_valuer_per_share_4q_avg": 13.98,
            "equity": 1649713,
            "current_ratio": 200.06,
            "debt_ratio": 33.18,
            "inventory_turnover_ratio": 2.37,
            "account_receivable_turnover_ratio": 0.65,
            "reinvestment_rate": null,
            "research_to_sale_ratio": 5.53,
            "price_fair": 27.65,
            "eps_avg_yearly": 0.79,
            "eps_latest_yearly": 0.12,
            "eps_growth_yearly": 335.49
        },
        "20162": {
            "year_quarter": 20162,
            "year": 2016,
            "quarter": 2,
            "eps": 0.08,
            "eps_growth_year": null,
            "eps_4q": -0.25,
            "eps_4q_growth_year": null,
            "roe": 0.57,
            "roe_4q": -1.79,
            "gross_profit": 91412,
            "gross_margin": 17.02,
            "gross_margin_4q_avg": 16.01,
            "net_income": 9444,
            "revenue": 537099,
            "common_shares": 1206514,
            "book_valuer_per_share": 13.57,
            "book_valuer_per_share_4q_avg": 13.94,
            "equity": 1636175,
            "current_ratio": 194.06,
            "debt_ratio": 34.27,
            "inventory_turnover_ratio": 1.81,
            "account_receivable_turnover_ratio": 0.68,
            "reinvestment_rate": null,
            "research_to_sale_ratio": 6.07,
            "price_fair": 27.07,
            "eps_avg_yearly": 0.77,
            "eps_latest_yearly": 0.12,
            "eps_growth_yearly": 347.32
        },
        "20163": {
            "year_quarter": 20163,
            "year": 2016,
            "quarter": 3,
            "eps": 0.42,
            "eps_growth_year": 740,
            "eps_4q": 0.11,
            "eps_4q_growth_year": null,
            "roe": 3.02,
            "roe_4q": 0.9000000000000001,
            "gross_profit": 130988,
            "gross_margin": 17.95,
            "gross_margin_4q_avg": 15.68,
            "net_income": 49471,
            "revenue": 729843,
            "common_shares": 1205154,
            "book_valuer_per_share": 13.67,
            "book_valuer_per_share_4q_avg": 13.75,
            "equity": 1644387,
            "current_ratio": 197.15,
            "debt_ratio": 33.81,
            "inventory_turnover_ratio": 2.11,
            "account_receivable_turnover_ratio": 0.86,
            "reinvestment_rate": null,
            "research_to_sale_ratio": 4.18,
            "price_fair": 42.47,
            "eps_avg_yearly": 1.21,
            "eps_latest_yearly": 1.68,
            "eps_growth_yearly": 990.18
        },
        "20164": {
            "year_quarter": 20164,
            "year": 2016,
            "quarter": 4,
            "eps": 0.64,
            "eps_growth_year": null,
            "eps_4q": 0.81,
            "eps_4q_growth_year": null,
            "roe": 4.64,
            "roe_4q": 5.970000000000001,
            "gross_profit": 160014,
            "gross_margin": 18.57,
            "gross_margin_4q_avg": 16.6,
            "net_income": 77018,
            "revenue": 861594,
            "common_shares": 1204954,
            "book_valuer_per_share": 13.92,
            "book_valuer_per_share_4q_avg": 13.71,
            "equity": 1677548,
            "current_ratio": 192.7,
            "debt_ratio": 36.27,
            "inventory_turnover_ratio": 2.58,
            "account_receivable_turnover_ratio": 0.85,
            "reinvestment_rate": null,
            "research_to_sale_ratio": 3.97,
            "price_fair": 50.87,
            "eps_avg_yearly": 1.45,
            "eps_latest_yearly": 2.56,
            "eps_growth_yearly": 511.87
        },
        "20171": {
            "year_quarter": 20171,
            "year": 2017,
            "quarter": 1,
            "eps": 0.09,
            "eps_growth_year": null,
            "eps_4q": 1.22,
            "eps_4q_growth_year": null,
            "roe": 0.65,
            "roe_4q": 8.88,
            "gross_profit": 122932,
            "gross_margin": 20.14,
            "gross_margin_4q_avg": 18.42,
            "net_income": 10801,
            "revenue": 610468,
            "common_shares": 1204954,
            "book_valuer_per_share": 13.52,
            "book_valuer_per_share_4q_avg": 13.67,
            "equity": 1628830,
            "current_ratio": 203.63,
            "debt_ratio": 34.08,
            "inventory_turnover_ratio": 2.03,
            "account_receivable_turnover_ratio": 0.61,
            "reinvestment_rate": null,
            "research_to_sale_ratio": 4.23,
            "price_fair": 53.67,
            "eps_avg_yearly": 1.53,
            "eps_latest_yearly": 0.36,
            "eps_growth_yearly": 521.92
        },
        "20172": {
            "year_quarter": 20172,
            "year": 2017,
            "quarter": 2,
            "eps": 0.09,
            "eps_growth_year": 12.5,
            "eps_4q": 1.23,
            "eps_4q_growth_year": null,
            "roe": 0.67,
            "roe_4q": 8.98,
            "gross_profit": 112023,
            "gross_margin": 21.44,
            "gross_margin_4q_avg": 19.53,
            "net_income": 10807,
            "revenue": 522532,
            "common_shares": 1204804,
            "book_valuer_per_share": 13.37,
            "book_valuer_per_share_4q_avg": 13.62,
            "equity": 1620683,
            "current_ratio": 222.49,
            "debt_ratio": 30.46,
            "inventory_turnover_ratio": 1.95,
            "account_receivable_turnover_ratio": 0.57,
            "reinvestment_rate": null,
            "research_to_sale_ratio": 5.23,
            "price_fair": 43.4,
            "eps_avg_yearly": 1.24,
            "eps_latest_yearly": 0.36,
            "eps_growth_yearly": 391.44
        },
        "20173": {
            "year_quarter": 20173,
            "year": 2017,
            "quarter": 3,
            "eps": 0.06,
            "eps_growth_year": -85.71,
            "eps_4q": 0.89,
            "eps_4q_growth_year": 678.74,
            "roe": 0.45,
            "roe_4q": 6.41,
            "gross_profit": 103158,
            "gross_margin": 19.75,
            "gross_margin_4q_avg": 19.98,
            "net_income": 7322,
            "revenue": 522340,
            "common_shares": 1204804,
            "book_valuer_per_share": 13.53,
            "book_valuer_per_share_4q_avg": 13.59,
            "equity": 1640582,
            "current_ratio": 221.93,
            "debt_ratio": 30.86,
            "inventory_turnover_ratio": 2.11,
            "account_receivable_turnover_ratio": 0.56,
            "reinvestment_rate": -384.96,
            "research_to_sale_ratio": 4.98,
            "price_fair": 36.4,
            "eps_avg_yearly": 1.04,
            "eps_latest_yearly": 0.24,
            "eps_growth_yearly": 286.49
        },
        "20174": {
            "year_quarter": 20174,
            "year": 2017,
            "quarter": 4,
            "eps": -0.91,
            "eps_growth_year": -243.11,
            "eps_4q": -0.67,
            "eps_4q_growth_year": -182.19,
            "roe": -7.04,
            "roe_4q": -5.27,
            "gross_profit": 90633,
            "gross_margin": 18.97,
            "gross_margin_4q_avg": 20.08,
            "net_income": -111219,
            "revenue": 477652,
            "common_shares": 1204804,
            "book_valuer_per_share": 12.54,
            "book_valuer_per_share_4q_avg": 13.24,
            "equity": 1519592,
            "current_ratio": 213.94,
            "debt_ratio": 31.27,
            "inventory_turnover_ratio": 2.01,
            "account_receivable_turnover_ratio": 0.58,
            "reinvestment_rate": null,
            "research_to_sale_ratio": 6.17,
            "price_fair": 36.4,
            "eps_avg_yearly": 1.04,
            "eps_latest_yearly": 0.24,
            "eps_growth_yearly": 286.49
        },
        "20181": {
            "year_quarter": 20181,
            "year": 2018,
            "quarter": 1,
            "eps": -0.11,
            "eps_growth_year": -222.22,
            "eps_4q": -0.87,
            "eps_4q_growth_year": -171.51,
            "roe": -0.97,
            "roe_4q": -6.89,
            "gross_profit": 86769,
            "gross_margin": 19.75,
            "gross_margin_4q_avg": 19.98,
            "net_income": -14674,
            "revenue": 439415,
            "common_shares": 1204804,
            "book_valuer_per_share": 12.55,
            "book_valuer_per_share_4q_avg": 13,
            "equity": 1519574,
            "current_ratio": 203.23,
            "debt_ratio": 32.95,
            "inventory_turnover_ratio": 1.71,
            "account_receivable_turnover_ratio": 0.67,
            "reinvestment_rate": null,
            "research_to_sale_ratio": 5.46,
            "price_fair": 36.4,
            "eps_avg_yearly": 1.04,
            "eps_latest_yearly": 0.24,
            "eps_growth_yearly": 286.49
        },
        "20182": {
            "year_quarter": 20182,
            "year": 2018,
            "quarter": 2,
            "eps": 0.3,
            "eps_growth_year": 233.33,
            "eps_4q": -0.67,
            "eps_4q_growth_year": -154.18,
            "roe": 2.25,
            "roe_4q": -5.31,
            "gross_profit": 112742,
            "gross_margin": 20.95,
            "gross_margin_4q_avg": 19.86,
            "net_income": 34584,
            "revenue": 538094,
            "common_shares": 1204804,
            "book_valuer_per_share": 12.83,
            "book_valuer_per_share_4q_avg": 12.86,
            "equity": 1551809,
            "current_ratio": 207.9,
            "debt_ratio": 32.73,
            "inventory_turnover_ratio": 2.06,
            "account_receivable_turnover_ratio": 0.84,
            "reinvestment_rate": null,
            "research_to_sale_ratio": 4.76,
            "price_fair": 36.4,
            "eps_avg_yearly": 1.04,
            "eps_latest_yearly": 0.24,
            "eps_growth_yearly": 286.49
        },
        "20183": {
            "year_quarter": 20183,
            "year": 2018,
            "quarter": 3,
            "eps": 0.21,
            "eps_growth_year": 250,
            "eps_4q": -0.52,
            "eps_4q_growth_year": -158.92,
            "roe": 1.58,
            "roe_4q": -4.18,
            "gross_profit": 106137,
            "gross_margin": 22.77,
            "gross_margin_4q_avg": 20.61,
            "net_income": 24337,
            "revenue": 466114,
            "common_shares": 1204804,
            "book_valuer_per_share": 12.63,
            "book_valuer_per_share_4q_avg": 12.64,
            "equity": 1526885,
            "current_ratio": 235.61,
            "debt_ratio": 29.06,
            "inventory_turnover_ratio": 1.91,
            "account_receivable_turnover_ratio": 0.72,
            "reinvestment_rate": -4302.72,
            "research_to_sale_ratio": 5.24,
            "price_fair": 35.23,
            "eps_avg_yearly": 1.01,
            "eps_latest_yearly": 0.84,
            "eps_growth_yearly": 218.74
        },
        "20184": {
            "year_quarter": 20184,
            "year": 2018,
            "quarter": 4,
            "eps": 0.2,
            "eps_growth_year": null,
            "eps_4q": 0.59,
            "eps_4q_growth_year": null,
            "roe": 1.42,
            "roe_4q": 4.28,
            "gross_profit": 97745,
            "gross_margin": 23.13,
            "gross_margin_4q_avg": 21.65,
            "net_income": 21925,
            "revenue": 422584,
            "common_shares": 1204804,
            "book_valuer_per_share": 12.89,
            "book_valuer_per_share_4q_avg": 12.73,
            "equity": 1556101,
            "current_ratio": 251.36,
            "debt_ratio": 26.87,
            "inventory_turnover_ratio": 1.58,
            "account_receivable_turnover_ratio": 0.68,
            "reinvestment_rate": -839.41,
            "research_to_sale_ratio": 5.54,
            "price_fair": 34.2,
            "eps_avg_yearly": 0.98,
            "eps_latest_yearly": 0.8,
            "eps_growth_yearly": 184.77
        },
        "20191": {
            "year_quarter": 20191,
            "year": 2019,
            "quarter": 1,
            "eps": -0.22,
            "eps_growth_year": null,
            "eps_4q": 0.48,
            "eps_4q_growth_year": null,
            "roe": -1.8,
            "roe_4q": 3.45,
            "gross_profit": 46931,
            "gross_margin": 13.69,
            "gross_margin_4q_avg": 20.14,
            "net_income": -27987,
            "revenue": 342808,
            "common_shares": 1204804,
            "book_valuer_per_share": 12.85,
            "book_valuer_per_share_4q_avg": 12.8,
            "equity": 1550238,
            "current_ratio": 238.5,
            "debt_ratio": 27.3,
            "inventory_turnover_ratio": 1.38,
            "account_receivable_turnover_ratio": 0.57,
            "reinvestment_rate": -1916.15,
            "research_to_sale_ratio": 6.38,
            "price_fair": 34.2,
            "eps_avg_yearly": 0.98,
            "eps_latest_yearly": 0.8,
            "eps_growth_yearly": 184.77
        },
        "20192": {
            "year_quarter": 20192,
            "year": 2019,
            "quarter": 2,
            "eps": 0.08,
            "eps_growth_year": -73.33,
            "eps_4q": 0.27,
            "eps_4q_growth_year": null,
            "roe": 0.56,
            "roe_4q": 1.76,
            "gross_profit": 67263,
            "gross_margin": 17.23,
            "gross_margin_4q_avg": 19.21,
            "net_income": 8609,
            "revenue": 390366,
            "common_shares": 1204804,
            "book_valuer_per_share": 12.86,
            "book_valuer_per_share_4q_avg": 12.81,
            "equity": 1549434,
            "current_ratio": 231.82,
            "debt_ratio": 28.11,
            "inventory_turnover_ratio": 1.5,
            "account_receivable_turnover_ratio": 0.67,
            "reinvestment_rate": -267.91,
            "research_to_sale_ratio": 6.06,
            "price_fair": 34.2,
            "eps_avg_yearly": 0.98,
            "eps_latest_yearly": 0.8,
            "eps_growth_yearly": 184.77
        },
        "20193": {
            "year_quarter": 20193,
            "year": 2019,
            "quarter": 3,
            "eps": -0.09,
            "eps_growth_year": -142.86,
            "eps_4q": -0.03,
            "eps_4q_growth_year": null,
            "roe": -0.77,
            "roe_4q": -0.5899999999999999,
            "gross_profit": 69683,
            "gross_margin": 16.42,
            "gross_margin_4q_avg": 17.62,
            "net_income": -11738,
            "revenue": 424496,
            "common_shares": 1204804,
            "book_valuer_per_share": 12.45,
            "book_valuer_per_share_4q_avg": 12.76,
            "equity": 1505906,
            "current_ratio": 213.09,
            "debt_ratio": 32.8,
            "inventory_turnover_ratio": 1.65,
            "account_receivable_turnover_ratio": 0.72,
            "reinvestment_rate": -135.16,
            "research_to_sale_ratio": 5.51,
            "price_fair": 34.2,
            "eps_avg_yearly": 0.98,
            "eps_latest_yearly": 0.8,
            "eps_growth_yearly": 184.77
        },
        "20194": {
            "year_quarter": 20194,
            "year": 2019,
            "quarter": 4,
            "eps": -0.36,
            "eps_growth_year": -281.11,
            "eps_4q": -0.58,
            "eps_4q_growth_year": -198.18,
            "roe": -2.93,
            "roe_4q": -4.94,
            "gross_profit": 77284,
            "gross_margin": 18.46,
            "gross_margin_4q_avg": 16.45,
            "net_income": -43534,
            "revenue": 418607,
            "common_shares": 1204804,
            "book_valuer_per_share": 12.11,
            "book_valuer_per_share_4q_avg": 12.57,
            "equity": 1464268,
            "current_ratio": 196.77,
            "debt_ratio": 36.59,
            "inventory_turnover_ratio": 1.63,
            "account_receivable_turnover_ratio": 0.72,
            "reinvestment_rate": -433.61,
            "research_to_sale_ratio": 5.19,
            "price_fair": 34.2,
            "eps_avg_yearly": 0.98,
            "eps_latest_yearly": 0.8,
            "eps_growth_yearly": 184.77
        },
        "20201": {
            "year_quarter": 20201,
            "year": 2020,
            "quarter": 1,
            "eps": -0.49,
            "eps_growth_year": null,
            "eps_4q": -0.85,
            "eps_4q_growth_year": -276.26,
            "roe": -4.16,
            "roe_4q": -7.299999999999999,
            "gross_profit": 30124,
            "gross_margin": 10.79,
            "gross_margin_4q_avg": 15.73,
            "net_income": -59594,
            "revenue": 279139,
            "common_shares": 1204804,
            "book_valuer_per_share": 11.59,
            "book_valuer_per_share_4q_avg": 12.25,
            "equity": 1400539,
            "current_ratio": 192.21,
            "debt_ratio": 37.98,
            "inventory_turnover_ratio": 1.07,
            "account_receivable_turnover_ratio": 0.54,
            "reinvestment_rate": null,
            "research_to_sale_ratio": 5.96,
            "price_fair": 34.2,
            "eps_avg_yearly": 0.98,
            "eps_latest_yearly": 0.8,
            "eps_growth_yearly": 184.77
        },
        "20202": {
            "year_quarter": 20202,
            "year": 2020,
            "quarter": 2,
            "eps": 0.11,
            "eps_growth_year": 37.5,
            "eps_4q": -0.83,
            "eps_4q_growth_year": -406.05,
            "roe": 0.89,
            "roe_4q": -6.970000000000001,
            "gross_profit": 97523,
            "gross_margin": 21.14,
            "gross_margin_4q_avg": 16.7,
            "net_income": 12489,
            "revenue": 461256,
            "common_shares": 1204804,
            "book_valuer_per_share": 11.57,
            "book_valuer_per_share_4q_avg": 11.93,
            "equity": 1398102,
            "current_ratio": 185.58,
            "debt_ratio": 43.27,
            "inventory_turnover_ratio": 1.51,
            "account_receivable_turnover_ratio": 1,
            "reinvestment_rate": 707.39,
            "research_to_sale_ratio": 4.76,
            "price_fair": 34.2,
            "eps_avg_yearly": 0.98,
            "eps_latest_yearly": 0.8,
            "eps_growth_yearly": 184.77
        },
        "20203": {
            "year_quarter": 20203,
            "year": 2020,
            "quarter": 3,
            "eps": 0.96,
            "eps_growth_year": null,
            "eps_4q": 0.22,
            "eps_4q_growth_year": null,
            "roe": 7.87,
            "roe_4q": 1.6699999999999995,
            "gross_profit": 66217,
            "gross_margin": 16.61,
            "gross_margin_4q_avg": 16.75,
            "net_income": 114684,
            "revenue": 398540,
            "common_shares": 1204804,
            "book_valuer_per_share": 12.55,
            "book_valuer_per_share_4q_avg": 11.96,
            "equity": 1516029,
            "current_ratio": 190.65,
            "debt_ratio": 43.33,
            "inventory_turnover_ratio": 1.55,
            "account_receivable_turnover_ratio": 0.76,
            "reinvestment_rate": 104.59,
            "research_to_sale_ratio": 5.89,
            "price_fair": 45,
            "eps_avg_yearly": 1.29,
            "eps_latest_yearly": 3.84,
            "eps_growth_yearly": 383.47
        },
        "20204": {
            "year_quarter": 20204,
            "year": 2020,
            "quarter": 4,
            "eps": 0.04,
            "eps_growth_year": null,
            "eps_4q": 0.61,
            "eps_4q_growth_year": null,
            "roe": 0.33,
            "roe_4q": 4.93,
            "gross_profit": 40283,
            "gross_margin": 10.04,
            "gross_margin_4q_avg": 14.65,
            "net_income": 4947,
            "revenue": 401048,
            "common_shares": 1204804,
            "book_valuer_per_share": 12.61,
            "book_valuer_per_share_4q_avg": 12.08,
            "equity": 1523141,
            "current_ratio": 263.34,
            "debt_ratio": 35.27,
            "inventory_turnover_ratio": 1.92,
            "account_receivable_turnover_ratio": 0.7,
            "reinvestment_rate": null,
            "research_to_sale_ratio": 5.43,
            "price_fair": 33,
            "eps_avg_yearly": 0.94,
            "eps_latest_yearly": 0.16,
            "eps_growth_yearly": 298.78
        },
        "20211": {
            "year_quarter": 20211,
            "year": 2021,
            "quarter": 1,
            "eps": -0.06,
            "eps_growth_year": null,
            "eps_4q": 1.04,
            "eps_4q_growth_year": null,
            "roe": -0.47,
            "roe_4q": 8.620000000000001,
            "gross_profit": 64664,
            "gross_margin": 19.8,
            "gross_margin_4q_avg": 16.9,
            "net_income": -7067,
            "revenue": 326641,
            "common_shares": 1204804,
            "book_valuer_per_share": 12.53,
            "book_valuer_per_share_4q_avg": 12.32,
            "equity": 1513476,
            "current_ratio": 282.64,
            "debt_ratio": 34.42,
            "inventory_turnover_ratio": 1.28,
            "account_receivable_turnover_ratio": 0.62,
            "reinvestment_rate": null,
            "research_to_sale_ratio": 6.87,
            "price_fair": 36.4,
            "eps_avg_yearly": 1.04,
            "eps_latest_yearly": 0.16,
            "eps_growth_yearly": 405.87
        },
        "20212": {
            "year_quarter": 20212,
            "year": 2021,
            "quarter": 2,
            "eps": -0.01,
            "eps_growth_year": -109.09,
            "eps_4q": 0.93,
            "eps_4q_growth_year": null,
            "roe": -0.07,
            "roe_4q": 7.66,
            "gross_profit": 79060,
            "gross_margin": 17.15,
            "gross_margin_4q_avg": 15.9,
            "net_income": -1069,
            "revenue": 460859,
            "common_shares": 1204804,
            "book_valuer_per_share": 12.49,
            "book_valuer_per_share_4q_avg": 12.55,
            "equity": 1508606,
            "current_ratio": 255.28,
            "debt_ratio": 36.65,
            "inventory_turnover_ratio": 1.52,
            "account_receivable_turnover_ratio": 0.93,
            "reinvestment_rate": null,
            "research_to_sale_ratio": 4.87,
            "price_fair": 41.16,
            "eps_avg_yearly": 1.18,
            "eps_latest_yearly": 0.16,
            "eps_growth_yearly": 487.04
        },
        "20213": {
            "year_quarter": 20213,
            "year": 2021,
            "quarter": 3,
            "eps": -0.06,
            "eps_growth_year": -106.25,
            "eps_4q": -0.08,
            "eps_4q_growth_year": -138.42,
            "roe": -0.46,
            "roe_4q": -0.6699999999999999,
            "gross_profit": 63539,
            "gross_margin": 15.32,
            "gross_margin_4q_avg": 15.58,
            "net_income": -6858,
            "revenue": 414876,
            "common_shares": 1204804,
            "book_valuer_per_share": 11.93,
            "book_valuer_per_share_4q_avg": 12.39,
            "equity": 1440893,
            "current_ratio": 227.14,
            "debt_ratio": 38.68,
            "inventory_turnover_ratio": 1.3,
            "account_receivable_turnover_ratio": 0.76,
            "reinvestment_rate": null,
            "research_to_sale_ratio": 5.92,
            "price_fair": 49.35,
            "eps_avg_yearly": 1.41,
            "eps_latest_yearly": 0.16,
            "eps_growth_yearly": 642.13
        },
        "20214": {
            "year_quarter": 20214,
            "year": 2021,
            "quarter": 4,
            "eps": -0.21,
            "eps_growth_year": -613.43,
            "eps_4q": -0.33,
            "eps_4q_growth_year": -153.91,
            "roe": -1.77,
            "roe_4q": -2.7699999999999996,
            "gross_profit": 69013,
            "gross_margin": 18.25,
            "gross_margin_4q_avg": 17.63,
            "net_income": -25351,
            "revenue": 378157,
            "common_shares": 1204804,
            "book_valuer_per_share": 11.76,
            "book_valuer_per_share_4q_avg": 12.18,
            "equity": 1419293,
            "current_ratio": 210.33,
            "debt_ratio": 41.5,
            "inventory_turnover_ratio": 1.05,
            "account_receivable_turnover_ratio": 0.66,
            "reinvestment_rate": 847.44,
            "research_to_sale_ratio": 6.48,
            "price_fair": 49.35,
            "eps_avg_yearly": 1.41,
            "eps_latest_yearly": 0.16,
            "eps_growth_yearly": 642.13
        },
        "20221": {
            "year_quarter": 20221,
            "year": 2022,
            "quarter": 1,
            "eps": -0.22,
            "eps_growth_year": null,
            "eps_4q": -0.5,
            "eps_4q_growth_year": -147.57,
            "roe": -1.92,
            "roe_4q": -4.220000000000001,
            "gross_profit": 45098,
            "gross_margin": 12.83,
            "gross_margin_4q_avg": 15.89,
            "net_income": -27218,
            "revenue": 351395,
            "common_shares": 1204804,
            "book_valuer_per_share": 11.74,
            "book_valuer_per_share_4q_avg": 11.98,
            "equity": 1417487,
            "current_ratio": 181.51,
            "debt_ratio": 44.83,
            "inventory_turnover_ratio": 0.88,
            "account_receivable_turnover_ratio": 0.63,
            "reinvestment_rate": 1488.64,
            "research_to_sale_ratio": 6.97,
            "price_fair": 49.35,
            "eps_avg_yearly": 1.41,
            "eps_latest_yearly": 0.16,
            "eps_growth_yearly": 642.13
        },
        "20222": {
            "year_quarter": 20222,
            "year": 2022,
            "quarter": 2,
            "eps": 0.16,
            "eps_growth_year": null,
            "eps_4q": -0.33,
            "eps_4q_growth_year": -135.07,
            "roe": 1.26,
            "roe_4q": -2.8899999999999997,
            "gross_profit": 82011,
            "gross_margin": 16.93,
            "gross_margin_4q_avg": 15.83,
            "net_income": 18160,
            "revenue": 484356,
            "common_shares": 1204804,
            "book_valuer_per_share": 11.91,
            "book_valuer_per_share_4q_avg": 11.84,
            "equity": 1458274,
            "current_ratio": 200.51,
            "debt_ratio": 41.08,
            "inventory_turnover_ratio": 1.1,
            "account_receivable_turnover_ratio": 0.86,
            "reinvestment_rate": 5990.17,
            "research_to_sale_ratio": 6.42,
            "price_fair": 49.35,
            "eps_avg_yearly": 1.41,
            "eps_latest_yearly": 0.16,
            "eps_growth_yearly": 642.13
        },
        "20223": {
            "year_quarter": 20223,
            "year": 2022,
            "quarter": 3,
            "eps": 0.6,
            "eps_growth_year": null,
            "eps_4q": 0.33,
            "eps_4q_growth_year": null,
            "roe": 4.78,
            "roe_4q": 2.35,
            "gross_profit": 122097,
            "gross_margin": 20.92,
            "gross_margin_4q_avg": 17.23,
            "net_income": 71859,
            "revenue": 583514,
            "common_shares": 1204804,
            "book_valuer_per_share": 12.66,
            "book_valuer_per_share_4q_avg": 12.02,
            "equity": 1548707,
            "current_ratio": 200.4,
            "debt_ratio": 41.23,
            "inventory_turnover_ratio": 1.27,
            "account_receivable_turnover_ratio": 0.86,
            "reinvestment_rate": 758.03,
            "research_to_sale_ratio": 5.59,
            "price_fair": 63,
            "eps_avg_yearly": 1.8,
            "eps_latest_yearly": 2.4,
            "eps_growth_yearly": 947.13
        },
        "20224": {
            "year_quarter": 20224,
            "year": 2022,
            "quarter": 4,
            "eps": -0.26,
            "eps_growth_year": null,
            "eps_4q": 0.28,
            "eps_4q_growth_year": null,
            "roe": -2.14,
            "roe_4q": 1.9800000000000004,
            "gross_profit": 131005,
            "gross_margin": 23.32,
            "gross_margin_4q_avg": 18.5,
            "net_income": -32625,
            "revenue": 561892,
            "common_shares": 1204804,
            "book_valuer_per_share": 12.28,
            "book_valuer_per_share_4q_avg": 12.15,
            "equity": 1501774,
            "current_ratio": 237.9,
            "debt_ratio": 40.41,
            "inventory_turnover_ratio": 1.21,
            "account_receivable_turnover_ratio": 0.71,
            "reinvestment_rate": null,
            "research_to_sale_ratio": 5.45,
            "price_fair": 74.67,
            "eps_avg_yearly": 2.13,
            "eps_latest_yearly": 2.4,
            "eps_growth_yearly": 1269.19
        },
        "20231": {
            "year_quarter": 20231,
            "year": 2023,
            "quarter": 1,
            "eps": -0.26,
            "eps_growth_year": null,
            "eps_4q": 0.24,
            "eps_4q_growth_year": null,
            "roe": -2.22,
            "roe_4q": 1.68,
            "gross_profit": 62974,
            "gross_margin": 16.77,
            "gross_margin_4q_avg": 19.49,
            "net_income": -33047,
            "revenue": 375459,
            "common_shares": 1204804,
            "book_valuer_per_share": 12.04,
            "book_valuer_per_share_4q_avg": 12.22,
            "equity": 1471018,
            "current_ratio": 259.17,
            "debt_ratio": 37.66,
            "inventory_turnover_ratio": 0.91,
            "account_receivable_turnover_ratio": 0.53,
            "reinvestment_rate": null,
            "research_to_sale_ratio": 7.27,
            "price_fair": 74.67,
            "eps_avg_yearly": 2.13,
            "eps_latest_yearly": 2.4,
            "eps_growth_yearly": 1269.19
        },
        "20232": {
            "year_quarter": 20232,
            "year": 2023,
            "quarter": 2,
            "eps": 0.22,
            "eps_growth_year": 37.5,
            "eps_4q": 0.3,
            "eps_4q_growth_year": null,
            "roe": 1.67,
            "roe_4q": 2.09,
            "gross_profit": 56195,
            "gross_margin": 16.34,
            "gross_margin_4q_avg": 19.34,
            "net_income": 24460,
            "revenue": 343918,
            "common_shares": 1204804,
            "book_valuer_per_share": 11.9,
            "book_valuer_per_share_4q_avg": 12.22,
            "equity": 1452070,
            "current_ratio": 287.4,
            "debt_ratio": 35.12,
            "inventory_turnover_ratio": 0.92,
            "account_receivable_turnover_ratio": 0.65,
            "reinvestment_rate": 1006.58,
            "research_to_sale_ratio": 9.51,
            "price_fair": 74.67,
            "eps_avg_yearly": 2.13,
            "eps_latest_yearly": 2.4,
            "eps_growth_yearly": 1269.19
        }
    },
    "months": {
        "2005-02": {
            "month": "2005-02",
            "price": "25.11",
            "revenue": 86400
        },
        "2005-03": {
            "month": "2005-03",
            "price": "30.08",
            "revenue": 144956
        },
        "2005-04": {
            "month": "2005-04",
            "price": "28.29",
            "revenue": 141139
        },
        "2005-05": {
            "month": "2005-05",
            "price": "25.10",
            "revenue": 119691
        },
        "2005-06": {
            "month": "2005-06",
            "price": "27.83",
            "revenue": 105770
        },
        "2005-07": {
            "month": "2005-07",
            "price": "33.07",
            "revenue": 151832
        },
        "2005-08": {
            "month": "2005-08",
            "price": "35.01",
            "revenue": 101966
        },
        "2005-09": {
            "month": "2005-09",
            "price": "43.63",
            "revenue": 113580
        },
        "2005-10": {
            "month": "2005-10",
            "price": "42.45",
            "revenue": 132835
        },
        "2005-11": {
            "month": "2005-11",
            "price": "37.49",
            "revenue": 112227
        },
        "2005-12": {
            "month": "2005-12",
            "price": "44.97",
            "revenue": 91380
        },
        "2006-01": {
            "month": "2006-01",
            "price": "56.63",
            "revenue": 120696
        },
        "2006-02": {
            "month": "2006-02",
            "price": "52.95",
            "revenue": 103281
        },
        "2006-03": {
            "month": "2006-03",
            "price": "51.50",
            "revenue": 157351
        },
        "2006-04": {
            "month": "2006-04",
            "price": "53.59",
            "revenue": 260922
        },
        "2006-05": {
            "month": "2006-05",
            "price": "56.58",
            "revenue": 278840
        },
        "2006-06": {
            "month": "2006-06",
            "price": "52.05",
            "revenue": 216125
        },
        "2006-07": {
            "month": "2006-07",
            "price": "43.24",
            "revenue": 231310
        },
        "2006-08": {
            "month": "2006-08",
            "price": "38.23",
            "revenue": 248716
        },
        "2006-09": {
            "month": "2006-09",
            "price": "34.55",
            "revenue": 243941
        },
        "2006-10": {
            "month": "2006-10",
            "price": "36.76",
            "revenue": 221009
        },
        "2006-11": {
            "month": "2006-11",
            "price": "38.97",
            "revenue": 211958
        },
        "2006-12": {
            "month": "2006-12",
            "price": "45.00",
            "revenue": 184617
        },
        "2007-01": {
            "month": "2007-01",
            "price": "48.92",
            "revenue": 270496
        },
        "2007-02": {
            "month": "2007-02",
            "price": "52.08",
            "revenue": 209292
        },
        "2007-03": {
            "month": "2007-03",
            "price": "52.49",
            "revenue": 287762
        },
        "2007-04": {
            "month": "2007-04",
            "price": "59.83",
            "revenue": 263771
        },
        "2007-05": {
            "month": "2007-05",
            "price": "58.36",
            "revenue": 285990
        },
        "2007-06": {
            "month": "2007-06",
            "price": "58.26",
            "revenue": 231734
        },
        "2007-07": {
            "month": "2007-07",
            "price": "65.16",
            "revenue": 262652
        },
        "2007-08": {
            "month": "2007-08",
            "price": "55.95",
            "revenue": 289338
        },
        "2007-09": {
            "month": "2007-09",
            "price": "51.74",
            "revenue": 318316
        },
        "2007-10": {
            "month": "2007-10",
            "price": "51.33",
            "revenue": 292813
        },
        "2007-11": {
            "month": "2007-11",
            "price": "40.13",
            "revenue": 301754
        },
        "2007-12": {
            "month": "2007-12",
            "price": "35.08",
            "revenue": 318464
        },
        "2008-01": {
            "month": "2008-01",
            "price": "25.25",
            "revenue": 300376
        },
        "2008-02": {
            "month": "2008-02",
            "price": "25.36",
            "revenue": 224845
        },
        "2008-03": {
            "month": "2008-03",
            "price": "25.57",
            "revenue": 327326
        },
        "2008-04": {
            "month": "2008-04",
            "price": "31.14",
            "revenue": 352669
        },
        "2008-05": {
            "month": "2008-05",
            "price": "27.36",
            "revenue": 285209
        },
        "2008-06": {
            "month": "2008-06",
            "price": "21.60",
            "revenue": 233202
        },
        "2008-07": {
            "month": "2008-07",
            "price": "16.10",
            "revenue": 293064
        },
        "2008-08": {
            "month": "2008-08",
            "price": "16.48",
            "revenue": 292503
        },
        "2008-09": {
            "month": "2008-09",
            "price": "11.25",
            "revenue": 307093
        },
        "2008-10": {
            "month": "2008-10",
            "price": "8.63",
            "revenue": 251290
        },
        "2008-11": {
            "month": "2008-11",
            "price": "6.54",
            "revenue": 236025
        },
        "2008-12": {
            "month": "2008-12",
            "price": "6.62",
            "revenue": 210189
        },
        "2009-01": {
            "month": "2009-01",
            "price": "7.12",
            "revenue": 159878
        },
        "2009-02": {
            "month": "2009-02",
            "price": "7.17",
            "revenue": 200240
        },
        "2009-03": {
            "month": "2009-03",
            "price": "9.29",
            "revenue": 253557
        },
        "2009-04": {
            "month": "2009-04",
            "price": "11.44",
            "revenue": 262727
        },
        "2009-05": {
            "month": "2009-05",
            "price": "12.96",
            "revenue": 216194
        },
        "2009-06": {
            "month": "2009-06",
            "price": "13.13",
            "revenue": 232420
        },
        "2009-07": {
            "month": "2009-07",
            "price": "13.45",
            "revenue": 239485
        },
        "2009-08": {
            "month": "2009-08",
            "price": "13.68",
            "revenue": 261544
        },
        "2009-09": {
            "month": "2009-09",
            "price": "15.04",
            "revenue": 311299
        },
        "2009-10": {
            "month": "2009-10",
            "price": "17.67",
            "revenue": 275140
        },
        "2009-11": {
            "month": "2009-11",
            "price": "17.35",
            "revenue": 271174
        },
        "2009-12": {
            "month": "2009-12",
            "price": "18.86",
            "revenue": 276029
        },
        "2010-01": {
            "month": "2010-01",
            "price": "19.68",
            "revenue": 273530
        },
        "2010-02": {
            "month": "2010-02",
            "price": "18.05",
            "revenue": 210553
        },
        "2010-03": {
            "month": "2010-03",
            "price": "24.64",
            "revenue": 322420
        },
        "2010-04": {
            "month": "2010-04",
            "price": "24.43",
            "revenue": 312025
        },
        "2010-05": {
            "month": "2010-05",
            "price": "22.13",
            "revenue": 286582
        },
        "2010-06": {
            "month": "2010-06",
            "price": "19.90",
            "revenue": 217683
        },
        "2010-07": {
            "month": "2010-07",
            "price": "20.34",
            "revenue": 264728
        },
        "2010-08": {
            "month": "2010-08",
            "price": "20.47",
            "revenue": 253312
        },
        "2010-09": {
            "month": "2010-09",
            "price": "19.71",
            "revenue": 252931
        },
        "2010-10": {
            "month": "2010-10",
            "price": "21.39",
            "revenue": 239174
        },
        "2010-11": {
            "month": "2010-11",
            "price": "19.11",
            "revenue": 301488
        },
        "2010-12": {
            "month": "2010-12",
            "price": "22.84",
            "revenue": 300102
        },
        "2011-01": {
            "month": "2011-01",
            "price": "21.22",
            "revenue": 255582
        },
        "2011-02": {
            "month": "2011-02",
            "price": "20.01",
            "revenue": 208646
        },
        "2011-03": {
            "month": "2011-03",
            "price": "19.45",
            "revenue": 300833
        },
        "2011-04": {
            "month": "2011-04",
            "price": "21.00",
            "revenue": 298781
        },
        "2011-05": {
            "month": "2011-05",
            "price": "20.88",
            "revenue": 300261
        },
        "2011-06": {
            "month": "2011-06",
            "price": "19.72",
            "revenue": 296457
        },
        "2011-07": {
            "month": "2011-07",
            "price": "19.31",
            "revenue": 313296
        },
        "2011-08": {
            "month": "2011-08",
            "price": "15.91",
            "revenue": 330207
        },
        "2011-09": {
            "month": "2011-09",
            "price": "13.41",
            "revenue": 307631
        },
        "2011-10": {
            "month": "2011-10",
            "price": "14.20",
            "revenue": 282449
        },
        "2011-11": {
            "month": "2011-11",
            "price": "13.10",
            "revenue": 292273
        },
        "2011-12": {
            "month": "2011-12",
            "price": "10.54",
            "revenue": 258316
        },
        "2012-01": {
            "month": "2012-01",
            "price": "11.29",
            "revenue": 294285
        },
        "2012-02": {
            "month": "2012-02",
            "price": "13.50",
            "revenue": 313082
        },
        "2012-03": {
            "month": "2012-03",
            "price": "16.39",
            "revenue": 362635
        },
        "2012-04": {
            "month": "2012-04",
            "price": "13.78",
            "revenue": 354321
        },
        "2012-05": {
            "month": "2012-05",
            "price": "14.01",
            "revenue": 352090
        },
        "2012-06": {
            "month": "2012-06",
            "price": "13.49",
            "revenue": 294300
        },
        "2012-07": {
            "month": "2012-07",
            "price": "13.44",
            "revenue": 293224
        },
        "2012-08": {
            "month": "2012-08",
            "price": "13.28",
            "revenue": 300058
        },
        "2012-09": {
            "month": "2012-09",
            "price": "14.93",
            "revenue": 306598
        },
        "2012-10": {
            "month": "2012-10",
            "price": "16.18",
            "revenue": 273804
        },
        "2012-11": {
            "month": "2012-11",
            "price": "15.38",
            "revenue": 348225
        },
        "2012-12": {
            "month": "2012-12",
            "price": "17.98",
            "revenue": 355574
        },
        "2013-01": {
            "month": "2013-01",
            "price": "22.18",
            "revenue": 304607
        },
        "2013-02": {
            "month": "2013-02",
            "price": "21.90",
            "revenue": 169419
        },
        "2013-03": {
            "month": "2013-03",
            "price": "21.00",
            "revenue": 283498
        },
        "2013-04": {
            "month": "2013-04",
            "price": "19.06",
            "revenue": 237137
        },
        "2013-05": {
            "month": "2013-05",
            "price": "19.05",
            "revenue": 251957
        },
        "2013-06": {
            "month": "2013-06",
            "price": "17.06",
            "revenue": 208238
        },
        "2013-07": {
            "month": "2013-07",
            "price": "18.64",
            "revenue": 257766
        },
        "2013-08": {
            "month": "2013-08",
            "price": "19.61",
            "revenue": 214575
        },
        "2013-09": {
            "month": "2013-09",
            "price": "18.97",
            "revenue": 248685
        },
        "2013-10": {
            "month": "2013-10",
            "price": "18.86",
            "revenue": 235797
        },
        "2013-11": {
            "month": "2013-11",
            "price": "17.65",
            "revenue": 240854
        },
        "2013-12": {
            "month": "2013-12",
            "price": "17.59",
            "revenue": 262334
        },
        "2014-01": {
            "month": "2014-01",
            "price": "18.69",
            "revenue": 213330
        },
        "2014-02": {
            "month": "2014-02",
            "price": "18.76",
            "revenue": 222567
        },
        "2014-03": {
            "month": "2014-03",
            "price": "18.60",
            "revenue": 258690
        },
        "2014-04": {
            "month": "2014-04",
            "price": "18.16",
            "revenue": 259589
        },
        "2014-05": {
            "month": "2014-05",
            "price": "15.86",
            "revenue": 241918
        },
        "2014-06": {
            "month": "2014-06",
            "price": "16.12",
            "revenue": 150493
        },
        "2014-07": {
            "month": "2014-07",
            "price": "16.84",
            "revenue": 159552
        },
        "2014-08": {
            "month": "2014-08",
            "price": "15.38",
            "revenue": 177760
        },
        "2014-09": {
            "month": "2014-09",
            "price": "14.72",
            "revenue": 196422
        },
        "2014-10": {
            "month": "2014-10",
            "price": "12.52",
            "revenue": 174380
        },
        "2014-11": {
            "month": "2014-11",
            "price": "11.76",
            "revenue": 176772
        },
        "2014-12": {
            "month": "2014-12",
            "price": "12.44",
            "revenue": 205996
        },
        "2015-01": {
            "month": "2015-01",
            "price": "13.05",
            "revenue": 197431
        },
        "2015-02": {
            "month": "2015-02",
            "price": "12.88",
            "revenue": 125405
        },
        "2015-03": {
            "month": "2015-03",
            "price": "13.23",
            "revenue": 167630
        },
        "2015-04": {
            "month": "2015-04",
            "price": "12.62",
            "revenue": 182468
        },
        "2015-05": {
            "month": "2015-05",
            "price": "12.06",
            "revenue": 142398
        },
        "2015-06": {
            "month": "2015-06",
            "price": "11.92",
            "revenue": 136568
        },
        "2015-07": {
            "month": "2015-07",
            "price": "11.38",
            "revenue": 191459
        },
        "2015-08": {
            "month": "2015-08",
            "price": "11.46",
            "revenue": 208841
        },
        "2015-09": {
            "month": "2015-09",
            "price": "11.29",
            "revenue": 211127
        },
        "2015-10": {
            "month": "2015-10",
            "price": "12.76",
            "revenue": 208085
        },
        "2015-11": {
            "month": "2015-11",
            "price": "14.02",
            "revenue": 214518
        },
        "2015-12": {
            "month": "2015-12",
            "price": "15.02",
            "revenue": 237493
        },
        "2016-01": {
            "month": "2016-01",
            "price": "15.96",
            "revenue": 214868
        },
        "2016-02": {
            "month": "2016-02",
            "price": "17.15",
            "revenue": 126057
        },
        "2016-03": {
            "month": "2016-03",
            "price": "17.64",
            "revenue": 203499
        },
        "2016-04": {
            "month": "2016-04",
            "price": "16.22",
            "revenue": 173688
        },
        "2016-05": {
            "month": "2016-05",
            "price": "15.00",
            "revenue": 178262
        },
        "2016-06": {
            "month": "2016-06",
            "price": "14.92",
            "revenue": 185149
        },
        "2016-07": {
            "month": "2016-07",
            "price": "15.55",
            "revenue": 219652
        },
        "2016-08": {
            "month": "2016-08",
            "price": "15.56",
            "revenue": 238675
        },
        "2016-09": {
            "month": "2016-09",
            "price": "16.25",
            "revenue": 271516
        },
        "2016-10": {
            "month": "2016-10",
            "price": "16.14",
            "revenue": 283348
        },
        "2016-11": {
            "month": "2016-11",
            "price": "15.83",
            "revenue": 257386
        },
        "2016-12": {
            "month": "2016-12",
            "price": "16.28",
            "revenue": 320860
        },
        "2017-01": {
            "month": "2017-01",
            "price": "16.81",
            "revenue": 226814
        },
        "2017-02": {
            "month": "2017-02",
            "price": "17.90",
            "revenue": 173395
        },
        "2017-03": {
            "month": "2017-03",
            "price": "19.90",
            "revenue": 210259
        },
        "2017-04": {
            "month": "2017-04",
            "price": "21.37",
            "revenue": 175270
        },
        "2017-05": {
            "month": "2017-05",
            "price": "21.29",
            "revenue": 170701
        },
        "2017-06": {
            "month": "2017-06",
            "price": "22.05",
            "revenue": 176561
        },
        "2017-07": {
            "month": "2017-07",
            "price": "19.97",
            "revenue": 190657
        },
        "2017-08": {
            "month": "2017-08",
            "price": "19.60",
            "revenue": 162174
        },
        "2017-09": {
            "month": "2017-09",
            "price": "20.01",
            "revenue": 169509
        },
        "2017-10": {
            "month": "2017-10",
            "price": "18.98",
            "revenue": 154067
        },
        "2017-11": {
            "month": "2017-11",
            "price": "18.06",
            "revenue": 159963
        },
        "2017-12": {
            "month": "2017-12",
            "price": "19.12",
            "revenue": 163622
        },
        "2018-01": {
            "month": "2018-01",
            "price": "19.97",
            "revenue": 166181
        },
        "2018-02": {
            "month": "2018-02",
            "price": "18.97",
            "revenue": 107246
        },
        "2018-03": {
            "month": "2018-03",
            "price": "19.15",
            "revenue": 165988
        },
        "2018-04": {
            "month": "2018-04",
            "price": "17.64",
            "revenue": 180198
        },
        "2018-05": {
            "month": "2018-05",
            "price": "17.00",
            "revenue": 189152
        },
        "2018-06": {
            "month": "2018-06",
            "price": "19.33",
            "revenue": 168744
        },
        "2018-07": {
            "month": "2018-07",
            "price": "19.63",
            "revenue": 158386
        },
        "2018-08": {
            "month": "2018-08",
            "price": "18.27",
            "revenue": 170992
        },
        "2018-09": {
            "month": "2018-09",
            "price": "18.05",
            "revenue": 136736
        },
        "2018-10": {
            "month": "2018-10",
            "price": "16.17",
            "revenue": 130406
        },
        "2018-11": {
            "month": "2018-11",
            "price": "16.06",
            "revenue": 138701
        },
        "2018-12": {
            "month": "2018-12",
            "price": "17.51",
            "revenue": 153477
        },
        "2019-01": {
            "month": "2019-01",
            "price": "17.38",
            "revenue": 139762
        },
        "2019-02": {
            "month": "2019-02",
            "price": "17.05",
            "revenue": 82966
        },
        "2019-03": {
            "month": "2019-03",
            "price": "17.15",
            "revenue": 120080
        },
        "2019-04": {
            "month": "2019-04",
            "price": "19.02",
            "revenue": 139952
        },
        "2019-05": {
            "month": "2019-05",
            "price": "15.71",
            "revenue": 130074
        },
        "2019-06": {
            "month": "2019-06",
            "price": "14.88",
            "revenue": 120322
        },
        "2019-07": {
            "month": "2019-07",
            "price": "15.66",
            "revenue": 137102
        },
        "2019-08": {
            "month": "2019-08",
            "price": "16.37",
            "revenue": 124587
        },
        "2019-09": {
            "month": "2019-09",
            "price": "18.22",
            "revenue": 162807
        },
        "2019-10": {
            "month": "2019-10",
            "price": "18.36",
            "revenue": 142749
        },
        "2019-11": {
            "month": "2019-11",
            "price": "18.36",
            "revenue": 144137
        },
        "2019-12": {
            "month": "2019-12",
            "price": "18.03",
            "revenue": 131721
        },
        "2020-01": {
            "month": "2020-01",
            "price": "17.27",
            "revenue": 118708
        },
        "2020-02": {
            "month": "2020-02",
            "price": "15.14",
            "revenue": 56164
        },
        "2020-03": {
            "month": "2020-03",
            "price": "11.80",
            "revenue": 104267
        },
        "2020-04": {
            "month": "2020-04",
            "price": "12.21",
            "revenue": 157421
        },
        "2020-05": {
            "month": "2020-05",
            "price": "14.16",
            "revenue": 145699
        },
        "2020-06": {
            "month": "2020-06",
            "price": "14.18",
            "revenue": 158136
        },
        "2020-07": {
            "month": "2020-07",
            "price": "14.08",
            "revenue": 186612
        },
        "2020-08": {
            "month": "2020-08",
            "price": "13.99",
            "revenue": 79119
        },
        "2020-09": {
            "month": "2020-09",
            "price": "13.78",
            "revenue": 147562
        },
        "2020-10": {
            "month": "2020-10",
            "price": "13.88",
            "revenue": 114630
        },
        "2020-11": {
            "month": "2020-11",
            "price": "16.57",
            "revenue": 149207
        },
        "2020-12": {
            "month": "2020-12",
            "price": "19.38",
            "revenue": 137211
        },
        "2021-01": {
            "month": "2021-01",
            "price": "19.91",
            "revenue": 138577
        },
        "2021-02": {
            "month": "2021-02",
            "price": "20.65",
            "revenue": 67279
        },
        "2021-03": {
            "month": "2021-03",
            "price": "21.62",
            "revenue": 120785
        },
        "2021-04": {
            "month": "2021-04",
            "price": "23.62",
            "revenue": 138041
        },
        "2021-05": {
            "month": "2021-05",
            "price": "18.55",
            "revenue": 168986
        },
        "2021-06": {
            "month": "2021-06",
            "price": "19.16",
            "revenue": 153832
        },
        "2021-07": {
            "month": "2021-07",
            "price": "19.23",
            "revenue": 145357
        },
        "2021-08": {
            "month": "2021-08",
            "price": "16.88",
            "revenue": 128079
        },
        "2021-09": {
            "month": "2021-09",
            "price": "15.30",
            "revenue": 141440
        },
        "2021-10": {
            "month": "2021-10",
            "price": "15.16",
            "revenue": 148579
        },
        "2021-11": {
            "month": "2021-11",
            "price": "23.39",
            "revenue": 123985
        },
        "2021-12": {
            "month": "2021-12",
            "price": "26.40",
            "revenue": 105593
        },
        "2022-01": {
            "month": "2022-01",
            "price": "23.01",
            "revenue": 131694
        },
        "2022-02": {
            "month": "2022-02",
            "price": "21.85",
            "revenue": 86466
        },
        "2022-03": {
            "month": "2022-03",
            "price": "20.95",
            "revenue": 133235
        },
        "2022-04": {
            "month": "2022-04",
            "price": "18.49",
            "revenue": 148292
        },
        "2022-05": {
            "month": "2022-05",
            "price": "17.35",
            "revenue": 167926
        },
        "2022-06": {
            "month": "2022-06",
            "price": "17.22",
            "revenue": 168138
        },
        "2022-07": {
            "month": "2022-07",
            "price": "16.04",
            "revenue": 190773
        },
        "2022-08": {
            "month": "2022-08",
            "price": "18.09",
            "revenue": 181487
        },
        "2022-09": {
            "month": "2022-09",
            "price": "17.80",
            "revenue": 211254
        },
        "2022-10": {
            "month": "2022-10",
            "price": "15.81",
            "revenue": 178019
        },
        "2022-11": {
            "month": "2022-11",
            "price": "18.66",
            "revenue": 220513
        },
        "2022-12": {
            "month": "2022-12",
            "price": "19.55",
            "revenue": 163360
        },
        "2023-01": {
            "month": "2023-01",
            "price": "17.92",
            "revenue": 141254
        },
        "2023-02": {
            "month": "2023-02",
            "price": "18.67",
            "revenue": 110989
        },
        "2023-03": {
            "month": "2023-03",
            "price": "19.47",
            "revenue": 123216
        },
        "2023-04": {
            "month": "2023-04",
            "price": "19.51",
            "revenue": 133009
        },
        "2023-05": {
            "month": "2023-05",
            "price": "21.01",
            "revenue": 105439
        },
        "2023-06": {
            "month": "2023-06",
            "price": "20.39",
            "revenue": 105470
        },
        "2023-07": {
            "month": "2023-07",
            "price": "19.60",
            "revenue": 106974
        },
        "2023-08": {
            "month": "2023-08",
            "price": "19.01",
            "revenue": 93571
        }
    }
}
