{
    "summary": {
        "stock_name": "台興",
        "stock_id": "3426",
        "category": "電機機械",
        "main_business": "電磁鐵、電磁閥、繼電器之製造及銷售、石英晶體銷售等",
        "website_url": "http://www.tai-shing.com.tw",
        "ceo": "楊萬隆",
        "pe_ratio": 18,
        "report_year_from": 2015,
        "report_year_to": 2023,
        "age": 9,
        "eps_negative_percentage": 0,
        "eps_growth_avg": {
            "last_all": 10.55,
            "last_2y": -3.2,
            "last_4y": -11.78,
            "last_8y": null,
            "last_12y": null,
            "last_16y": null,
            "last_20y": null,
            "at_2006_last_3y": null,
            "at_2007_last_3y": null,
            "at_2008_last_3y": null,
            "at_2009_last_3y": null,
            "at_2010_last_3y": null,
            "at_2011_last_3y": null,
            "at_2012_last_3y": null,
            "at_2013_last_3y": null,
            "at_2014_last_3y": null,
            "at_2015_last_3y": null,
            "at_2016_last_3y": null,
            "at_2017_last_3y": null,
            "at_2018_last_3y": null,
            "at_2019_last_3y": 23.95,
            "at_2020_last_3y": -1.5,
            "at_2021_last_3y": -11.53,
            "at_2022_last_3y": -5.1,
            "at_2023_last_3y": -2.85,
            "at_2024_last_3y": -2.85,
            "at_2006_last_all": null,
            "at_2007_last_all": null,
            "at_2008_last_all": null,
            "at_2009_last_all": null,
            "at_2010_last_all": null,
            "at_2011_last_all": null,
            "at_2012_last_all": null,
            "at_2013_last_all": null,
            "at_2014_last_all": null,
            "at_2015_last_all": null,
            "at_2016_last_all": null,
            "at_2017_last_all": 77.45,
            "at_2018_last_all": 47.77,
            "at_2019_last_all": 23.95,
            "at_2020_last_all": 18.8,
            "at_2021_last_all": 18.13,
            "at_2022_last_all": 17.56,
            "at_2023_last_all": 10.55,
            "at_2024_last_all": 10.55
        },
        "latest_eps": 2.27,
        "latest_price": 41.1,
        "latest_roe": 8.75,
        "latest_gross_margin": 34.18,
        "latest_equity": 680210,
        "latest_revenue": 143937,
        "latest_gross_profit": 49197,
        "latest_net_income": 16418,
        "latest_debt_ratio": 30.48,
        "latest_current_ratio": 476.77,
        "latest_account_receivable_turnover_ratio": 0.8,
        "latest_inventory_turnover_ratio": 1.5,
        "latest_reinvestment_rate": 18.85,
        "latest_research_to_sale_ratio": 6.02
    },
    "eps_dividends": {
        "2001": {
            "cash": 0,
            "stock": 0,
            "eps": 0
        },
        "2002": {
            "cash": 0,
            "stock": 0,
            "eps": 0
        },
        "2003": {
            "cash": 0,
            "stock": 0,
            "eps": 0
        },
        "2004": {
            "cash": 8,
            "stock": 0.5,
            "eps": 0
        },
        "2005": {
            "cash": 0,
            "stock": 0,
            "eps": 0
        },
        "2006": {
            "cash": 1,
            "stock": 0,
            "eps": 0
        },
        "2007": {
            "cash": 1,
            "stock": 0,
            "eps": 0
        },
        "2008": {
            "cash": 0.5,
            "stock": 0,
            "eps": 0
        },
        "2009": {
            "cash": 0,
            "stock": 0,
            "eps": 0
        },
        "2010": {
            "cash": 0,
            "stock": 0,
            "eps": 0
        },
        "2011": {
            "cash": 0,
            "stock": 0,
            "eps": 0
        },
        "2012": {
            "cash": 0,
            "stock": 0,
            "eps": 0
        },
        "2013": {
            "cash": 0,
            "stock": 0,
            "eps": 0
        },
        "2014": {
            "cash": 0,
            "stock": 0,
            "eps": 0
        },
        "2015": {
            "cash": 2.2,
            "stock": 0,
            "eps": 1.12
        },
        "2016": {
            "cash": 2,
            "stock": 0,
            "eps": 3.06
        },
        "2017": {
            "cash": 2.5,
            "stock": 0,
            "eps": 4.74
        },
        "2018": {
            "cash": 1,
            "stock": 2,
            "eps": 4.19
        },
        "2019": {
            "cash": 2.5,
            "stock": 0,
            "eps": 2.2
        },
        "2020": {
            "cash": 2,
            "stock": 0,
            "eps": 2.16
        },
        "2021": {
            "cash": 2,
            "stock": 0,
            "eps": 2.48
        },
        "2022": {
            "cash": 2,
            "stock": 0,
            "eps": 2.83
        },
        "2023": {
            "cash": 2.3,
            "stock": 0,
            "eps": 1.74
        }
    },
    "dividends": {
        "2004-05-18": {
            "cash": 8,
            "stock": 0.5
        },
        "2006-04-20": {
            "cash": 1,
            "stock": 0
        },
        "2007-04-25": {
            "cash": 1,
            "stock": 0
        },
        "2008-04-28": {
            "cash": 0.5,
            "stock": 0
        },
        "2015-05-05": {
            "cash": 2.2,
            "stock": 0
        },
        "2016-08-31": {
            "cash": 2,
            "stock": 0
        },
        "2017-09-15": {
            "cash": 2.5,
            "stock": 0
        },
        "2018-09-12": {
            "cash": 1,
            "stock": 2
        },
        "2019-09-20": {
            "cash": 2.5,
            "stock": 0
        },
        "2020-09-18": {
            "cash": 2,
            "stock": 0
        },
        "2021-09-15": {
            "cash": 2,
            "stock": 0
        },
        "2022-08-31": {
            "cash": 2,
            "stock": 0
        },
        "2023-08-30": {
            "cash": 2.3,
            "stock": 0
        }
    },
    "prices": {
        "200101": "無",
        "200102": "無",
        "200103": "無",
        "200104": "無",
        "200105": "無",
        "200106": "無",
        "200107": "無",
        "200108": "無",
        "200109": "無",
        "200110": "無",
        "200111": "無",
        "200112": "無",
        "200201": "無",
        "200202": "無",
        "200203": "無",
        "200204": "無",
        "200205": "無",
        "200206": "無",
        "200207": "無",
        "200208": "無",
        "200209": "無",
        "200210": "無",
        "200211": "無",
        "200212": "無",
        "200301": "無",
        "200302": "無",
        "200303": "無",
        "200304": "無",
        "200305": "無",
        "200306": "無",
        "200307": "無",
        "200308": "無",
        "200309": "無",
        "200310": "無",
        "200311": "無",
        "200312": "無",
        "200401": "無",
        "200402": "無",
        "200403": "無",
        "200404": "無",
        "200405": "無",
        "200406": "無",
        "200407": "無",
        "200408": "無",
        "200409": "無",
        "200410": "無",
        "200411": "無",
        "200412": "無",
        "200501": "無",
        "200502": "無",
        "200503": "無",
        "200504": "無",
        "200505": "無",
        "200506": "無",
        "200507": "無",
        "200508": "無",
        "200509": "無",
        "200510": "無",
        "200511": "無",
        "200512": "無",
        "200601": "無",
        "200602": "無",
        "200603": "無",
        "200604": "無",
        "200605": "無",
        "200606": "無",
        "200607": "無",
        "200608": "無",
        "200609": "無",
        "200610": "無",
        "200611": "無",
        "200612": "無",
        "200701": "無",
        "200702": "無",
        "200703": "無",
        "200704": "無",
        "200705": "無",
        "200706": "無",
        "200707": "無",
        "200708": "無",
        "200709": "無",
        "200710": "無",
        "200711": "無",
        "200712": "無",
        "200801": "無",
        "200802": "無",
        "200803": "無",
        "200804": "無",
        "200805": "無",
        "200806": "無",
        "200807": "無",
        "200808": "無",
        "200809": "無",
        "200810": "無",
        "200811": "無",
        "200812": "無",
        "200901": "無",
        "200902": "無",
        "200903": "無",
        "200904": "無",
        "200905": "無",
        "200906": "無",
        "200907": "無",
        "200908": "無",
        "200909": "無",
        "200910": "無",
        "200911": "無",
        "200912": "無",
        "201001": "無",
        "201002": "無",
        "201003": "無",
        "201004": "無",
        "201005": "無",
        "201006": "無",
        "201007": "無",
        "201008": "無",
        "201009": "無",
        "201010": "無",
        "201011": "無",
        "201012": "無",
        "201101": "無",
        "201102": "無",
        "201103": "無",
        "201104": "無",
        "201105": "無",
        "201106": "無",
        "201107": "無",
        "201108": "無",
        "201109": "無",
        "201110": "無",
        "201111": "無",
        "201112": "無",
        "201201": "無",
        "201202": "無",
        "201203": "無",
        "201204": "無",
        "201205": "無",
        "201206": "無",
        "201207": "無",
        "201208": "無",
        "201209": "無",
        "201210": "無",
        "201211": "無",
        "201212": "無",
        "201301": "無",
        "201302": "無",
        "201303": "無",
        "201304": "無",
        "201305": "無",
        "201306": "無",
        "201307": "無",
        "201308": "無",
        "201309": "無",
        "201310": "無",
        "201311": "無",
        "201312": "無",
        "201401": "無",
        "201402": "無",
        "201403": "無",
        "201404": "無",
        "201405": "無",
        "201406": "無",
        "201407": "無",
        "201408": "無",
        "201409": "無",
        "201410": "無",
        "201411": "無",
        "201412": "無",
        "201501": "無",
        "201502": "無",
        "201503": "無",
        "201504": "無",
        "201505": "無",
        "201506": "無",
        "201507": "無",
        "201508": "無",
        "201509": "37.93",
        "201510": "38.36",
        "201511": "39.18",
        "201512": "43.86",
        "201601": "43.26",
        "201602": "40.85",
        "201603": "41.38",
        "201604": "40.62",
        "201605": "39.11",
        "201606": "38.96",
        "201607": "40.63",
        "201608": "40.95",
        "201609": "46.25",
        "201610": "54.08",
        "201611": "52.43",
        "201612": "54.83",
        "201701": "48.67",
        "201702": "56.02",
        "201703": "61.23",
        "201704": "71.51",
        "201705": "71.62",
        "201706": "68.73",
        "201707": "69.43",
        "201708": "71.27",
        "201709": "72.07",
        "201710": "74.32",
        "201711": "71.66",
        "201712": "69.28",
        "201801": "69.00",
        "201802": "66.92",
        "201803": "68.64",
        "201804": "70.73",
        "201805": "69.46",
        "201806": "68.94",
        "201807": "67.88",
        "201808": "59.73",
        "201809": "55.02",
        "201810": "51.83",
        "201811": "51.18",
        "201812": "51.49",
        "201901": "52.54",
        "201902": "54.17",
        "201903": "53.54",
        "201904": "49.37",
        "201905": "44.51",
        "201906": "43.46",
        "201907": "44.56",
        "201908": "44.12",
        "201909": "41.79",
        "201910": "40.15",
        "201911": "39.29",
        "201912": "38.87",
        "202001": "40.05",
        "202002": "35.72",
        "202003": "30.80",
        "202004": "32.88",
        "202005": "35.09",
        "202006": "35.84",
        "202007": "39.63",
        "202008": "38.25",
        "202009": "36.82",
        "202010": "43.92",
        "202011": "45.23",
        "202012": "39.74",
        "202101": "38.90",
        "202102": "38.72",
        "202103": "39.31",
        "202104": "40.17",
        "202105": "39.03",
        "202106": "39.47",
        "202107": "40.08",
        "202108": "39.43",
        "202109": "38.74",
        "202110": "38.58",
        "202111": "38.49",
        "202112": "38.60",
        "202201": "38.76",
        "202202": "38.61",
        "202203": "38.24",
        "202204": "37.91",
        "202205": "37.54",
        "202206": "37.89",
        "202207": "37.79",
        "202208": "38.49",
        "202209": "39.77",
        "202210": "38.31",
        "202211": "37.84",
        "202212": "38.06",
        "202301": "37.87",
        "202302": "38.14",
        "202303": "39.27",
        "202304": "39.83",
        "202305": "39.72",
        "202306": "40.05",
        "202307": "39.84",
        "202308": "38.31",
        "202309": "37.89",
        "202310": "37.47",
        "202311": "38.40",
        "202312": "40.21"
    },
    "quarters": {
        "20011": {
            "year_quarter": 20011,
            "year": 2001,
            "quarter": 1,
            "eps": null,
            "eps_growth_year": null,
            "eps_4q": null,
            "eps_4q_growth_year": null,
            "roe": null,
            "roe_4q": 0,
            "gross_profit": null,
            "gross_margin": null,
            "gross_margin_4q_avg": 0,
            "net_income": null,
            "net_income_4q": null,
            "revenue": null,
            "revenue_4q": null,
            "common_shares": null,
            "book_valuer_per_share": null,
            "book_valuer_per_share_4q_avg": 0,
            "equity": null,
            "current_ratio": null,
            "debt_ratio": null,
            "inventory_turnover_ratio": null,
            "account_receivable_turnover_ratio": null,
            "reinvestment_rate": null,
            "research_to_sale_ratio": null,
            "price_fair": 0,
            "eps_avg_yearly": 0,
            "eps_latest_yearly": 0,
            "eps_growth_yearly": 0
        },
        "20012": {
            "year_quarter": 20012,
            "year": 2001,
            "quarter": 2,
            "eps": null,
            "eps_growth_year": null,
            "eps_4q": null,
            "eps_4q_growth_year": null,
            "roe": null,
            "roe_4q": 0,
            "gross_profit": null,
            "gross_margin": null,
            "gross_margin_4q_avg": 0,
            "net_income": null,
            "net_income_4q": null,
            "revenue": null,
            "revenue_4q": null,
            "common_shares": null,
            "book_valuer_per_share": null,
            "book_valuer_per_share_4q_avg": 0,
            "equity": null,
            "current_ratio": null,
            "debt_ratio": null,
            "inventory_turnover_ratio": null,
            "account_receivable_turnover_ratio": null,
            "reinvestment_rate": null,
            "research_to_sale_ratio": null,
            "price_fair": 0,
            "eps_avg_yearly": 0,
            "eps_latest_yearly": 0,
            "eps_growth_yearly": 0
        },
        "20013": {
            "year_quarter": 20013,
            "year": 2001,
            "quarter": 3,
            "eps": null,
            "eps_growth_year": null,
            "eps_4q": null,
            "eps_4q_growth_year": null,
            "roe": null,
            "roe_4q": 0,
            "gross_profit": null,
            "gross_margin": null,
            "gross_margin_4q_avg": 0,
            "net_income": null,
            "net_income_4q": null,
            "revenue": null,
            "revenue_4q": null,
            "common_shares": null,
            "book_valuer_per_share": null,
            "book_valuer_per_share_4q_avg": 0,
            "equity": null,
            "current_ratio": null,
            "debt_ratio": null,
            "inventory_turnover_ratio": null,
            "account_receivable_turnover_ratio": null,
            "reinvestment_rate": null,
            "research_to_sale_ratio": null,
            "price_fair": 0,
            "eps_avg_yearly": 0,
            "eps_latest_yearly": 0,
            "eps_growth_yearly": 0
        },
        "20014": {
            "year_quarter": 20014,
            "year": 2001,
            "quarter": 4,
            "eps": null,
            "eps_growth_year": null,
            "eps_4q": null,
            "eps_4q_growth_year": null,
            "roe": null,
            "roe_4q": 0,
            "gross_profit": null,
            "gross_margin": null,
            "gross_margin_4q_avg": 0,
            "net_income": null,
            "net_income_4q": null,
            "revenue": null,
            "revenue_4q": null,
            "common_shares": null,
            "book_valuer_per_share": null,
            "book_valuer_per_share_4q_avg": 0,
            "equity": null,
            "current_ratio": null,
            "debt_ratio": null,
            "inventory_turnover_ratio": null,
            "account_receivable_turnover_ratio": null,
            "reinvestment_rate": null,
            "research_to_sale_ratio": null,
            "price_fair": 0,
            "eps_avg_yearly": 0,
            "eps_latest_yearly": 0,
            "eps_growth_yearly": 0
        },
        "20021": {
            "year_quarter": 20021,
            "year": 2002,
            "quarter": 1,
            "eps": null,
            "eps_growth_year": null,
            "eps_4q": null,
            "eps_4q_growth_year": null,
            "roe": null,
            "roe_4q": 0,
            "gross_profit": null,
            "gross_margin": null,
            "gross_margin_4q_avg": 0,
            "net_income": null,
            "net_income_4q": null,
            "revenue": null,
            "revenue_4q": null,
            "common_shares": null,
            "book_valuer_per_share": null,
            "book_valuer_per_share_4q_avg": 0,
            "equity": null,
            "current_ratio": null,
            "debt_ratio": null,
            "inventory_turnover_ratio": null,
            "account_receivable_turnover_ratio": null,
            "reinvestment_rate": null,
            "research_to_sale_ratio": null,
            "price_fair": 0,
            "eps_avg_yearly": 0,
            "eps_latest_yearly": 0,
            "eps_growth_yearly": 0
        },
        "20022": {
            "year_quarter": 20022,
            "year": 2002,
            "quarter": 2,
            "eps": null,
            "eps_growth_year": null,
            "eps_4q": null,
            "eps_4q_growth_year": null,
            "roe": null,
            "roe_4q": 0,
            "gross_profit": null,
            "gross_margin": null,
            "gross_margin_4q_avg": 0,
            "net_income": null,
            "net_income_4q": null,
            "revenue": null,
            "revenue_4q": null,
            "common_shares": null,
            "book_valuer_per_share": null,
            "book_valuer_per_share_4q_avg": 0,
            "equity": null,
            "current_ratio": null,
            "debt_ratio": null,
            "inventory_turnover_ratio": null,
            "account_receivable_turnover_ratio": null,
            "reinvestment_rate": null,
            "research_to_sale_ratio": null,
            "price_fair": 0,
            "eps_avg_yearly": 0,
            "eps_latest_yearly": 0,
            "eps_growth_yearly": 0
        },
        "20023": {
            "year_quarter": 20023,
            "year": 2002,
            "quarter": 3,
            "eps": null,
            "eps_growth_year": null,
            "eps_4q": null,
            "eps_4q_growth_year": null,
            "roe": null,
            "roe_4q": 0,
            "gross_profit": null,
            "gross_margin": null,
            "gross_margin_4q_avg": 0,
            "net_income": null,
            "net_income_4q": null,
            "revenue": null,
            "revenue_4q": null,
            "common_shares": null,
            "book_valuer_per_share": null,
            "book_valuer_per_share_4q_avg": 0,
            "equity": null,
            "current_ratio": null,
            "debt_ratio": null,
            "inventory_turnover_ratio": null,
            "account_receivable_turnover_ratio": null,
            "reinvestment_rate": null,
            "research_to_sale_ratio": null,
            "price_fair": 0,
            "eps_avg_yearly": 0,
            "eps_latest_yearly": 0,
            "eps_growth_yearly": 0
        },
        "20024": {
            "year_quarter": 20024,
            "year": 2002,
            "quarter": 4,
            "eps": null,
            "eps_growth_year": null,
            "eps_4q": null,
            "eps_4q_growth_year": null,
            "roe": null,
            "roe_4q": 0,
            "gross_profit": null,
            "gross_margin": null,
            "gross_margin_4q_avg": 0,
            "net_income": null,
            "net_income_4q": null,
            "revenue": null,
            "revenue_4q": null,
            "common_shares": null,
            "book_valuer_per_share": null,
            "book_valuer_per_share_4q_avg": 0,
            "equity": null,
            "current_ratio": null,
            "debt_ratio": null,
            "inventory_turnover_ratio": null,
            "account_receivable_turnover_ratio": null,
            "reinvestment_rate": null,
            "research_to_sale_ratio": null,
            "price_fair": 0,
            "eps_avg_yearly": 0,
            "eps_latest_yearly": 0,
            "eps_growth_yearly": 0
        },
        "20031": {
            "year_quarter": 20031,
            "year": 2003,
            "quarter": 1,
            "eps": null,
            "eps_growth_year": null,
            "eps_4q": null,
            "eps_4q_growth_year": null,
            "roe": null,
            "roe_4q": 0,
            "gross_profit": null,
            "gross_margin": null,
            "gross_margin_4q_avg": 0,
            "net_income": null,
            "net_income_4q": null,
            "revenue": null,
            "revenue_4q": null,
            "common_shares": null,
            "book_valuer_per_share": null,
            "book_valuer_per_share_4q_avg": 0,
            "equity": null,
            "current_ratio": null,
            "debt_ratio": null,
            "inventory_turnover_ratio": null,
            "account_receivable_turnover_ratio": null,
            "reinvestment_rate": null,
            "research_to_sale_ratio": null,
            "price_fair": 0,
            "eps_avg_yearly": 0,
            "eps_latest_yearly": 0,
            "eps_growth_yearly": 0
        },
        "20032": {
            "year_quarter": 20032,
            "year": 2003,
            "quarter": 2,
            "eps": null,
            "eps_growth_year": null,
            "eps_4q": null,
            "eps_4q_growth_year": null,
            "roe": null,
            "roe_4q": 0,
            "gross_profit": null,
            "gross_margin": null,
            "gross_margin_4q_avg": 0,
            "net_income": null,
            "net_income_4q": null,
            "revenue": null,
            "revenue_4q": null,
            "common_shares": null,
            "book_valuer_per_share": null,
            "book_valuer_per_share_4q_avg": 0,
            "equity": null,
            "current_ratio": null,
            "debt_ratio": null,
            "inventory_turnover_ratio": null,
            "account_receivable_turnover_ratio": null,
            "reinvestment_rate": null,
            "research_to_sale_ratio": null,
            "price_fair": 0,
            "eps_avg_yearly": 0,
            "eps_latest_yearly": 0,
            "eps_growth_yearly": 0
        },
        "20033": {
            "year_quarter": 20033,
            "year": 2003,
            "quarter": 3,
            "eps": null,
            "eps_growth_year": null,
            "eps_4q": null,
            "eps_4q_growth_year": null,
            "roe": null,
            "roe_4q": 0,
            "gross_profit": null,
            "gross_margin": null,
            "gross_margin_4q_avg": 0,
            "net_income": null,
            "net_income_4q": null,
            "revenue": null,
            "revenue_4q": null,
            "common_shares": null,
            "book_valuer_per_share": null,
            "book_valuer_per_share_4q_avg": 0,
            "equity": null,
            "current_ratio": null,
            "debt_ratio": null,
            "inventory_turnover_ratio": null,
            "account_receivable_turnover_ratio": null,
            "reinvestment_rate": null,
            "research_to_sale_ratio": null,
            "price_fair": 0,
            "eps_avg_yearly": 0,
            "eps_latest_yearly": 0,
            "eps_growth_yearly": 0
        },
        "20034": {
            "year_quarter": 20034,
            "year": 2003,
            "quarter": 4,
            "eps": null,
            "eps_growth_year": null,
            "eps_4q": null,
            "eps_4q_growth_year": null,
            "roe": null,
            "roe_4q": 0,
            "gross_profit": null,
            "gross_margin": null,
            "gross_margin_4q_avg": 0,
            "net_income": null,
            "net_income_4q": null,
            "revenue": null,
            "revenue_4q": null,
            "common_shares": null,
            "book_valuer_per_share": null,
            "book_valuer_per_share_4q_avg": 0,
            "equity": null,
            "current_ratio": null,
            "debt_ratio": null,
            "inventory_turnover_ratio": null,
            "account_receivable_turnover_ratio": null,
            "reinvestment_rate": null,
            "research_to_sale_ratio": null,
            "price_fair": 0,
            "eps_avg_yearly": 0,
            "eps_latest_yearly": 0,
            "eps_growth_yearly": 0
        },
        "20041": {
            "year_quarter": 20041,
            "year": 2004,
            "quarter": 1,
            "eps": null,
            "eps_growth_year": null,
            "eps_4q": null,
            "eps_4q_growth_year": null,
            "roe": null,
            "roe_4q": 0,
            "gross_profit": null,
            "gross_margin": null,
            "gross_margin_4q_avg": 0,
            "net_income": null,
            "net_income_4q": null,
            "revenue": null,
            "revenue_4q": null,
            "common_shares": null,
            "book_valuer_per_share": null,
            "book_valuer_per_share_4q_avg": 0,
            "equity": null,
            "current_ratio": null,
            "debt_ratio": null,
            "inventory_turnover_ratio": null,
            "account_receivable_turnover_ratio": null,
            "reinvestment_rate": null,
            "research_to_sale_ratio": null,
            "price_fair": 0,
            "eps_avg_yearly": 0,
            "eps_latest_yearly": 0,
            "eps_growth_yearly": 0
        },
        "20042": {
            "year_quarter": 20042,
            "year": 2004,
            "quarter": 2,
            "eps": null,
            "eps_growth_year": null,
            "eps_4q": null,
            "eps_4q_growth_year": null,
            "roe": null,
            "roe_4q": 0,
            "gross_profit": null,
            "gross_margin": null,
            "gross_margin_4q_avg": 0,
            "net_income": null,
            "net_income_4q": null,
            "revenue": null,
            "revenue_4q": null,
            "common_shares": null,
            "book_valuer_per_share": null,
            "book_valuer_per_share_4q_avg": 0,
            "equity": null,
            "current_ratio": null,
            "debt_ratio": null,
            "inventory_turnover_ratio": null,
            "account_receivable_turnover_ratio": null,
            "reinvestment_rate": null,
            "research_to_sale_ratio": null,
            "price_fair": 0,
            "eps_avg_yearly": 0,
            "eps_latest_yearly": 0,
            "eps_growth_yearly": 0
        },
        "20043": {
            "year_quarter": 20043,
            "year": 2004,
            "quarter": 3,
            "eps": null,
            "eps_growth_year": null,
            "eps_4q": null,
            "eps_4q_growth_year": null,
            "roe": null,
            "roe_4q": 0,
            "gross_profit": null,
            "gross_margin": null,
            "gross_margin_4q_avg": 0,
            "net_income": null,
            "net_income_4q": null,
            "revenue": null,
            "revenue_4q": null,
            "common_shares": null,
            "book_valuer_per_share": null,
            "book_valuer_per_share_4q_avg": 0,
            "equity": null,
            "current_ratio": null,
            "debt_ratio": null,
            "inventory_turnover_ratio": null,
            "account_receivable_turnover_ratio": null,
            "reinvestment_rate": null,
            "research_to_sale_ratio": null,
            "price_fair": 0,
            "eps_avg_yearly": 0,
            "eps_latest_yearly": 0,
            "eps_growth_yearly": 0
        },
        "20044": {
            "year_quarter": 20044,
            "year": 2004,
            "quarter": 4,
            "eps": null,
            "eps_growth_year": null,
            "eps_4q": null,
            "eps_4q_growth_year": null,
            "roe": null,
            "roe_4q": 0,
            "gross_profit": null,
            "gross_margin": null,
            "gross_margin_4q_avg": 0,
            "net_income": null,
            "net_income_4q": null,
            "revenue": null,
            "revenue_4q": null,
            "common_shares": null,
            "book_valuer_per_share": null,
            "book_valuer_per_share_4q_avg": 0,
            "equity": null,
            "current_ratio": null,
            "debt_ratio": null,
            "inventory_turnover_ratio": null,
            "account_receivable_turnover_ratio": null,
            "reinvestment_rate": null,
            "research_to_sale_ratio": null,
            "price_fair": 0,
            "eps_avg_yearly": 0,
            "eps_latest_yearly": 0,
            "eps_growth_yearly": 0
        },
        "20051": {
            "year_quarter": 20051,
            "year": 2005,
            "quarter": 1,
            "eps": null,
            "eps_growth_year": null,
            "eps_4q": null,
            "eps_4q_growth_year": null,
            "roe": null,
            "roe_4q": 0,
            "gross_profit": null,
            "gross_margin": null,
            "gross_margin_4q_avg": 0,
            "net_income": null,
            "net_income_4q": null,
            "revenue": null,
            "revenue_4q": null,
            "common_shares": null,
            "book_valuer_per_share": null,
            "book_valuer_per_share_4q_avg": 0,
            "equity": null,
            "current_ratio": null,
            "debt_ratio": null,
            "inventory_turnover_ratio": null,
            "account_receivable_turnover_ratio": null,
            "reinvestment_rate": null,
            "research_to_sale_ratio": null,
            "price_fair": 0,
            "eps_avg_yearly": 0,
            "eps_latest_yearly": 0,
            "eps_growth_yearly": 0
        },
        "20052": {
            "year_quarter": 20052,
            "year": 2005,
            "quarter": 2,
            "eps": null,
            "eps_growth_year": null,
            "eps_4q": null,
            "eps_4q_growth_year": null,
            "roe": null,
            "roe_4q": 0,
            "gross_profit": null,
            "gross_margin": null,
            "gross_margin_4q_avg": 0,
            "net_income": null,
            "net_income_4q": null,
            "revenue": null,
            "revenue_4q": null,
            "common_shares": null,
            "book_valuer_per_share": null,
            "book_valuer_per_share_4q_avg": 0,
            "equity": null,
            "current_ratio": null,
            "debt_ratio": null,
            "inventory_turnover_ratio": null,
            "account_receivable_turnover_ratio": null,
            "reinvestment_rate": null,
            "research_to_sale_ratio": null,
            "price_fair": 0,
            "eps_avg_yearly": 0,
            "eps_latest_yearly": 0,
            "eps_growth_yearly": 0
        },
        "20053": {
            "year_quarter": 20053,
            "year": 2005,
            "quarter": 3,
            "eps": null,
            "eps_growth_year": null,
            "eps_4q": null,
            "eps_4q_growth_year": null,
            "roe": null,
            "roe_4q": 0,
            "gross_profit": null,
            "gross_margin": null,
            "gross_margin_4q_avg": 0,
            "net_income": null,
            "net_income_4q": null,
            "revenue": null,
            "revenue_4q": null,
            "common_shares": null,
            "book_valuer_per_share": null,
            "book_valuer_per_share_4q_avg": 0,
            "equity": null,
            "current_ratio": null,
            "debt_ratio": null,
            "inventory_turnover_ratio": null,
            "account_receivable_turnover_ratio": null,
            "reinvestment_rate": null,
            "research_to_sale_ratio": null,
            "price_fair": 0,
            "eps_avg_yearly": 0,
            "eps_latest_yearly": 0,
            "eps_growth_yearly": 0
        },
        "20054": {
            "year_quarter": 20054,
            "year": 2005,
            "quarter": 4,
            "eps": null,
            "eps_growth_year": null,
            "eps_4q": null,
            "eps_4q_growth_year": null,
            "roe": null,
            "roe_4q": 0,
            "gross_profit": null,
            "gross_margin": null,
            "gross_margin_4q_avg": 0,
            "net_income": null,
            "net_income_4q": null,
            "revenue": null,
            "revenue_4q": null,
            "common_shares": null,
            "book_valuer_per_share": null,
            "book_valuer_per_share_4q_avg": 0,
            "equity": null,
            "current_ratio": null,
            "debt_ratio": null,
            "inventory_turnover_ratio": null,
            "account_receivable_turnover_ratio": null,
            "reinvestment_rate": null,
            "research_to_sale_ratio": null,
            "price_fair": 0,
            "eps_avg_yearly": 0,
            "eps_latest_yearly": 0,
            "eps_growth_yearly": 0
        },
        "20061": {
            "year_quarter": 20061,
            "year": 2006,
            "quarter": 1,
            "eps": null,
            "eps_growth_year": null,
            "eps_4q": null,
            "eps_4q_growth_year": null,
            "roe": null,
            "roe_4q": 0,
            "gross_profit": null,
            "gross_margin": null,
            "gross_margin_4q_avg": 0,
            "net_income": null,
            "net_income_4q": null,
            "revenue": null,
            "revenue_4q": null,
            "common_shares": null,
            "book_valuer_per_share": null,
            "book_valuer_per_share_4q_avg": 0,
            "equity": null,
            "current_ratio": null,
            "debt_ratio": null,
            "inventory_turnover_ratio": null,
            "account_receivable_turnover_ratio": null,
            "reinvestment_rate": null,
            "research_to_sale_ratio": null,
            "price_fair": 0,
            "eps_avg_yearly": 0,
            "eps_latest_yearly": 0,
            "eps_growth_yearly": 0
        },
        "20062": {
            "year_quarter": 20062,
            "year": 2006,
            "quarter": 2,
            "eps": null,
            "eps_growth_year": null,
            "eps_4q": null,
            "eps_4q_growth_year": null,
            "roe": null,
            "roe_4q": 0,
            "gross_profit": null,
            "gross_margin": null,
            "gross_margin_4q_avg": 0,
            "net_income": null,
            "net_income_4q": null,
            "revenue": null,
            "revenue_4q": null,
            "common_shares": null,
            "book_valuer_per_share": null,
            "book_valuer_per_share_4q_avg": 0,
            "equity": null,
            "current_ratio": null,
            "debt_ratio": null,
            "inventory_turnover_ratio": null,
            "account_receivable_turnover_ratio": null,
            "reinvestment_rate": null,
            "research_to_sale_ratio": null,
            "price_fair": 0,
            "eps_avg_yearly": 0,
            "eps_latest_yearly": 0,
            "eps_growth_yearly": 0
        },
        "20063": {
            "year_quarter": 20063,
            "year": 2006,
            "quarter": 3,
            "eps": null,
            "eps_growth_year": null,
            "eps_4q": null,
            "eps_4q_growth_year": null,
            "roe": null,
            "roe_4q": 0,
            "gross_profit": null,
            "gross_margin": null,
            "gross_margin_4q_avg": 0,
            "net_income": null,
            "net_income_4q": null,
            "revenue": null,
            "revenue_4q": null,
            "common_shares": null,
            "book_valuer_per_share": null,
            "book_valuer_per_share_4q_avg": 0,
            "equity": null,
            "current_ratio": null,
            "debt_ratio": null,
            "inventory_turnover_ratio": null,
            "account_receivable_turnover_ratio": null,
            "reinvestment_rate": null,
            "research_to_sale_ratio": null,
            "price_fair": 0,
            "eps_avg_yearly": 0,
            "eps_latest_yearly": 0,
            "eps_growth_yearly": 0
        },
        "20064": {
            "year_quarter": 20064,
            "year": 2006,
            "quarter": 4,
            "eps": null,
            "eps_growth_year": null,
            "eps_4q": null,
            "eps_4q_growth_year": null,
            "roe": null,
            "roe_4q": 0,
            "gross_profit": null,
            "gross_margin": null,
            "gross_margin_4q_avg": 0,
            "net_income": null,
            "net_income_4q": null,
            "revenue": null,
            "revenue_4q": null,
            "common_shares": null,
            "book_valuer_per_share": null,
            "book_valuer_per_share_4q_avg": 0,
            "equity": null,
            "current_ratio": null,
            "debt_ratio": null,
            "inventory_turnover_ratio": null,
            "account_receivable_turnover_ratio": null,
            "reinvestment_rate": null,
            "research_to_sale_ratio": null,
            "price_fair": 0,
            "eps_avg_yearly": 0,
            "eps_latest_yearly": 0,
            "eps_growth_yearly": 0
        },
        "20071": {
            "year_quarter": 20071,
            "year": 2007,
            "quarter": 1,
            "eps": null,
            "eps_growth_year": null,
            "eps_4q": null,
            "eps_4q_growth_year": null,
            "roe": null,
            "roe_4q": 0,
            "gross_profit": null,
            "gross_margin": null,
            "gross_margin_4q_avg": 0,
            "net_income": null,
            "net_income_4q": null,
            "revenue": null,
            "revenue_4q": null,
            "common_shares": null,
            "book_valuer_per_share": null,
            "book_valuer_per_share_4q_avg": 0,
            "equity": null,
            "current_ratio": null,
            "debt_ratio": null,
            "inventory_turnover_ratio": null,
            "account_receivable_turnover_ratio": null,
            "reinvestment_rate": null,
            "research_to_sale_ratio": null,
            "price_fair": 0,
            "eps_avg_yearly": 0,
            "eps_latest_yearly": 0,
            "eps_growth_yearly": 0
        },
        "20072": {
            "year_quarter": 20072,
            "year": 2007,
            "quarter": 2,
            "eps": null,
            "eps_growth_year": null,
            "eps_4q": null,
            "eps_4q_growth_year": null,
            "roe": null,
            "roe_4q": 0,
            "gross_profit": null,
            "gross_margin": null,
            "gross_margin_4q_avg": 0,
            "net_income": null,
            "net_income_4q": null,
            "revenue": null,
            "revenue_4q": null,
            "common_shares": null,
            "book_valuer_per_share": null,
            "book_valuer_per_share_4q_avg": 0,
            "equity": null,
            "current_ratio": null,
            "debt_ratio": null,
            "inventory_turnover_ratio": null,
            "account_receivable_turnover_ratio": null,
            "reinvestment_rate": null,
            "research_to_sale_ratio": null,
            "price_fair": 0,
            "eps_avg_yearly": 0,
            "eps_latest_yearly": 0,
            "eps_growth_yearly": 0
        },
        "20073": {
            "year_quarter": 20073,
            "year": 2007,
            "quarter": 3,
            "eps": null,
            "eps_growth_year": null,
            "eps_4q": null,
            "eps_4q_growth_year": null,
            "roe": null,
            "roe_4q": 0,
            "gross_profit": null,
            "gross_margin": null,
            "gross_margin_4q_avg": 0,
            "net_income": null,
            "net_income_4q": null,
            "revenue": null,
            "revenue_4q": null,
            "common_shares": null,
            "book_valuer_per_share": null,
            "book_valuer_per_share_4q_avg": 0,
            "equity": null,
            "current_ratio": null,
            "debt_ratio": null,
            "inventory_turnover_ratio": null,
            "account_receivable_turnover_ratio": null,
            "reinvestment_rate": null,
            "research_to_sale_ratio": null,
            "price_fair": 0,
            "eps_avg_yearly": 0,
            "eps_latest_yearly": 0,
            "eps_growth_yearly": 0
        },
        "20074": {
            "year_quarter": 20074,
            "year": 2007,
            "quarter": 4,
            "eps": null,
            "eps_growth_year": null,
            "eps_4q": null,
            "eps_4q_growth_year": null,
            "roe": null,
            "roe_4q": 0,
            "gross_profit": null,
            "gross_margin": null,
            "gross_margin_4q_avg": 0,
            "net_income": null,
            "net_income_4q": null,
            "revenue": null,
            "revenue_4q": null,
            "common_shares": null,
            "book_valuer_per_share": null,
            "book_valuer_per_share_4q_avg": 0,
            "equity": null,
            "current_ratio": null,
            "debt_ratio": null,
            "inventory_turnover_ratio": null,
            "account_receivable_turnover_ratio": null,
            "reinvestment_rate": null,
            "research_to_sale_ratio": null,
            "price_fair": 0,
            "eps_avg_yearly": 0,
            "eps_latest_yearly": 0,
            "eps_growth_yearly": 0
        },
        "20081": {
            "year_quarter": 20081,
            "year": 2008,
            "quarter": 1,
            "eps": null,
            "eps_growth_year": null,
            "eps_4q": null,
            "eps_4q_growth_year": null,
            "roe": null,
            "roe_4q": 0,
            "gross_profit": null,
            "gross_margin": null,
            "gross_margin_4q_avg": 0,
            "net_income": null,
            "net_income_4q": null,
            "revenue": null,
            "revenue_4q": null,
            "common_shares": null,
            "book_valuer_per_share": null,
            "book_valuer_per_share_4q_avg": 0,
            "equity": null,
            "current_ratio": null,
            "debt_ratio": null,
            "inventory_turnover_ratio": null,
            "account_receivable_turnover_ratio": null,
            "reinvestment_rate": null,
            "research_to_sale_ratio": null,
            "price_fair": 0,
            "eps_avg_yearly": 0,
            "eps_latest_yearly": 0,
            "eps_growth_yearly": 0
        },
        "20082": {
            "year_quarter": 20082,
            "year": 2008,
            "quarter": 2,
            "eps": null,
            "eps_growth_year": null,
            "eps_4q": null,
            "eps_4q_growth_year": null,
            "roe": null,
            "roe_4q": 0,
            "gross_profit": null,
            "gross_margin": null,
            "gross_margin_4q_avg": 0,
            "net_income": null,
            "net_income_4q": null,
            "revenue": null,
            "revenue_4q": null,
            "common_shares": null,
            "book_valuer_per_share": null,
            "book_valuer_per_share_4q_avg": 0,
            "equity": null,
            "current_ratio": null,
            "debt_ratio": null,
            "inventory_turnover_ratio": null,
            "account_receivable_turnover_ratio": null,
            "reinvestment_rate": null,
            "research_to_sale_ratio": null,
            "price_fair": 0,
            "eps_avg_yearly": 0,
            "eps_latest_yearly": 0,
            "eps_growth_yearly": 0
        },
        "20083": {
            "year_quarter": 20083,
            "year": 2008,
            "quarter": 3,
            "eps": null,
            "eps_growth_year": null,
            "eps_4q": null,
            "eps_4q_growth_year": null,
            "roe": null,
            "roe_4q": 0,
            "gross_profit": null,
            "gross_margin": null,
            "gross_margin_4q_avg": 0,
            "net_income": null,
            "net_income_4q": null,
            "revenue": null,
            "revenue_4q": null,
            "common_shares": null,
            "book_valuer_per_share": null,
            "book_valuer_per_share_4q_avg": 0,
            "equity": null,
            "current_ratio": null,
            "debt_ratio": null,
            "inventory_turnover_ratio": null,
            "account_receivable_turnover_ratio": null,
            "reinvestment_rate": null,
            "research_to_sale_ratio": null,
            "price_fair": 0,
            "eps_avg_yearly": 0,
            "eps_latest_yearly": 0,
            "eps_growth_yearly": 0
        },
        "20084": {
            "year_quarter": 20084,
            "year": 2008,
            "quarter": 4,
            "eps": null,
            "eps_growth_year": null,
            "eps_4q": null,
            "eps_4q_growth_year": null,
            "roe": null,
            "roe_4q": 0,
            "gross_profit": null,
            "gross_margin": null,
            "gross_margin_4q_avg": 0,
            "net_income": null,
            "net_income_4q": null,
            "revenue": null,
            "revenue_4q": null,
            "common_shares": null,
            "book_valuer_per_share": null,
            "book_valuer_per_share_4q_avg": 0,
            "equity": null,
            "current_ratio": null,
            "debt_ratio": null,
            "inventory_turnover_ratio": null,
            "account_receivable_turnover_ratio": null,
            "reinvestment_rate": null,
            "research_to_sale_ratio": null,
            "price_fair": 0,
            "eps_avg_yearly": 0,
            "eps_latest_yearly": 0,
            "eps_growth_yearly": 0
        },
        "20091": {
            "year_quarter": 20091,
            "year": 2009,
            "quarter": 1,
            "eps": null,
            "eps_growth_year": null,
            "eps_4q": null,
            "eps_4q_growth_year": null,
            "roe": null,
            "roe_4q": 0,
            "gross_profit": null,
            "gross_margin": null,
            "gross_margin_4q_avg": 0,
            "net_income": null,
            "net_income_4q": null,
            "revenue": null,
            "revenue_4q": null,
            "common_shares": null,
            "book_valuer_per_share": null,
            "book_valuer_per_share_4q_avg": 0,
            "equity": null,
            "current_ratio": null,
            "debt_ratio": null,
            "inventory_turnover_ratio": null,
            "account_receivable_turnover_ratio": null,
            "reinvestment_rate": null,
            "research_to_sale_ratio": null,
            "price_fair": 0,
            "eps_avg_yearly": 0,
            "eps_latest_yearly": 0,
            "eps_growth_yearly": 0
        },
        "20092": {
            "year_quarter": 20092,
            "year": 2009,
            "quarter": 2,
            "eps": null,
            "eps_growth_year": null,
            "eps_4q": null,
            "eps_4q_growth_year": null,
            "roe": null,
            "roe_4q": 0,
            "gross_profit": null,
            "gross_margin": null,
            "gross_margin_4q_avg": 0,
            "net_income": null,
            "net_income_4q": null,
            "revenue": null,
            "revenue_4q": null,
            "common_shares": null,
            "book_valuer_per_share": null,
            "book_valuer_per_share_4q_avg": 0,
            "equity": null,
            "current_ratio": null,
            "debt_ratio": null,
            "inventory_turnover_ratio": null,
            "account_receivable_turnover_ratio": null,
            "reinvestment_rate": null,
            "research_to_sale_ratio": null,
            "price_fair": 0,
            "eps_avg_yearly": 0,
            "eps_latest_yearly": 0,
            "eps_growth_yearly": 0
        },
        "20093": {
            "year_quarter": 20093,
            "year": 2009,
            "quarter": 3,
            "eps": null,
            "eps_growth_year": null,
            "eps_4q": null,
            "eps_4q_growth_year": null,
            "roe": null,
            "roe_4q": 0,
            "gross_profit": null,
            "gross_margin": null,
            "gross_margin_4q_avg": 0,
            "net_income": null,
            "net_income_4q": null,
            "revenue": null,
            "revenue_4q": null,
            "common_shares": null,
            "book_valuer_per_share": null,
            "book_valuer_per_share_4q_avg": 0,
            "equity": null,
            "current_ratio": null,
            "debt_ratio": null,
            "inventory_turnover_ratio": null,
            "account_receivable_turnover_ratio": null,
            "reinvestment_rate": null,
            "research_to_sale_ratio": null,
            "price_fair": 0,
            "eps_avg_yearly": 0,
            "eps_latest_yearly": 0,
            "eps_growth_yearly": 0
        },
        "20094": {
            "year_quarter": 20094,
            "year": 2009,
            "quarter": 4,
            "eps": null,
            "eps_growth_year": null,
            "eps_4q": null,
            "eps_4q_growth_year": null,
            "roe": null,
            "roe_4q": 0,
            "gross_profit": null,
            "gross_margin": null,
            "gross_margin_4q_avg": 0,
            "net_income": null,
            "net_income_4q": null,
            "revenue": null,
            "revenue_4q": null,
            "common_shares": null,
            "book_valuer_per_share": null,
            "book_valuer_per_share_4q_avg": 0,
            "equity": null,
            "current_ratio": null,
            "debt_ratio": null,
            "inventory_turnover_ratio": null,
            "account_receivable_turnover_ratio": null,
            "reinvestment_rate": null,
            "research_to_sale_ratio": null,
            "price_fair": 0,
            "eps_avg_yearly": 0,
            "eps_latest_yearly": 0,
            "eps_growth_yearly": 0
        },
        "20101": {
            "year_quarter": 20101,
            "year": 2010,
            "quarter": 1,
            "eps": null,
            "eps_growth_year": null,
            "eps_4q": null,
            "eps_4q_growth_year": null,
            "roe": null,
            "roe_4q": 0,
            "gross_profit": null,
            "gross_margin": null,
            "gross_margin_4q_avg": 0,
            "net_income": null,
            "net_income_4q": null,
            "revenue": null,
            "revenue_4q": null,
            "common_shares": null,
            "book_valuer_per_share": null,
            "book_valuer_per_share_4q_avg": 0,
            "equity": null,
            "current_ratio": null,
            "debt_ratio": null,
            "inventory_turnover_ratio": null,
            "account_receivable_turnover_ratio": null,
            "reinvestment_rate": null,
            "research_to_sale_ratio": null,
            "price_fair": 0,
            "eps_avg_yearly": 0,
            "eps_latest_yearly": 0,
            "eps_growth_yearly": 0
        },
        "20102": {
            "year_quarter": 20102,
            "year": 2010,
            "quarter": 2,
            "eps": null,
            "eps_growth_year": null,
            "eps_4q": null,
            "eps_4q_growth_year": null,
            "roe": null,
            "roe_4q": 0,
            "gross_profit": null,
            "gross_margin": null,
            "gross_margin_4q_avg": 0,
            "net_income": null,
            "net_income_4q": null,
            "revenue": null,
            "revenue_4q": null,
            "common_shares": null,
            "book_valuer_per_share": null,
            "book_valuer_per_share_4q_avg": 0,
            "equity": null,
            "current_ratio": null,
            "debt_ratio": null,
            "inventory_turnover_ratio": null,
            "account_receivable_turnover_ratio": null,
            "reinvestment_rate": null,
            "research_to_sale_ratio": null,
            "price_fair": 0,
            "eps_avg_yearly": 0,
            "eps_latest_yearly": 0,
            "eps_growth_yearly": 0
        },
        "20103": {
            "year_quarter": 20103,
            "year": 2010,
            "quarter": 3,
            "eps": null,
            "eps_growth_year": null,
            "eps_4q": null,
            "eps_4q_growth_year": null,
            "roe": null,
            "roe_4q": 0,
            "gross_profit": null,
            "gross_margin": null,
            "gross_margin_4q_avg": 0,
            "net_income": null,
            "net_income_4q": null,
            "revenue": null,
            "revenue_4q": null,
            "common_shares": null,
            "book_valuer_per_share": null,
            "book_valuer_per_share_4q_avg": 0,
            "equity": null,
            "current_ratio": null,
            "debt_ratio": null,
            "inventory_turnover_ratio": null,
            "account_receivable_turnover_ratio": null,
            "reinvestment_rate": null,
            "research_to_sale_ratio": null,
            "price_fair": 0,
            "eps_avg_yearly": 0,
            "eps_latest_yearly": 0,
            "eps_growth_yearly": 0
        },
        "20104": {
            "year_quarter": 20104,
            "year": 2010,
            "quarter": 4,
            "eps": null,
            "eps_growth_year": null,
            "eps_4q": null,
            "eps_4q_growth_year": null,
            "roe": null,
            "roe_4q": 0,
            "gross_profit": null,
            "gross_margin": null,
            "gross_margin_4q_avg": 0,
            "net_income": null,
            "net_income_4q": null,
            "revenue": null,
            "revenue_4q": null,
            "common_shares": null,
            "book_valuer_per_share": null,
            "book_valuer_per_share_4q_avg": 0,
            "equity": null,
            "current_ratio": null,
            "debt_ratio": null,
            "inventory_turnover_ratio": null,
            "account_receivable_turnover_ratio": null,
            "reinvestment_rate": null,
            "research_to_sale_ratio": null,
            "price_fair": 0,
            "eps_avg_yearly": 0,
            "eps_latest_yearly": 0,
            "eps_growth_yearly": 0
        },
        "20111": {
            "year_quarter": 20111,
            "year": 2011,
            "quarter": 1,
            "eps": null,
            "eps_growth_year": null,
            "eps_4q": null,
            "eps_4q_growth_year": null,
            "roe": null,
            "roe_4q": 0,
            "gross_profit": null,
            "gross_margin": null,
            "gross_margin_4q_avg": 0,
            "net_income": null,
            "net_income_4q": null,
            "revenue": null,
            "revenue_4q": null,
            "common_shares": null,
            "book_valuer_per_share": null,
            "book_valuer_per_share_4q_avg": 0,
            "equity": null,
            "current_ratio": null,
            "debt_ratio": null,
            "inventory_turnover_ratio": null,
            "account_receivable_turnover_ratio": null,
            "reinvestment_rate": null,
            "research_to_sale_ratio": null,
            "price_fair": 0,
            "eps_avg_yearly": 0,
            "eps_latest_yearly": 0,
            "eps_growth_yearly": 0
        },
        "20112": {
            "year_quarter": 20112,
            "year": 2011,
            "quarter": 2,
            "eps": null,
            "eps_growth_year": null,
            "eps_4q": null,
            "eps_4q_growth_year": null,
            "roe": null,
            "roe_4q": 0,
            "gross_profit": null,
            "gross_margin": null,
            "gross_margin_4q_avg": 0,
            "net_income": null,
            "net_income_4q": null,
            "revenue": null,
            "revenue_4q": null,
            "common_shares": null,
            "book_valuer_per_share": null,
            "book_valuer_per_share_4q_avg": 0,
            "equity": null,
            "current_ratio": null,
            "debt_ratio": null,
            "inventory_turnover_ratio": null,
            "account_receivable_turnover_ratio": null,
            "reinvestment_rate": null,
            "research_to_sale_ratio": null,
            "price_fair": 0,
            "eps_avg_yearly": 0,
            "eps_latest_yearly": 0,
            "eps_growth_yearly": 0
        },
        "20113": {
            "year_quarter": 20113,
            "year": 2011,
            "quarter": 3,
            "eps": null,
            "eps_growth_year": null,
            "eps_4q": null,
            "eps_4q_growth_year": null,
            "roe": null,
            "roe_4q": 0,
            "gross_profit": null,
            "gross_margin": null,
            "gross_margin_4q_avg": 0,
            "net_income": null,
            "net_income_4q": null,
            "revenue": null,
            "revenue_4q": null,
            "common_shares": null,
            "book_valuer_per_share": null,
            "book_valuer_per_share_4q_avg": 0,
            "equity": null,
            "current_ratio": null,
            "debt_ratio": null,
            "inventory_turnover_ratio": null,
            "account_receivable_turnover_ratio": null,
            "reinvestment_rate": null,
            "research_to_sale_ratio": null,
            "price_fair": 0,
            "eps_avg_yearly": 0,
            "eps_latest_yearly": 0,
            "eps_growth_yearly": 0
        },
        "20114": {
            "year_quarter": 20114,
            "year": 2011,
            "quarter": 4,
            "eps": null,
            "eps_growth_year": null,
            "eps_4q": null,
            "eps_4q_growth_year": null,
            "roe": null,
            "roe_4q": 0,
            "gross_profit": null,
            "gross_margin": null,
            "gross_margin_4q_avg": 0,
            "net_income": null,
            "net_income_4q": null,
            "revenue": null,
            "revenue_4q": null,
            "common_shares": null,
            "book_valuer_per_share": null,
            "book_valuer_per_share_4q_avg": 0,
            "equity": null,
            "current_ratio": null,
            "debt_ratio": null,
            "inventory_turnover_ratio": null,
            "account_receivable_turnover_ratio": null,
            "reinvestment_rate": null,
            "research_to_sale_ratio": null,
            "price_fair": 0,
            "eps_avg_yearly": 0,
            "eps_latest_yearly": 0,
            "eps_growth_yearly": 0
        },
        "20121": {
            "year_quarter": 20121,
            "year": 2012,
            "quarter": 1,
            "eps": null,
            "eps_growth_year": null,
            "eps_4q": null,
            "eps_4q_growth_year": null,
            "roe": null,
            "roe_4q": 0,
            "gross_profit": null,
            "gross_margin": null,
            "gross_margin_4q_avg": 0,
            "net_income": null,
            "net_income_4q": null,
            "revenue": null,
            "revenue_4q": null,
            "common_shares": null,
            "book_valuer_per_share": null,
            "book_valuer_per_share_4q_avg": 0,
            "equity": null,
            "current_ratio": null,
            "debt_ratio": null,
            "inventory_turnover_ratio": null,
            "account_receivable_turnover_ratio": null,
            "reinvestment_rate": null,
            "research_to_sale_ratio": null,
            "price_fair": 0,
            "eps_avg_yearly": 0,
            "eps_latest_yearly": 0,
            "eps_growth_yearly": 0
        },
        "20122": {
            "year_quarter": 20122,
            "year": 2012,
            "quarter": 2,
            "eps": null,
            "eps_growth_year": null,
            "eps_4q": null,
            "eps_4q_growth_year": null,
            "roe": null,
            "roe_4q": 0,
            "gross_profit": null,
            "gross_margin": null,
            "gross_margin_4q_avg": 0,
            "net_income": null,
            "net_income_4q": null,
            "revenue": null,
            "revenue_4q": null,
            "common_shares": null,
            "book_valuer_per_share": null,
            "book_valuer_per_share_4q_avg": 0,
            "equity": null,
            "current_ratio": null,
            "debt_ratio": null,
            "inventory_turnover_ratio": null,
            "account_receivable_turnover_ratio": null,
            "reinvestment_rate": null,
            "research_to_sale_ratio": null,
            "price_fair": 0,
            "eps_avg_yearly": 0,
            "eps_latest_yearly": 0,
            "eps_growth_yearly": 0
        },
        "20123": {
            "year_quarter": 20123,
            "year": 2012,
            "quarter": 3,
            "eps": null,
            "eps_growth_year": null,
            "eps_4q": null,
            "eps_4q_growth_year": null,
            "roe": null,
            "roe_4q": 0,
            "gross_profit": null,
            "gross_margin": null,
            "gross_margin_4q_avg": 0,
            "net_income": null,
            "net_income_4q": null,
            "revenue": null,
            "revenue_4q": null,
            "common_shares": null,
            "book_valuer_per_share": null,
            "book_valuer_per_share_4q_avg": 0,
            "equity": null,
            "current_ratio": null,
            "debt_ratio": null,
            "inventory_turnover_ratio": null,
            "account_receivable_turnover_ratio": null,
            "reinvestment_rate": null,
            "research_to_sale_ratio": null,
            "price_fair": 0,
            "eps_avg_yearly": 0,
            "eps_latest_yearly": 0,
            "eps_growth_yearly": 0
        },
        "20124": {
            "year_quarter": 20124,
            "year": 2012,
            "quarter": 4,
            "eps": null,
            "eps_growth_year": null,
            "eps_4q": null,
            "eps_4q_growth_year": null,
            "roe": null,
            "roe_4q": 0,
            "gross_profit": null,
            "gross_margin": null,
            "gross_margin_4q_avg": 0,
            "net_income": null,
            "net_income_4q": null,
            "revenue": null,
            "revenue_4q": null,
            "common_shares": null,
            "book_valuer_per_share": null,
            "book_valuer_per_share_4q_avg": 0,
            "equity": null,
            "current_ratio": null,
            "debt_ratio": null,
            "inventory_turnover_ratio": null,
            "account_receivable_turnover_ratio": null,
            "reinvestment_rate": null,
            "research_to_sale_ratio": null,
            "price_fair": 0,
            "eps_avg_yearly": 0,
            "eps_latest_yearly": 0,
            "eps_growth_yearly": 0
        },
        "20131": {
            "year_quarter": 20131,
            "year": 2013,
            "quarter": 1,
            "eps": null,
            "eps_growth_year": null,
            "eps_4q": null,
            "eps_4q_growth_year": null,
            "roe": null,
            "roe_4q": 0,
            "gross_profit": null,
            "gross_margin": null,
            "gross_margin_4q_avg": 0,
            "net_income": null,
            "net_income_4q": null,
            "revenue": null,
            "revenue_4q": null,
            "common_shares": null,
            "book_valuer_per_share": null,
            "book_valuer_per_share_4q_avg": 0,
            "equity": null,
            "current_ratio": null,
            "debt_ratio": null,
            "inventory_turnover_ratio": null,
            "account_receivable_turnover_ratio": null,
            "reinvestment_rate": null,
            "research_to_sale_ratio": null,
            "price_fair": 0,
            "eps_avg_yearly": 0,
            "eps_latest_yearly": 0,
            "eps_growth_yearly": 0
        },
        "20132": {
            "year_quarter": 20132,
            "year": 2013,
            "quarter": 2,
            "eps": null,
            "eps_growth_year": null,
            "eps_4q": null,
            "eps_4q_growth_year": null,
            "roe": null,
            "roe_4q": 0,
            "gross_profit": null,
            "gross_margin": null,
            "gross_margin_4q_avg": 0,
            "net_income": null,
            "net_income_4q": null,
            "revenue": null,
            "revenue_4q": null,
            "common_shares": null,
            "book_valuer_per_share": null,
            "book_valuer_per_share_4q_avg": 0,
            "equity": null,
            "current_ratio": null,
            "debt_ratio": null,
            "inventory_turnover_ratio": null,
            "account_receivable_turnover_ratio": null,
            "reinvestment_rate": null,
            "research_to_sale_ratio": null,
            "price_fair": 0,
            "eps_avg_yearly": 0,
            "eps_latest_yearly": 0,
            "eps_growth_yearly": 0
        },
        "20133": {
            "year_quarter": 20133,
            "year": 2013,
            "quarter": 3,
            "eps": null,
            "eps_growth_year": null,
            "eps_4q": null,
            "eps_4q_growth_year": null,
            "roe": null,
            "roe_4q": 0,
            "gross_profit": null,
            "gross_margin": null,
            "gross_margin_4q_avg": 0,
            "net_income": null,
            "net_income_4q": null,
            "revenue": null,
            "revenue_4q": null,
            "common_shares": null,
            "book_valuer_per_share": null,
            "book_valuer_per_share_4q_avg": 0,
            "equity": null,
            "current_ratio": null,
            "debt_ratio": null,
            "inventory_turnover_ratio": null,
            "account_receivable_turnover_ratio": null,
            "reinvestment_rate": null,
            "research_to_sale_ratio": null,
            "price_fair": 0,
            "eps_avg_yearly": 0,
            "eps_latest_yearly": 0,
            "eps_growth_yearly": 0
        },
        "20134": {
            "year_quarter": 20134,
            "year": 2013,
            "quarter": 4,
            "eps": null,
            "eps_growth_year": null,
            "eps_4q": null,
            "eps_4q_growth_year": null,
            "roe": null,
            "roe_4q": 0,
            "gross_profit": null,
            "gross_margin": null,
            "gross_margin_4q_avg": 0,
            "net_income": null,
            "net_income_4q": null,
            "revenue": null,
            "revenue_4q": null,
            "common_shares": null,
            "book_valuer_per_share": null,
            "book_valuer_per_share_4q_avg": 0,
            "equity": null,
            "current_ratio": null,
            "debt_ratio": null,
            "inventory_turnover_ratio": null,
            "account_receivable_turnover_ratio": null,
            "reinvestment_rate": null,
            "research_to_sale_ratio": null,
            "price_fair": 0,
            "eps_avg_yearly": 0,
            "eps_latest_yearly": 0,
            "eps_growth_yearly": 0
        },
        "20141": {
            "year_quarter": 20141,
            "year": 2014,
            "quarter": 1,
            "eps": null,
            "eps_growth_year": null,
            "eps_4q": null,
            "eps_4q_growth_year": null,
            "roe": null,
            "roe_4q": 0,
            "gross_profit": null,
            "gross_margin": null,
            "gross_margin_4q_avg": 0,
            "net_income": null,
            "net_income_4q": null,
            "revenue": null,
            "revenue_4q": null,
            "common_shares": null,
            "book_valuer_per_share": null,
            "book_valuer_per_share_4q_avg": 0,
            "equity": null,
            "current_ratio": null,
            "debt_ratio": null,
            "inventory_turnover_ratio": null,
            "account_receivable_turnover_ratio": null,
            "reinvestment_rate": null,
            "research_to_sale_ratio": null,
            "price_fair": 0,
            "eps_avg_yearly": 0,
            "eps_latest_yearly": 0,
            "eps_growth_yearly": 0
        },
        "20142": {
            "year_quarter": 20142,
            "year": 2014,
            "quarter": 2,
            "eps": null,
            "eps_growth_year": null,
            "eps_4q": null,
            "eps_4q_growth_year": null,
            "roe": null,
            "roe_4q": 0,
            "gross_profit": null,
            "gross_margin": null,
            "gross_margin_4q_avg": 0,
            "net_income": null,
            "net_income_4q": null,
            "revenue": null,
            "revenue_4q": null,
            "common_shares": 221299,
            "book_valuer_per_share": null,
            "book_valuer_per_share_4q_avg": 0,
            "equity": 472091,
            "current_ratio": null,
            "debt_ratio": null,
            "inventory_turnover_ratio": null,
            "account_receivable_turnover_ratio": null,
            "reinvestment_rate": null,
            "research_to_sale_ratio": null,
            "price_fair": 0,
            "eps_avg_yearly": 0,
            "eps_latest_yearly": 0,
            "eps_growth_yearly": 0
        },
        "20143": {
            "year_quarter": 20143,
            "year": 2014,
            "quarter": 3,
            "eps": null,
            "eps_growth_year": null,
            "eps_4q": null,
            "eps_4q_growth_year": null,
            "roe": null,
            "roe_4q": 0,
            "gross_profit": null,
            "gross_margin": null,
            "gross_margin_4q_avg": 0,
            "net_income": null,
            "net_income_4q": null,
            "revenue": null,
            "revenue_4q": null,
            "common_shares": null,
            "book_valuer_per_share": null,
            "book_valuer_per_share_4q_avg": 0,
            "equity": null,
            "current_ratio": null,
            "debt_ratio": null,
            "inventory_turnover_ratio": null,
            "account_receivable_turnover_ratio": null,
            "reinvestment_rate": null,
            "research_to_sale_ratio": null,
            "price_fair": 0,
            "eps_avg_yearly": 0,
            "eps_latest_yearly": 0,
            "eps_growth_yearly": 0
        },
        "20144": {
            "year_quarter": 20144,
            "year": 2014,
            "quarter": 4,
            "eps": null,
            "eps_growth_year": null,
            "eps_4q": null,
            "eps_4q_growth_year": null,
            "roe": null,
            "roe_4q": 0,
            "gross_profit": null,
            "gross_margin": null,
            "gross_margin_4q_avg": 0,
            "net_income": null,
            "net_income_4q": null,
            "revenue": null,
            "revenue_4q": null,
            "common_shares": 200000,
            "book_valuer_per_share": null,
            "book_valuer_per_share_4q_avg": 0,
            "equity": 463773,
            "current_ratio": null,
            "debt_ratio": null,
            "inventory_turnover_ratio": null,
            "account_receivable_turnover_ratio": null,
            "reinvestment_rate": null,
            "research_to_sale_ratio": null,
            "price_fair": 0,
            "eps_avg_yearly": 0,
            "eps_latest_yearly": 0,
            "eps_growth_yearly": 0
        },
        "20151": {
            "year_quarter": 20151,
            "year": 2015,
            "quarter": 1,
            "eps": null,
            "eps_growth_year": null,
            "eps_4q": null,
            "eps_4q_growth_year": null,
            "roe": null,
            "roe_4q": 0,
            "gross_profit": 54891,
            "gross_margin": null,
            "gross_margin_4q_avg": 0,
            "net_income": 12311,
            "net_income_4q": null,
            "revenue": 147363,
            "revenue_4q": null,
            "common_shares": 200000,
            "book_valuer_per_share": 23.57,
            "book_valuer_per_share_4q_avg": 5.89,
            "equity": 473301,
            "current_ratio": 428.83,
            "debt_ratio": 23.87,
            "inventory_turnover_ratio": null,
            "account_receivable_turnover_ratio": null,
            "reinvestment_rate": null,
            "research_to_sale_ratio": null,
            "price_fair": 0,
            "eps_avg_yearly": 0,
            "eps_latest_yearly": 0,
            "eps_growth_yearly": 0
        },
        "20152": {
            "year_quarter": 20152,
            "year": 2015,
            "quarter": 2,
            "eps": 1.12,
            "eps_growth_year": null,
            "eps_4q": null,
            "eps_4q_growth_year": null,
            "roe": 4.72,
            "roe_4q": 4.72,
            "gross_profit": 71512,
            "gross_margin": 40.12,
            "gross_margin_4q_avg": 10.03,
            "net_income": 21838,
            "net_income_4q": null,
            "revenue": 178235,
            "revenue_4q": null,
            "common_shares": 200000,
            "book_valuer_per_share": 22.49,
            "book_valuer_per_share_4q_avg": 11.52,
            "equity": 451271,
            "current_ratio": 312.1,
            "debt_ratio": 32.13,
            "inventory_turnover_ratio": 2.18,
            "account_receivable_turnover_ratio": 2.2,
            "reinvestment_rate": null,
            "research_to_sale_ratio": null,
            "price_fair": 0,
            "eps_avg_yearly": 0,
            "eps_latest_yearly": 0,
            "eps_growth_yearly": 0
        },
        "20153": {
            "year_quarter": 20153,
            "year": 2015,
            "quarter": 3,
            "eps": null,
            "eps_growth_year": null,
            "eps_4q": null,
            "eps_4q_growth_year": null,
            "roe": null,
            "roe_4q": 4.72,
            "gross_profit": 61572,
            "gross_margin": null,
            "gross_margin_4q_avg": 10.03,
            "net_income": 24354,
            "net_income_4q": null,
            "revenue": 154254,
            "revenue_4q": null,
            "common_shares": 200000,
            "book_valuer_per_share": 24.16,
            "book_valuer_per_share_4q_avg": 17.56,
            "equity": 484459,
            "current_ratio": 393.12,
            "debt_ratio": 26.81,
            "inventory_turnover_ratio": null,
            "account_receivable_turnover_ratio": null,
            "reinvestment_rate": null,
            "research_to_sale_ratio": null,
            "price_fair": 0,
            "eps_avg_yearly": 0,
            "eps_latest_yearly": 0,
            "eps_growth_yearly": 0
        },
        "20154": {
            "year_quarter": 20154,
            "year": 2015,
            "quarter": 4,
            "eps": null,
            "eps_growth_year": null,
            "eps_4q": null,
            "eps_4q_growth_year": null,
            "roe": null,
            "roe_4q": 4.72,
            "gross_profit": 39577,
            "gross_margin": null,
            "gross_margin_4q_avg": 10.03,
            "net_income": 2602,
            "net_income_4q": null,
            "revenue": 129435,
            "revenue_4q": null,
            "common_shares": 200000,
            "book_valuer_per_share": 23.85,
            "book_valuer_per_share_4q_avg": 23.52,
            "equity": 476961,
            "current_ratio": 431.04,
            "debt_ratio": 25.45,
            "inventory_turnover_ratio": null,
            "account_receivable_turnover_ratio": null,
            "reinvestment_rate": null,
            "research_to_sale_ratio": null,
            "price_fair": 0,
            "eps_avg_yearly": 0,
            "eps_latest_yearly": 0,
            "eps_growth_yearly": 0
        },
        "20161": {
            "year_quarter": 20161,
            "year": 2016,
            "quarter": 1,
            "eps": 0.36,
            "eps_growth_year": null,
            "eps_4q": 1.48,
            "eps_4q_growth_year": null,
            "roe": 1.5,
            "roe_4q": 6.22,
            "gross_profit": 40800,
            "gross_margin": 36.11,
            "gross_margin_4q_avg": 19.06,
            "net_income": 7164,
            "net_income_4q": null,
            "revenue": 112998,
            "revenue_4q": null,
            "common_shares": 200000,
            "book_valuer_per_share": 23.95,
            "book_valuer_per_share_4q_avg": 23.61,
            "equity": 479044,
            "current_ratio": 511.72,
            "debt_ratio": 22.64,
            "inventory_turnover_ratio": 1.63,
            "account_receivable_turnover_ratio": 1.02,
            "reinvestment_rate": null,
            "research_to_sale_ratio": 5.24,
            "price_fair": 0,
            "eps_avg_yearly": 0,
            "eps_latest_yearly": 0,
            "eps_growth_yearly": 0
        },
        "20162": {
            "year_quarter": 20162,
            "year": 2016,
            "quarter": 2,
            "eps": 0,
            "eps_growth_year": -100,
            "eps_4q": 0.36,
            "eps_4q_growth_year": null,
            "roe": 0,
            "roe_4q": 1.5,
            "gross_profit": 0,
            "gross_margin": null,
            "gross_margin_4q_avg": 9.03,
            "net_income": 0,
            "net_income_4q": null,
            "revenue": 0,
            "revenue_4q": null,
            "common_shares": 200000,
            "book_valuer_per_share": 22.49,
            "book_valuer_per_share_4q_avg": 23.61,
            "equity": 449844,
            "current_ratio": 340.78,
            "debt_ratio": 31.74,
            "inventory_turnover_ratio": 0,
            "account_receivable_turnover_ratio": 0,
            "reinvestment_rate": null,
            "research_to_sale_ratio": null,
            "price_fair": 0,
            "eps_avg_yearly": 0,
            "eps_latest_yearly": 0,
            "eps_growth_yearly": 0
        },
        "20163": {
            "year_quarter": 20163,
            "year": 2016,
            "quarter": 3,
            "eps": 1.32,
            "eps_growth_year": null,
            "eps_4q": 1.68,
            "eps_4q_growth_year": null,
            "roe": 5.79,
            "roe_4q": 7.29,
            "gross_profit": 79209,
            "gross_margin": 43.1,
            "gross_margin_4q_avg": 19.8,
            "net_income": 26467,
            "net_income_4q": null,
            "revenue": 183793,
            "revenue_4q": null,
            "common_shares": 200000,
            "book_valuer_per_share": 23.22,
            "book_valuer_per_share_4q_avg": 23.38,
            "equity": 464301,
            "current_ratio": 308.78,
            "debt_ratio": 35.03,
            "inventory_turnover_ratio": 2.21,
            "account_receivable_turnover_ratio": 1.27,
            "reinvestment_rate": null,
            "research_to_sale_ratio": 4.05,
            "price_fair": 0,
            "eps_avg_yearly": 0,
            "eps_latest_yearly": 0,
            "eps_growth_yearly": 0
        },
        "20164": {
            "year_quarter": 20164,
            "year": 2016,
            "quarter": 4,
            "eps": 1.38,
            "eps_growth_year": null,
            "eps_4q": 2.91,
            "eps_4q_growth_year": null,
            "roe": 5.92,
            "roe_4q": 13.21,
            "gross_profit": 78113,
            "gross_margin": 43.05,
            "gross_margin_4q_avg": 30.57,
            "net_income": 30427,
            "net_income_4q": null,
            "revenue": 181456,
            "revenue_4q": null,
            "common_shares": 220000,
            "book_valuer_per_share": 25.64,
            "book_valuer_per_share_4q_avg": 23.83,
            "equity": 564178,
            "current_ratio": 440.72,
            "debt_ratio": 27.19,
            "inventory_turnover_ratio": 2.04,
            "account_receivable_turnover_ratio": 1.11,
            "reinvestment_rate": null,
            "research_to_sale_ratio": 3.82,
            "price_fair": 155.56,
            "eps_avg_yearly": 5.52,
            "eps_latest_yearly": 5.52,
            "eps_growth_yearly": 18.18
        },
        "20171": {
            "year_quarter": 20171,
            "year": 2017,
            "quarter": 1,
            "eps": 0.93,
            "eps_growth_year": 158.33,
            "eps_4q": 3.52,
            "eps_4q_growth_year": 138.47,
            "roe": 3.64,
            "roe_4q": 15.350000000000001,
            "gross_profit": 73714,
            "gross_margin": 43.31,
            "gross_margin_4q_avg": 32.37,
            "net_income": 20496,
            "net_income_4q": null,
            "revenue": 170192,
            "revenue_4q": null,
            "common_shares": 220000,
            "book_valuer_per_share": 25.52,
            "book_valuer_per_share_4q_avg": 24.22,
            "equity": 561491,
            "current_ratio": 489.56,
            "debt_ratio": 25.86,
            "inventory_turnover_ratio": 1.66,
            "account_receivable_turnover_ratio": 1.16,
            "reinvestment_rate": null,
            "research_to_sale_ratio": 4.09,
            "price_fair": 13.86,
            "eps_avg_yearly": 4.62,
            "eps_latest_yearly": 3.72,
            "eps_growth_yearly": -56.13
        },
        "20172": {
            "year_quarter": 20172,
            "year": 2017,
            "quarter": 2,
            "eps": 1.32,
            "eps_growth_year": null,
            "eps_4q": 4.84,
            "eps_4q_growth_year": 1250.53,
            "roe": 5.25,
            "roe_4q": 20.6,
            "gross_profit": 84208,
            "gross_margin": 43,
            "gross_margin_4q_avg": 43.12,
            "net_income": 29037,
            "net_income_4q": null,
            "revenue": 195818,
            "revenue_4q": null,
            "common_shares": 220000,
            "book_valuer_per_share": 24.79,
            "book_valuer_per_share_4q_avg": 24.79,
            "equity": 545367,
            "current_ratio": 342.03,
            "debt_ratio": 34.06,
            "inventory_turnover_ratio": 1.81,
            "account_receivable_turnover_ratio": 1.4,
            "reinvestment_rate": null,
            "research_to_sale_ratio": 3.77,
            "price_fair": 137.92,
            "eps_avg_yearly": 4.84,
            "eps_latest_yearly": 5.28,
            "eps_growth_yearly": 18.5
        },
        "20173": {
            "year_quarter": 20173,
            "year": 2017,
            "quarter": 3,
            "eps": 1.51,
            "eps_growth_year": 14.39,
            "eps_4q": 5.14,
            "eps_4q_growth_year": 205.69,
            "roe": 5.86,
            "roe_4q": 20.67,
            "gross_profit": 92086,
            "gross_margin": 41.7,
            "gross_margin_4q_avg": 42.77,
            "net_income": 33126,
            "net_income_4q": null,
            "revenue": 220811,
            "revenue_4q": null,
            "common_shares": 220000,
            "book_valuer_per_share": 26.59,
            "book_valuer_per_share_4q_avg": 25.64,
            "equity": 584980,
            "current_ratio": 448.17,
            "debt_ratio": 28.68,
            "inventory_turnover_ratio": 2.42,
            "account_receivable_turnover_ratio": 1.35,
            "reinvestment_rate": null,
            "research_to_sale_ratio": 3.6,
            "price_fair": 179.9,
            "eps_avg_yearly": 5.14,
            "eps_latest_yearly": 6.04,
            "eps_growth_yearly": 28.27
        },
        "20174": {
            "year_quarter": 20174,
            "year": 2017,
            "quarter": 4,
            "eps": 0.98,
            "eps_growth_year": -28.84,
            "eps_4q": 4.74,
            "eps_4q_growth_year": 62.84,
            "roe": 3.64,
            "roe_4q": 18.39,
            "gross_profit": 82426,
            "gross_margin": 39.15,
            "gross_margin_4q_avg": 41.79,
            "net_income": 21653,
            "net_income_4q": null,
            "revenue": 210554,
            "revenue_4q": null,
            "common_shares": 220000,
            "book_valuer_per_share": 27.48,
            "book_valuer_per_share_4q_avg": 26.1,
            "equity": 604524,
            "current_ratio": 418.47,
            "debt_ratio": 30.47,
            "inventory_turnover_ratio": 2.56,
            "account_receivable_turnover_ratio": 1.13,
            "reinvestment_rate": null,
            "research_to_sale_ratio": 4.22,
            "price_fair": 14.69,
            "eps_avg_yearly": 4.9,
            "eps_latest_yearly": 3.92,
            "eps_growth_yearly": -5.47
        },
        "20181": {
            "year_quarter": 20181,
            "year": 2018,
            "quarter": 1,
            "eps": 0.88,
            "eps_growth_year": -5.38,
            "eps_4q": 4.69,
            "eps_4q_growth_year": 33.2,
            "roe": 3.12,
            "roe_4q": 17.87,
            "gross_profit": 77365,
            "gross_margin": 36.3,
            "gross_margin_4q_avg": 40.04,
            "net_income": 19271,
            "net_income_4q": null,
            "revenue": 213100,
            "revenue_4q": null,
            "common_shares": 220000,
            "book_valuer_per_share": 28.76,
            "book_valuer_per_share_4q_avg": 26.91,
            "equity": 632795,
            "current_ratio": 460.98,
            "debt_ratio": 29.02,
            "inventory_turnover_ratio": 2.86,
            "account_receivable_turnover_ratio": 1.14,
            "reinvestment_rate": null,
            "research_to_sale_ratio": 3.92,
            "price_fair": 14,
            "eps_avg_yearly": 4.67,
            "eps_latest_yearly": 3.52,
            "eps_growth_yearly": -11.36
        },
        "20182": {
            "year_quarter": 20182,
            "year": 2018,
            "quarter": 2,
            "eps": 1.6,
            "eps_growth_year": 21.21,
            "eps_4q": 4.13,
            "eps_4q_growth_year": -14.53,
            "roe": 5.51,
            "roe_4q": 18.13,
            "gross_profit": 90997,
            "gross_margin": 38.57,
            "gross_margin_4q_avg": 38.93,
            "net_income": 35110,
            "net_income_4q": null,
            "revenue": 235911,
            "revenue_4q": null,
            "common_shares": 220000,
            "book_valuer_per_share": 29.13,
            "book_valuer_per_share_4q_avg": 27.99,
            "equity": 640914,
            "current_ratio": 384.03,
            "debt_ratio": 33.73,
            "inventory_turnover_ratio": 3.33,
            "account_receivable_turnover_ratio": 1.25,
            "reinvestment_rate": null,
            "research_to_sale_ratio": 3.98,
            "price_fair": 172,
            "eps_avg_yearly": 4.91,
            "eps_latest_yearly": 6.4,
            "eps_growth_yearly": 37.02
        },
        "20183": {
            "year_quarter": 20183,
            "year": 2018,
            "quarter": 3,
            "eps": 1.1,
            "eps_growth_year": -27.15,
            "eps_4q": 3.98,
            "eps_4q_growth_year": -22.61,
            "roe": 4.5,
            "roe_4q": 16.77,
            "gross_profit": 82227,
            "gross_margin": 38.66,
            "gross_margin_4q_avg": 38.17,
            "net_income": 28993,
            "net_income_4q": null,
            "revenue": 212709,
            "revenue_4q": null,
            "common_shares": 264000,
            "book_valuer_per_share": 24.54,
            "book_valuer_per_share_4q_avg": 27.48,
            "equity": 647912,
            "current_ratio": 450.45,
            "debt_ratio": 31.49,
            "inventory_turnover_ratio": 3,
            "account_receivable_turnover_ratio": 1.07,
            "reinvestment_rate": null,
            "research_to_sale_ratio": 4.1,
            "price_fair": 129.81,
            "eps_avg_yearly": 4.85,
            "eps_latest_yearly": 4.4,
            "eps_growth_yearly": 16.77
        },
        "20184": {
            "year_quarter": 20184,
            "year": 2018,
            "quarter": 4,
            "eps": 0.61,
            "eps_growth_year": -38.4,
            "eps_4q": 3.76,
            "eps_4q_growth_year": -20.61,
            "roe": 2.43,
            "roe_4q": 15.559999999999999,
            "gross_profit": 66184,
            "gross_margin": 38.86,
            "gross_margin_4q_avg": 38.1,
            "net_income": 16005,
            "net_income_4q": null,
            "revenue": 170298,
            "revenue_4q": null,
            "common_shares": 264000,
            "book_valuer_per_share": 25.32,
            "book_valuer_per_share_4q_avg": 26.94,
            "equity": 668479,
            "current_ratio": 520.75,
            "debt_ratio": 29.47,
            "inventory_turnover_ratio": 2.53,
            "account_receivable_turnover_ratio": 0.91,
            "reinvestment_rate": 5.92,
            "research_to_sale_ratio": 5.4,
            "price_fair": 13.75,
            "eps_avg_yearly": 4.58,
            "eps_latest_yearly": 2.44,
            "eps_growth_yearly": -4.9
        },
        "20191": {
            "year_quarter": 20191,
            "year": 2019,
            "quarter": 1,
            "eps": 0.42,
            "eps_growth_year": -52.27,
            "eps_4q": 3.46,
            "eps_4q_growth_year": -26.18,
            "roe": 1.64,
            "roe_4q": 14.08,
            "gross_profit": 53243,
            "gross_margin": 35.24,
            "gross_margin_4q_avg": 37.83,
            "net_income": 11213,
            "net_income_4q": null,
            "revenue": 151081,
            "revenue_4q": null,
            "common_shares": 264000,
            "book_valuer_per_share": 26.34,
            "book_valuer_per_share_4q_avg": 26.33,
            "equity": 695406,
            "current_ratio": 614.44,
            "debt_ratio": 27.6,
            "inventory_turnover_ratio": 2.59,
            "account_receivable_turnover_ratio": 0.94,
            "reinvestment_rate": -3.9,
            "research_to_sale_ratio": 5.63,
            "price_fair": 12.88,
            "eps_avg_yearly": 4.29,
            "eps_latest_yearly": 1.68,
            "eps_growth_yearly": -16.86
        },
        "20192": {
            "year_quarter": 20192,
            "year": 2019,
            "quarter": 2,
            "eps": 0.7,
            "eps_growth_year": -56.25,
            "eps_4q": 2.83,
            "eps_4q_growth_year": -31.53,
            "roe": 2.78,
            "roe_4q": 11.35,
            "gross_profit": 56714,
            "gross_margin": 35.96,
            "gross_margin_4q_avg": 37.18,
            "net_income": 18529,
            "net_income_4q": null,
            "revenue": 157713,
            "revenue_4q": null,
            "common_shares": 264000,
            "book_valuer_per_share": 24.22,
            "book_valuer_per_share_4q_avg": 25.11,
            "equity": 639525,
            "current_ratio": 422.57,
            "debt_ratio": 34.27,
            "inventory_turnover_ratio": 2.9,
            "account_receivable_turnover_ratio": 1.08,
            "reinvestment_rate": -8.48,
            "research_to_sale_ratio": 5.62,
            "price_fair": 78.6,
            "eps_avg_yearly": 4.16,
            "eps_latest_yearly": 2.8,
            "eps_growth_yearly": 8.91
        },
        "20193": {
            "year_quarter": 20193,
            "year": 2019,
            "quarter": 3,
            "eps": 0.91,
            "eps_growth_year": -17.27,
            "eps_4q": 2.64,
            "eps_4q_growth_year": -33.55,
            "roe": 3.76,
            "roe_4q": 10.61,
            "gross_profit": 67063,
            "gross_margin": 38.44,
            "gross_margin_4q_avg": 37.13,
            "net_income": 24042,
            "net_income_4q": null,
            "revenue": 174444,
            "revenue_4q": null,
            "common_shares": 264000,
            "book_valuer_per_share": 24.25,
            "book_valuer_per_share_4q_avg": 25.03,
            "equity": 640293,
            "current_ratio": 394.62,
            "debt_ratio": 34.87,
            "inventory_turnover_ratio": 3.36,
            "account_receivable_turnover_ratio": 1.09,
            "reinvestment_rate": -3.34,
            "research_to_sale_ratio": 4.93,
            "price_fair": 115.87,
            "eps_avg_yearly": 4.11,
            "eps_latest_yearly": 3.64,
            "eps_growth_yearly": 18.17
        },
        "20194": {
            "year_quarter": 20194,
            "year": 2019,
            "quarter": 4,
            "eps": 0.17,
            "eps_growth_year": -71.43,
            "eps_4q": 2.21,
            "eps_4q_growth_year": -41.28,
            "roe": 0.71,
            "roe_4q": 8.89,
            "gross_profit": 43224,
            "gross_margin": 34.27,
            "gross_margin_4q_avg": 35.98,
            "net_income": 4572,
            "net_income_4q": null,
            "revenue": 126110,
            "revenue_4q": null,
            "common_shares": 264000,
            "book_valuer_per_share": 24.24,
            "book_valuer_per_share_4q_avg": 24.76,
            "equity": 639964,
            "current_ratio": 432.87,
            "debt_ratio": 33,
            "inventory_turnover_ratio": 2.5,
            "account_receivable_turnover_ratio": 0.89,
            "reinvestment_rate": -8.96,
            "research_to_sale_ratio": 6.04,
            "price_fair": 11.55,
            "eps_avg_yearly": 3.85,
            "eps_latest_yearly": 0.68,
            "eps_growth_yearly": -8.25
        },
        "20201": {
            "year_quarter": 20201,
            "year": 2020,
            "quarter": 1,
            "eps": 0.45,
            "eps_growth_year": 7.14,
            "eps_4q": 2.24,
            "eps_4q_growth_year": -35.23,
            "roe": 1.87,
            "roe_4q": 9.12,
            "gross_profit": 41843,
            "gross_margin": 33.28,
            "gross_margin_4q_avg": 35.49,
            "net_income": 12009,
            "net_income_4q": null,
            "revenue": 125736,
            "revenue_4q": null,
            "common_shares": 264000,
            "book_valuer_per_share": 24.41,
            "book_valuer_per_share_4q_avg": 24.28,
            "equity": 644335,
            "current_ratio": 460.61,
            "debt_ratio": 31.99,
            "inventory_turnover_ratio": 2.75,
            "account_receivable_turnover_ratio": 1.08,
            "reinvestment_rate": -8.69,
            "research_to_sale_ratio": 5.27,
            "price_fair": 129.6,
            "eps_avg_yearly": 3.7,
            "eps_latest_yearly": 1.8,
            "eps_growth_yearly": 39.4
        },
        "20202": {
            "year_quarter": 20202,
            "year": 2020,
            "quarter": 2,
            "eps": 0.55,
            "eps_growth_year": -21.43,
            "eps_4q": 2.09,
            "eps_4q_growth_year": -26.17,
            "roe": 2.35,
            "roe_4q": 8.690000000000001,
            "gross_profit": 51222,
            "gross_margin": 33.85,
            "gross_margin_4q_avg": 34.96,
            "net_income": 14556,
            "net_income_4q": null,
            "revenue": 151317,
            "revenue_4q": null,
            "common_shares": 264000,
            "book_valuer_per_share": 22.57,
            "book_valuer_per_share_4q_avg": 23.87,
            "equity": 595958,
            "current_ratio": 351.48,
            "debt_ratio": 38.16,
            "inventory_turnover_ratio": 4.29,
            "account_receivable_turnover_ratio": 1.27,
            "reinvestment_rate": -8.34,
            "research_to_sale_ratio": 4.97,
            "price_fair": 126.09,
            "eps_avg_yearly": 3.6,
            "eps_latest_yearly": 2.2,
            "eps_growth_yearly": 42.7
        },
        "20203": {
            "year_quarter": 20203,
            "year": 2020,
            "quarter": 3,
            "eps": 0.72,
            "eps_growth_year": -20.88,
            "eps_4q": 1.9,
            "eps_4q_growth_year": -28.22,
            "roe": 3.1,
            "roe_4q": 8.030000000000001,
            "gross_profit": 55611,
            "gross_margin": 34.63,
            "gross_margin_4q_avg": 34.01,
            "net_income": 18958,
            "net_income_4q": null,
            "revenue": 160569,
            "revenue_4q": null,
            "common_shares": 264000,
            "book_valuer_per_share": 23.74,
            "book_valuer_per_share_4q_avg": 23.74,
            "equity": 626790,
            "current_ratio": 396.21,
            "debt_ratio": 35.27,
            "inventory_turnover_ratio": 3.59,
            "account_receivable_turnover_ratio": 1.15,
            "reinvestment_rate": -7.63,
            "research_to_sale_ratio": 4.86,
            "price_fair": 124.51,
            "eps_avg_yearly": 3.56,
            "eps_latest_yearly": 2.88,
            "eps_growth_yearly": 47.76
        },
        "20204": {
            "year_quarter": 20204,
            "year": 2020,
            "quarter": 4,
            "eps": 0.44,
            "eps_growth_year": 152.76,
            "eps_4q": 2.16,
            "eps_4q_growth_year": -2.19,
            "roe": 1.81,
            "roe_4q": 9.129999999999999,
            "gross_profit": 47306,
            "gross_margin": 30.48,
            "gross_margin_4q_avg": 33.06,
            "net_income": 11556,
            "net_income_4q": null,
            "revenue": 155219,
            "revenue_4q": null,
            "common_shares": 264000,
            "book_valuer_per_share": 24.74,
            "book_valuer_per_share_4q_avg": 23.87,
            "equity": 653165,
            "current_ratio": 384.77,
            "debt_ratio": 35.37,
            "inventory_turnover_ratio": 2.69,
            "account_receivable_turnover_ratio": 1.04,
            "reinvestment_rate": -5.1,
            "research_to_sale_ratio": 4.88,
            "price_fair": 116.29,
            "eps_avg_yearly": 3.32,
            "eps_latest_yearly": 1.76,
            "eps_growth_yearly": 36.9
        },
        "20211": {
            "year_quarter": 20211,
            "year": 2021,
            "quarter": 1,
            "eps": 0.36,
            "eps_growth_year": -20,
            "eps_4q": 2.07,
            "eps_4q_growth_year": -7.72,
            "roe": 1.45,
            "roe_4q": 8.709999999999999,
            "gross_profit": 41309,
            "gross_margin": 28.9,
            "gross_margin_4q_avg": 31.97,
            "net_income": 9517,
            "net_income_4q": null,
            "revenue": 142943,
            "revenue_4q": null,
            "common_shares": 264000,
            "book_valuer_per_share": 24.96,
            "book_valuer_per_share_4q_avg": 24,
            "equity": 658981,
            "current_ratio": 515.2,
            "debt_ratio": 30.16,
            "inventory_turnover_ratio": 2.33,
            "account_receivable_turnover_ratio": 0.97,
            "reinvestment_rate": -2.96,
            "research_to_sale_ratio": 5.5,
            "price_fair": 111.3,
            "eps_avg_yearly": 3.18,
            "eps_latest_yearly": 1.44,
            "eps_growth_yearly": 40.5
        },
        "20212": {
            "year_quarter": 20212,
            "year": 2021,
            "quarter": 2,
            "eps": 0.54,
            "eps_growth_year": -1.82,
            "eps_4q": 2.06,
            "eps_4q_growth_year": -1.5,
            "roe": 2.25,
            "roe_4q": 8.61,
            "gross_profit": 49554,
            "gross_margin": 28.97,
            "gross_margin_4q_avg": 30.75,
            "net_income": 14321,
            "net_income_4q": null,
            "revenue": 171066,
            "revenue_4q": null,
            "common_shares": 264000,
            "book_valuer_per_share": 23.32,
            "book_valuer_per_share_4q_avg": 24.19,
            "equity": 615638,
            "current_ratio": 340.86,
            "debt_ratio": 37.3,
            "inventory_turnover_ratio": 2.47,
            "account_receivable_turnover_ratio": 1.08,
            "reinvestment_rate": -1.82,
            "research_to_sale_ratio": 4.86,
            "price_fair": 104.48,
            "eps_avg_yearly": 2.99,
            "eps_latest_yearly": 2.16,
            "eps_growth_yearly": 42.52
        },
        "20213": {
            "year_quarter": 20213,
            "year": 2021,
            "quarter": 3,
            "eps": 0.84,
            "eps_growth_year": 16.67,
            "eps_4q": 2.18,
            "eps_4q_growth_year": 14.95,
            "roe": 3.55,
            "roe_4q": 9.06,
            "gross_profit": 60102,
            "gross_margin": 30.05,
            "gross_margin_4q_avg": 29.6,
            "net_income": 22190,
            "net_income_4q": null,
            "revenue": 200023,
            "revenue_4q": null,
            "common_shares": 264000,
            "book_valuer_per_share": 24.05,
            "book_valuer_per_share_4q_avg": 24.27,
            "equity": 634842,
            "current_ratio": 372.76,
            "debt_ratio": 35.42,
            "inventory_turnover_ratio": 2.78,
            "account_receivable_turnover_ratio": 1.11,
            "reinvestment_rate": -0.56,
            "research_to_sale_ratio": 4.02,
            "price_fair": 98.61,
            "eps_avg_yearly": 2.82,
            "eps_latest_yearly": 3.36,
            "eps_growth_yearly": 52.81
        },
        "20214": {
            "year_quarter": 20214,
            "year": 2021,
            "quarter": 4,
            "eps": 0.74,
            "eps_growth_year": 68.08,
            "eps_4q": 2.48,
            "eps_4q_growth_year": 14.67,
            "roe": 2.99,
            "roe_4q": 10.239999999999998,
            "gross_profit": 62256,
            "gross_margin": 31.46,
            "gross_margin_4q_avg": 29.85,
            "net_income": 19423,
            "net_income_4q": null,
            "revenue": 197880,
            "revenue_4q": null,
            "common_shares": 264000,
            "book_valuer_per_share": 25.1,
            "book_valuer_per_share_4q_avg": 24.36,
            "equity": 662671,
            "current_ratio": 349.71,
            "debt_ratio": 36.29,
            "inventory_turnover_ratio": 2.69,
            "account_receivable_turnover_ratio": 0.98,
            "reinvestment_rate": 4.02,
            "research_to_sale_ratio": 4.12,
            "price_fair": 96.51,
            "eps_avg_yearly": 2.76,
            "eps_latest_yearly": 2.96,
            "eps_growth_yearly": 58.61
        },
        "20221": {
            "year_quarter": 20221,
            "year": 2022,
            "quarter": 1,
            "eps": 0.49,
            "eps_growth_year": 36.11,
            "eps_4q": 2.61,
            "eps_4q_growth_year": 26.11,
            "roe": 1.89,
            "roe_4q": 10.68,
            "gross_profit": 48542,
            "gross_margin": 29.82,
            "gross_margin_4q_avg": 30.08,
            "net_income": 12903,
            "net_income_4q": null,
            "revenue": 162786,
            "revenue_4q": null,
            "common_shares": 264000,
            "book_valuer_per_share": 26.61,
            "book_valuer_per_share_4q_avg": 24.77,
            "equity": 702539,
            "current_ratio": 380.5,
            "debt_ratio": 34.31,
            "inventory_turnover_ratio": 1.86,
            "account_receivable_turnover_ratio": 0.85,
            "reinvestment_rate": 5.48,
            "research_to_sale_ratio": 5.42,
            "price_fair": 93.1,
            "eps_avg_yearly": 2.66,
            "eps_latest_yearly": 1.96,
            "eps_growth_yearly": 52.71
        },
        "20222": {
            "year_quarter": 20222,
            "year": 2022,
            "quarter": 2,
            "eps": 1.05,
            "eps_growth_year": 94.44,
            "eps_4q": 3.12,
            "eps_4q_growth_year": 51.34,
            "roe": 4.05,
            "roe_4q": 12.48,
            "gross_profit": 58171,
            "gross_margin": 30.43,
            "gross_margin_4q_avg": 30.44,
            "net_income": 27743,
            "net_income_4q": null,
            "revenue": 191180,
            "revenue_4q": null,
            "common_shares": 264000,
            "book_valuer_per_share": 25.23,
            "book_valuer_per_share_4q_avg": 25.25,
            "equity": 665956,
            "current_ratio": 320.01,
            "debt_ratio": 38.86,
            "inventory_turnover_ratio": 2.1,
            "account_receivable_turnover_ratio": 0.96,
            "reinvestment_rate": 5.93,
            "research_to_sale_ratio": 5.02,
            "price_fair": 88.29,
            "eps_avg_yearly": 2.52,
            "eps_latest_yearly": 4.2,
            "eps_growth_yearly": 60.83
        },
        "20223": {
            "year_quarter": 20223,
            "year": 2022,
            "quarter": 3,
            "eps": 0.76,
            "eps_growth_year": -9.52,
            "eps_4q": 3.03,
            "eps_4q_growth_year": 39.13,
            "roe": 2.96,
            "roe_4q": 11.89,
            "gross_profit": 54856,
            "gross_margin": 29.23,
            "gross_margin_4q_avg": 30.24,
            "net_income": 20048,
            "net_income_4q": null,
            "revenue": 187696,
            "revenue_4q": null,
            "common_shares": 264000,
            "book_valuer_per_share": 26.12,
            "book_valuer_per_share_4q_avg": 25.77,
            "equity": 689650,
            "current_ratio": 435.36,
            "debt_ratio": 30.86,
            "inventory_turnover_ratio": 2.08,
            "account_receivable_turnover_ratio": 0.89,
            "reinvestment_rate": 6.16,
            "research_to_sale_ratio": 5.21,
            "price_fair": 85.31,
            "eps_avg_yearly": 2.44,
            "eps_latest_yearly": 3.04,
            "eps_growth_yearly": 61.74
        },
        "20224": {
            "year_quarter": 20224,
            "year": 2022,
            "quarter": 4,
            "eps": 0.53,
            "eps_growth_year": -28.49,
            "eps_4q": 2.83,
            "eps_4q_growth_year": 13.95,
            "roe": 2.01,
            "roe_4q": 10.91,
            "gross_profit": 57164,
            "gross_margin": 32.6,
            "gross_margin_4q_avg": 30.52,
            "net_income": 13890,
            "net_income_4q": null,
            "revenue": 175366,
            "revenue_4q": null,
            "common_shares": 264000,
            "book_valuer_per_share": 26.29,
            "book_valuer_per_share_4q_avg": 26.06,
            "equity": 694144,
            "current_ratio": 425.37,
            "debt_ratio": 31.57,
            "inventory_turnover_ratio": 1.76,
            "account_receivable_turnover_ratio": 0.88,
            "reinvestment_rate": 7.28,
            "research_to_sale_ratio": 5.74,
            "price_fair": 84.61,
            "eps_avg_yearly": 2.42,
            "eps_latest_yearly": 2.12,
            "eps_growth_yearly": 65.31
        },
        "20231": {
            "year_quarter": 20231,
            "year": 2023,
            "quarter": 1,
            "eps": 0.4,
            "eps_growth_year": -18.37,
            "eps_4q": 2.73,
            "eps_4q_growth_year": 4.82,
            "roe": 1.49,
            "roe_4q": 10.51,
            "gross_profit": 46728,
            "gross_margin": 29.95,
            "gross_margin_4q_avg": 30.55,
            "net_income": 10476,
            "net_income_4q": null,
            "revenue": 156027,
            "revenue_4q": null,
            "common_shares": 264000,
            "book_valuer_per_share": 26.83,
            "book_valuer_per_share_4q_avg": 26.12,
            "equity": 708244,
            "current_ratio": 504.43,
            "debt_ratio": 28.97,
            "inventory_turnover_ratio": 1.83,
            "account_receivable_turnover_ratio": 0.82,
            "reinvestment_rate": 20.13,
            "research_to_sale_ratio": 5.53,
            "price_fair": 84.44,
            "eps_avg_yearly": 2.41,
            "eps_latest_yearly": 1.6,
            "eps_growth_yearly": 66.96
        },
        "20232": {
            "year_quarter": 20232,
            "year": 2023,
            "quarter": 2,
            "eps": 0.72,
            "eps_growth_year": -31.43,
            "eps_4q": 2.41,
            "eps_4q_growth_year": -22.76,
            "roe": 2.83,
            "roe_4q": 9.29,
            "gross_profit": 51308,
            "gross_margin": 31.49,
            "gross_margin_4q_avg": 30.82,
            "net_income": 19120,
            "net_income_4q": null,
            "revenue": 162953,
            "revenue_4q": null,
            "common_shares": 264000,
            "book_valuer_per_share": 24.33,
            "book_valuer_per_share_4q_avg": 25.89,
            "equity": 642205,
            "current_ratio": 376.8,
            "debt_ratio": 35.02,
            "inventory_turnover_ratio": 2.05,
            "account_receivable_turnover_ratio": 0.92,
            "reinvestment_rate": 17.6,
            "research_to_sale_ratio": 5.62,
            "price_fair": 84.61,
            "eps_avg_yearly": 2.42,
            "eps_latest_yearly": 2.88,
            "eps_growth_yearly": 70.3
        },
        "20233": {
            "year_quarter": 20233,
            "year": 2023,
            "quarter": 3,
            "eps": 0.62,
            "eps_growth_year": -18.42,
            "eps_4q": 2.27,
            "eps_4q_growth_year": -25.23,
            "roe": 2.48,
            "roe_4q": 8.81,
            "gross_profit": 49197,
            "gross_margin": 34.18,
            "gross_margin_4q_avg": 32.06,
            "net_income": 16418,
            "net_income_4q": null,
            "revenue": 143937,
            "revenue_4q": null,
            "common_shares": 264000,
            "book_valuer_per_share": 25.77,
            "book_valuer_per_share_4q_avg": 25.81,
            "equity": 680210,
            "current_ratio": 476.77,
            "debt_ratio": 30.48,
            "inventory_turnover_ratio": 1.5,
            "account_receivable_turnover_ratio": 0.8,
            "reinvestment_rate": 18.85,
            "research_to_sale_ratio": 6.02,
            "price_fair": 82.08,
            "eps_avg_yearly": 2.35,
            "eps_latest_yearly": 2.48,
            "eps_growth_yearly": 59.33
        }
    },
    "months": {
        "2015-09": {
            "month": "2015-09",
            "price": "37.93",
            "revenue": 50732
        },
        "2015-10": {
            "month": "2015-10",
            "price": "38.36",
            "revenue": 47504
        },
        "2015-11": {
            "month": "2015-11",
            "price": "39.18",
            "revenue": 44938
        },
        "2015-12": {
            "month": "2015-12",
            "price": "43.86",
            "revenue": 31973
        },
        "2016-01": {
            "month": "2016-01",
            "price": "43.26",
            "revenue": 39260
        },
        "2016-02": {
            "month": "2016-02",
            "price": "40.85",
            "revenue": 36888
        },
        "2016-03": {
            "month": "2016-03",
            "price": "41.38",
            "revenue": 39265
        },
        "2016-04": {
            "month": "2016-04",
            "price": "40.62",
            "revenue": 49474
        },
        "2016-05": {
            "month": "2016-05",
            "price": "39.11",
            "revenue": 57349
        },
        "2016-06": {
            "month": "2016-06",
            "price": "38.96",
            "revenue": 52444
        },
        "2016-07": {
            "month": "2016-07",
            "price": "40.63",
            "revenue": 55736
        },
        "2016-08": {
            "month": "2016-08",
            "price": "40.95",
            "revenue": 61740
        },
        "2016-09": {
            "month": "2016-09",
            "price": "46.25",
            "revenue": 67020
        },
        "2016-10": {
            "month": "2016-10",
            "price": "54.08",
            "revenue": 61118
        },
        "2016-11": {
            "month": "2016-11",
            "price": "52.43",
            "revenue": 60095
        },
        "2016-12": {
            "month": "2016-12",
            "price": "54.83",
            "revenue": 60244
        },
        "2017-01": {
            "month": "2017-01",
            "price": "48.67",
            "revenue": 56993
        },
        "2017-02": {
            "month": "2017-02",
            "price": "56.02",
            "revenue": 52798
        },
        "2017-03": {
            "month": "2017-03",
            "price": "61.23",
            "revenue": 60401
        },
        "2017-04": {
            "month": "2017-04",
            "price": "71.51",
            "revenue": 61453
        },
        "2017-05": {
            "month": "2017-05",
            "price": "71.62",
            "revenue": 66310
        },
        "2017-06": {
            "month": "2017-06",
            "price": "68.73",
            "revenue": 68056
        },
        "2017-07": {
            "month": "2017-07",
            "price": "69.43",
            "revenue": 70855
        },
        "2017-08": {
            "month": "2017-08",
            "price": "71.27",
            "revenue": 73309
        },
        "2017-09": {
            "month": "2017-09",
            "price": "72.07",
            "revenue": 76647
        },
        "2017-10": {
            "month": "2017-10",
            "price": "74.32",
            "revenue": 70587
        },
        "2017-11": {
            "month": "2017-11",
            "price": "71.66",
            "revenue": 73526
        },
        "2017-12": {
            "month": "2017-12",
            "price": "69.28",
            "revenue": 66441
        },
        "2018-01": {
            "month": "2018-01",
            "price": "69.00",
            "revenue": 74065
        },
        "2018-02": {
            "month": "2018-02",
            "price": "66.92",
            "revenue": 60300
        },
        "2018-03": {
            "month": "2018-03",
            "price": "68.64",
            "revenue": 78735
        },
        "2018-04": {
            "month": "2018-04",
            "price": "70.73",
            "revenue": 80602
        },
        "2018-05": {
            "month": "2018-05",
            "price": "69.46",
            "revenue": 79510
        },
        "2018-06": {
            "month": "2018-06",
            "price": "68.94",
            "revenue": 75799
        },
        "2018-07": {
            "month": "2018-07",
            "price": "67.88",
            "revenue": 70346
        },
        "2018-08": {
            "month": "2018-08",
            "price": "59.73",
            "revenue": 78316
        },
        "2018-09": {
            "month": "2018-09",
            "price": "55.02",
            "revenue": 64047
        },
        "2018-10": {
            "month": "2018-10",
            "price": "51.83",
            "revenue": 54447
        },
        "2018-11": {
            "month": "2018-11",
            "price": "51.18",
            "revenue": 61770
        },
        "2018-12": {
            "month": "2018-12",
            "price": "51.49",
            "revenue": 54082
        },
        "2019-01": {
            "month": "2019-01",
            "price": "52.54",
            "revenue": 60521
        },
        "2019-02": {
            "month": "2019-02",
            "price": "54.17",
            "revenue": 38252
        },
        "2019-03": {
            "month": "2019-03",
            "price": "53.54",
            "revenue": 52308
        },
        "2019-04": {
            "month": "2019-04",
            "price": "49.37",
            "revenue": 54117
        },
        "2019-05": {
            "month": "2019-05",
            "price": "44.51",
            "revenue": 50328
        },
        "2019-06": {
            "month": "2019-06",
            "price": "43.46",
            "revenue": 53268
        },
        "2019-07": {
            "month": "2019-07",
            "price": "44.56",
            "revenue": 59429
        },
        "2019-08": {
            "month": "2019-08",
            "price": "44.12",
            "revenue": 58099
        },
        "2019-09": {
            "month": "2019-09",
            "price": "41.79",
            "revenue": 56916
        },
        "2019-10": {
            "month": "2019-10",
            "price": "40.15",
            "revenue": 40755
        },
        "2019-11": {
            "month": "2019-11",
            "price": "39.29",
            "revenue": 48902
        },
        "2019-12": {
            "month": "2019-12",
            "price": "38.87",
            "revenue": 36453
        },
        "2020-01": {
            "month": "2020-01",
            "price": "40.05",
            "revenue": 43781
        },
        "2020-02": {
            "month": "2020-02",
            "price": "35.72",
            "revenue": 30961
        },
        "2020-03": {
            "month": "2020-03",
            "price": "30.80",
            "revenue": 50994
        },
        "2020-04": {
            "month": "2020-04",
            "price": "32.88",
            "revenue": 47328
        },
        "2020-05": {
            "month": "2020-05",
            "price": "35.09",
            "revenue": 51249
        },
        "2020-06": {
            "month": "2020-06",
            "price": "35.84",
            "revenue": 53469
        },
        "2020-07": {
            "month": "2020-07",
            "price": "39.63",
            "revenue": 43166
        },
        "2020-08": {
            "month": "2020-08",
            "price": "38.25",
            "revenue": 52649
        },
        "2020-09": {
            "month": "2020-09",
            "price": "36.82",
            "revenue": 64025
        },
        "2020-10": {
            "month": "2020-10",
            "price": "43.92",
            "revenue": 58783
        },
        "2020-11": {
            "month": "2020-11",
            "price": "45.23",
            "revenue": 45166
        },
        "2020-12": {
            "month": "2020-12",
            "price": "39.74",
            "revenue": 51269
        },
        "2021-01": {
            "month": "2021-01",
            "price": "38.90",
            "revenue": 52612
        },
        "2021-02": {
            "month": "2021-02",
            "price": "38.72",
            "revenue": 37492
        },
        "2021-03": {
            "month": "2021-03",
            "price": "39.31",
            "revenue": 52839
        },
        "2021-04": {
            "month": "2021-04",
            "price": "40.17",
            "revenue": 56171
        },
        "2021-05": {
            "month": "2021-05",
            "price": "39.03",
            "revenue": 55279
        },
        "2021-06": {
            "month": "2021-06",
            "price": "39.47",
            "revenue": 59616
        },
        "2021-07": {
            "month": "2021-07",
            "price": "40.08",
            "revenue": 65934
        },
        "2021-08": {
            "month": "2021-08",
            "price": "39.43",
            "revenue": 63287
        },
        "2021-09": {
            "month": "2021-09",
            "price": "38.74",
            "revenue": 70802
        },
        "2021-10": {
            "month": "2021-10",
            "price": "38.58",
            "revenue": 55185
        },
        "2021-11": {
            "month": "2021-11",
            "price": "38.49",
            "revenue": 67114
        },
        "2021-12": {
            "month": "2021-12",
            "price": "38.60",
            "revenue": 75582
        },
        "2022-01": {
            "month": "2022-01",
            "price": "38.76",
            "revenue": 54899
        },
        "2022-02": {
            "month": "2022-02",
            "price": "38.61",
            "revenue": 43021
        },
        "2022-03": {
            "month": "2022-03",
            "price": "38.24",
            "revenue": 64866
        },
        "2022-04": {
            "month": "2022-04",
            "price": "37.91",
            "revenue": 63487
        },
        "2022-05": {
            "month": "2022-05",
            "price": "37.54",
            "revenue": 64307
        },
        "2022-06": {
            "month": "2022-06",
            "price": "37.89",
            "revenue": 63386
        },
        "2022-07": {
            "month": "2022-07",
            "price": "37.79",
            "revenue": 62746
        },
        "2022-08": {
            "month": "2022-08",
            "price": "38.49",
            "revenue": 63786
        },
        "2022-09": {
            "month": "2022-09",
            "price": "39.77",
            "revenue": 61164
        },
        "2022-10": {
            "month": "2022-10",
            "price": "38.31",
            "revenue": 55537
        },
        "2022-11": {
            "month": "2022-11",
            "price": "37.84",
            "revenue": 61215
        },
        "2022-12": {
            "month": "2022-12",
            "price": "38.06",
            "revenue": 58614
        },
        "2023-01": {
            "month": "2023-01",
            "price": "37.87",
            "revenue": 51333
        },
        "2023-02": {
            "month": "2023-02",
            "price": "38.14",
            "revenue": 53278
        },
        "2023-03": {
            "month": "2023-03",
            "price": "39.27",
            "revenue": 51416
        },
        "2023-04": {
            "month": "2023-04",
            "price": "39.83",
            "revenue": 51575
        },
        "2023-05": {
            "month": "2023-05",
            "price": "39.72",
            "revenue": 54768
        },
        "2023-06": {
            "month": "2023-06",
            "price": "40.05",
            "revenue": 56611
        },
        "2023-07": {
            "month": "2023-07",
            "price": "39.84",
            "revenue": 50044
        },
        "2023-08": {
            "month": "2023-08",
            "price": "38.31",
            "revenue": 50807
        },
        "2023-09": {
            "month": "2023-09",
            "price": "37.89",
            "revenue": 43086
        },
        "2023-10": {
            "month": "2023-10",
            "price": "37.47",
            "revenue": 64107
        },
        "2023-11": {
            "month": "2023-11",
            "price": "38.40",
            "revenue": 49116
        },
        "2023-12": {
            "month": "2023-12",
            "price": "40.21",
            "revenue": 59082
        }
    }
}
