{
    "summary": {
        "stock_name": "光燿科",
        "stock_id": "3428",
        "category": "光電",
        "main_business": "光學鏡頭組及光通訊產品",
        "website_url": "",
        "ceo": "吳俊彥",
        "pe_ratio": 20,
        "report_year_from": 2004,
        "report_year_to": 2018,
        "age": 19,
        "eps_negative_percentage": 0,
        "eps_growth_avg": {
            "last_all": 0.4,
            "last_2y": -35.65,
            "last_4y": -6.03,
            "last_8y": null,
            "last_12y": null,
            "last_16y": null,
            "last_20y": null,
            "at_2006_last_3y": null,
            "at_2007_last_3y": null,
            "at_2008_last_3y": null,
            "at_2009_last_3y": null,
            "at_2010_last_3y": null,
            "at_2011_last_3y": null,
            "at_2012_last_3y": null,
            "at_2013_last_3y": null,
            "at_2014_last_3y": null,
            "at_2015_last_3y": 27.43,
            "at_2016_last_3y": 41.14,
            "at_2017_last_3y": 15.1,
            "at_2018_last_3y": -18.77,
            "at_2019_last_3y": -18.77,
            "at_2020_last_3y": -18.77,
            "at_2021_last_3y": -18.77,
            "at_2022_last_3y": -18.77,
            "at_2023_last_3y": -18.77,
            "at_2006_last_all": null,
            "at_2007_last_all": null,
            "at_2008_last_all": null,
            "at_2009_last_all": null,
            "at_2010_last_all": null,
            "at_2011_last_all": null,
            "at_2012_last_all": null,
            "at_2013_last_all": 16.46,
            "at_2014_last_all": 25.95,
            "at_2015_last_all": 27.43,
            "at_2016_last_all": 19.5,
            "at_2017_last_all": 15.56,
            "at_2018_last_all": 0.4,
            "at_2019_last_all": 0.4,
            "at_2020_last_all": 0.4,
            "at_2021_last_all": 0.4,
            "at_2022_last_all": 0.4,
            "at_2023_last_all": 0.4
        },
        "latest_eps": 1.74,
        "latest_price": 34.65,
        "latest_roe": 7.32,
        "latest_gross_margin": 17.19,
        "latest_equity": 2288353,
        "latest_revenue": 445183,
        "latest_gross_profit": 76548,
        "latest_net_income": 20985,
        "latest_debt_ratio": 40.59,
        "latest_current_ratio": 125.26,
        "latest_account_receivable_turnover_ratio": 1.08,
        "latest_inventory_turnover_ratio": 1.3,
        "latest_reinvestment_rate": 52.31,
        "latest_research_to_sale_ratio": 7.98
    },
    "eps_dividends": {
        "2001": {
            "cash": 0,
            "stock": 0,
            "eps": 0
        },
        "2002": {
            "cash": 0,
            "stock": 0,
            "eps": 0
        },
        "2003": {
            "cash": 0,
            "stock": 0,
            "eps": 0
        },
        "2004": {
            "cash": 0,
            "stock": 0,
            "eps": 0
        },
        "2005": {
            "cash": 0,
            "stock": 0,
            "eps": 0
        },
        "2006": {
            "cash": 0,
            "stock": 0,
            "eps": 0
        },
        "2007": {
            "cash": 0,
            "stock": 0,
            "eps": 0
        },
        "2008": {
            "cash": 0,
            "stock": 0,
            "eps": 0
        },
        "2009": {
            "cash": 0,
            "stock": 0,
            "eps": 0
        },
        "2010": {
            "cash": 0,
            "stock": 0,
            "eps": 0
        },
        "2011": {
            "cash": 0.2,
            "stock": 0.3,
            "eps": 1.61
        },
        "2012": {
            "cash": 1.06,
            "stock": 0.21,
            "eps": 0.53
        },
        "2013": {
            "cash": 0,
            "stock": 0,
            "eps": 1.58
        },
        "2014": {
            "cash": 1,
            "stock": 0,
            "eps": 2.29
        },
        "2015": {
            "cash": 1,
            "stock": 0,
            "eps": 3.02
        },
        "2016": {
            "cash": 2,
            "stock": 0,
            "eps": 2.65
        },
        "2017": {
            "cash": 2,
            "stock": 0,
            "eps": 2.54
        },
        "2018": {
            "cash": 2,
            "stock": 0,
            "eps": 0.24
        }
    },
    "dividends": {
        "2011-03-17": {
            "cash": 0.2,
            "stock": 0.3
        },
        "2012-07-31": {
            "cash": 1.06,
            "stock": 0.21
        },
        "2014-09-19": {
            "cash": 1,
            "stock": 0
        },
        "2015-08-31": {
            "cash": 1,
            "stock": 0
        },
        "2016-08-31": {
            "cash": 2,
            "stock": 0
        },
        "2017-08-29": {
            "cash": 2,
            "stock": 0
        },
        "2018-09-14": {
            "cash": 2,
            "stock": 0
        }
    },
    "prices": {
        "200101": "無",
        "200102": "無",
        "200103": "無",
        "200104": "無",
        "200105": "無",
        "200106": "無",
        "200107": "無",
        "200108": "無",
        "200109": "無",
        "200110": "無",
        "200111": "無",
        "200112": "無",
        "200201": "無",
        "200202": "無",
        "200203": "無",
        "200204": "無",
        "200205": "無",
        "200206": "無",
        "200207": "無",
        "200208": "無",
        "200209": "無",
        "200210": "無",
        "200211": "無",
        "200212": "無",
        "200301": "無",
        "200302": "無",
        "200303": "無",
        "200304": "無",
        "200305": "無",
        "200306": "無",
        "200307": "無",
        "200308": "無",
        "200309": "無",
        "200310": "無",
        "200311": "無",
        "200312": "無",
        "200401": "無",
        "200402": "無",
        "200403": "無",
        "200404": "無",
        "200405": "無",
        "200406": "無",
        "200407": "無",
        "200408": "無",
        "200409": "無",
        "200410": "無",
        "200411": "無",
        "200412": "無",
        "200501": "無",
        "200502": "無",
        "200503": "無",
        "200504": "無",
        "200505": "無",
        "200506": "無",
        "200507": "無",
        "200508": "無",
        "200509": "無",
        "200510": "無",
        "200511": "無",
        "200512": "無",
        "200601": "無",
        "200602": "無",
        "200603": "無",
        "200604": "無",
        "200605": "無",
        "200606": "無",
        "200607": "無",
        "200608": "無",
        "200609": "無",
        "200610": "無",
        "200611": "無",
        "200612": "無",
        "200701": "無",
        "200702": "無",
        "200703": "無",
        "200704": "無",
        "200705": "無",
        "200706": "無",
        "200707": "無",
        "200708": "無",
        "200709": "無",
        "200710": "無",
        "200711": "無",
        "200712": "無",
        "200801": "無",
        "200802": "無",
        "200803": "無",
        "200804": "無",
        "200805": "無",
        "200806": "無",
        "200807": "無",
        "200808": "無",
        "200809": "無",
        "200810": "無",
        "200811": "無",
        "200812": "無",
        "200901": "無",
        "200902": "無",
        "200903": "無",
        "200904": "無",
        "200905": "無",
        "200906": "無",
        "200907": "無",
        "200908": "無",
        "200909": "無",
        "200910": "無",
        "200911": "無",
        "200912": "無",
        "201001": "無",
        "201002": "無",
        "201003": "無",
        "201004": "無",
        "201005": "無",
        "201006": "無",
        "201007": "無",
        "201008": "無",
        "201009": "無",
        "201010": "無",
        "201011": "無",
        "201012": "無",
        "201101": "56.82",
        "201102": "67.68",
        "201103": "60.98",
        "201104": "58.86",
        "201105": "58.98",
        "201106": "55.84",
        "201107": "48.42",
        "201108": "38.00",
        "201109": "33.46",
        "201110": "34.41",
        "201111": "41.67",
        "201112": "37.61",
        "201201": "38.59",
        "201202": "44.47",
        "201203": "48.32",
        "201204": "47.32",
        "201205": "36.54",
        "201206": "32.82",
        "201207": "27.16",
        "201208": "27.04",
        "201209": "27.98",
        "201210": "24.28",
        "201211": "24.02",
        "201212": "24.26",
        "201301": "23.88",
        "201302": "29.36",
        "201303": "27.15",
        "201304": "28.02",
        "201305": "28.15",
        "201306": "34.36",
        "201307": "34.64",
        "201308": "33.40",
        "201309": "31.96",
        "201310": "27.11",
        "201311": "27.47",
        "201312": "31.13",
        "201401": "30.13",
        "201402": "30.97",
        "201403": "33.08",
        "201404": "39.96",
        "201405": "42.75",
        "201406": "44.97",
        "201407": "57.65",
        "201408": "49.53",
        "201409": "51.27",
        "201410": "44.89",
        "201411": "42.92",
        "201412": "48.58",
        "201501": "48.71",
        "201502": "45.77",
        "201503": "44.61",
        "201504": "43.26",
        "201505": "42.15",
        "201506": "47.00",
        "201507": "57.45",
        "201508": "56.07",
        "201509": "52.51",
        "201510": "49.57",
        "201511": "45.95",
        "201512": "52.54",
        "201601": "50.82",
        "201602": "52.90",
        "201603": "55.83",
        "201604": "54.68",
        "201605": "51.93",
        "201606": "58.80",
        "201607": "60.30",
        "201608": "48.64",
        "201609": "44.80",
        "201610": "54.23",
        "201611": "55.81",
        "201612": "56.18",
        "201701": "55.28",
        "201702": "56.33",
        "201703": "55.15",
        "201704": "61.98",
        "201705": "58.79",
        "201706": "61.03",
        "201707": "60.92",
        "201708": "71.62",
        "201709": "74.23",
        "201710": "66.68",
        "201711": "59.91",
        "201712": "52.82",
        "201801": "49.16",
        "201802": "47.29",
        "201803": "47.29",
        "201804": "47.80",
        "201805": "41.81",
        "201806": "44.80",
        "201807": "41.28",
        "201808": "36.64",
        "201809": "34.41",
        "201810": "無",
        "201811": "無",
        "201812": "無",
        "201901": "無",
        "201902": "無",
        "201903": "無",
        "201904": "無",
        "201905": "無",
        "201906": "無",
        "201907": "無",
        "201908": "無",
        "201909": "無",
        "201910": "無",
        "201911": "無",
        "201912": "無",
        "202001": "無",
        "202002": "無",
        "202003": "無",
        "202004": "無",
        "202005": "無",
        "202006": "無",
        "202007": "無",
        "202008": "無",
        "202009": "無",
        "202010": "無",
        "202011": "無",
        "202012": "無",
        "202101": "無",
        "202102": "無",
        "202103": "無",
        "202104": "無",
        "202105": "無",
        "202106": "無",
        "202107": "無",
        "202108": "無",
        "202109": "無",
        "202110": "無",
        "202111": "無",
        "202112": "無",
        "202201": "無",
        "202202": "無",
        "202203": "無",
        "202204": "無",
        "202205": "無",
        "202206": "無",
        "202207": "無",
        "202208": "無",
        "202209": "無",
        "202210": "無",
        "202211": "無",
        "202212": "無",
        "202301": "無",
        "202302": "無",
        "202303": "無",
        "202304": "無",
        "202305": "無"
    },
    "quarters": {
        "20011": {
            "year_quarter": 20011,
            "year": 2001,
            "quarter": 1,
            "eps": null,
            "eps_growth_year": null,
            "eps_4q": null,
            "eps_4q_growth_year": null,
            "roe": null,
            "roe_4q": 0,
            "gross_profit": null,
            "gross_margin": null,
            "gross_margin_4q_avg": 0,
            "net_income": null,
            "revenue": null,
            "common_shares": null,
            "book_valuer_per_share": null,
            "book_valuer_per_share_4q_avg": 0,
            "equity": null,
            "current_ratio": null,
            "debt_ratio": null,
            "inventory_turnover_ratio": null,
            "account_receivable_turnover_ratio": null,
            "reinvestment_rate": null,
            "research_to_sale_ratio": null,
            "price_fair": 0,
            "eps_avg_yearly": 0,
            "eps_latest_yearly": 0,
            "eps_growth_yearly": 0
        },
        "20012": {
            "year_quarter": 20012,
            "year": 2001,
            "quarter": 2,
            "eps": null,
            "eps_growth_year": null,
            "eps_4q": null,
            "eps_4q_growth_year": null,
            "roe": null,
            "roe_4q": 0,
            "gross_profit": null,
            "gross_margin": null,
            "gross_margin_4q_avg": 0,
            "net_income": null,
            "revenue": null,
            "common_shares": null,
            "book_valuer_per_share": null,
            "book_valuer_per_share_4q_avg": 0,
            "equity": null,
            "current_ratio": null,
            "debt_ratio": null,
            "inventory_turnover_ratio": null,
            "account_receivable_turnover_ratio": null,
            "reinvestment_rate": null,
            "research_to_sale_ratio": null,
            "price_fair": 0,
            "eps_avg_yearly": 0,
            "eps_latest_yearly": 0,
            "eps_growth_yearly": 0
        },
        "20013": {
            "year_quarter": 20013,
            "year": 2001,
            "quarter": 3,
            "eps": null,
            "eps_growth_year": null,
            "eps_4q": null,
            "eps_4q_growth_year": null,
            "roe": null,
            "roe_4q": 0,
            "gross_profit": null,
            "gross_margin": null,
            "gross_margin_4q_avg": 0,
            "net_income": null,
            "revenue": null,
            "common_shares": null,
            "book_valuer_per_share": null,
            "book_valuer_per_share_4q_avg": 0,
            "equity": null,
            "current_ratio": null,
            "debt_ratio": null,
            "inventory_turnover_ratio": null,
            "account_receivable_turnover_ratio": null,
            "reinvestment_rate": null,
            "research_to_sale_ratio": null,
            "price_fair": 0,
            "eps_avg_yearly": 0,
            "eps_latest_yearly": 0,
            "eps_growth_yearly": 0
        },
        "20014": {
            "year_quarter": 20014,
            "year": 2001,
            "quarter": 4,
            "eps": null,
            "eps_growth_year": null,
            "eps_4q": null,
            "eps_4q_growth_year": null,
            "roe": null,
            "roe_4q": 0,
            "gross_profit": null,
            "gross_margin": null,
            "gross_margin_4q_avg": 0,
            "net_income": null,
            "revenue": null,
            "common_shares": 60000,
            "book_valuer_per_share": 10.3,
            "book_valuer_per_share_4q_avg": 2.58,
            "equity": 61823,
            "current_ratio": 135.79,
            "debt_ratio": 42.2,
            "inventory_turnover_ratio": null,
            "account_receivable_turnover_ratio": null,
            "reinvestment_rate": null,
            "research_to_sale_ratio": null,
            "price_fair": 0,
            "eps_avg_yearly": 0,
            "eps_latest_yearly": 0,
            "eps_growth_yearly": 0
        },
        "20021": {
            "year_quarter": 20021,
            "year": 2002,
            "quarter": 1,
            "eps": null,
            "eps_growth_year": null,
            "eps_4q": null,
            "eps_4q_growth_year": null,
            "roe": null,
            "roe_4q": 0,
            "gross_profit": null,
            "gross_margin": null,
            "gross_margin_4q_avg": 0,
            "net_income": null,
            "revenue": null,
            "common_shares": null,
            "book_valuer_per_share": null,
            "book_valuer_per_share_4q_avg": 2.58,
            "equity": null,
            "current_ratio": null,
            "debt_ratio": null,
            "inventory_turnover_ratio": null,
            "account_receivable_turnover_ratio": null,
            "reinvestment_rate": null,
            "research_to_sale_ratio": null,
            "price_fair": 0,
            "eps_avg_yearly": 0,
            "eps_latest_yearly": 0,
            "eps_growth_yearly": 0
        },
        "20022": {
            "year_quarter": 20022,
            "year": 2002,
            "quarter": 2,
            "eps": null,
            "eps_growth_year": null,
            "eps_4q": null,
            "eps_4q_growth_year": null,
            "roe": null,
            "roe_4q": 0,
            "gross_profit": null,
            "gross_margin": null,
            "gross_margin_4q_avg": 0,
            "net_income": null,
            "revenue": null,
            "common_shares": null,
            "book_valuer_per_share": null,
            "book_valuer_per_share_4q_avg": 2.58,
            "equity": null,
            "current_ratio": null,
            "debt_ratio": null,
            "inventory_turnover_ratio": null,
            "account_receivable_turnover_ratio": null,
            "reinvestment_rate": null,
            "research_to_sale_ratio": null,
            "price_fair": 0,
            "eps_avg_yearly": 0,
            "eps_latest_yearly": 0,
            "eps_growth_yearly": 0
        },
        "20023": {
            "year_quarter": 20023,
            "year": 2002,
            "quarter": 3,
            "eps": null,
            "eps_growth_year": null,
            "eps_4q": null,
            "eps_4q_growth_year": null,
            "roe": null,
            "roe_4q": 0,
            "gross_profit": null,
            "gross_margin": null,
            "gross_margin_4q_avg": 0,
            "net_income": null,
            "revenue": null,
            "common_shares": null,
            "book_valuer_per_share": null,
            "book_valuer_per_share_4q_avg": 2.58,
            "equity": null,
            "current_ratio": null,
            "debt_ratio": null,
            "inventory_turnover_ratio": null,
            "account_receivable_turnover_ratio": null,
            "reinvestment_rate": null,
            "research_to_sale_ratio": null,
            "price_fair": 0,
            "eps_avg_yearly": 0,
            "eps_latest_yearly": 0,
            "eps_growth_yearly": 0
        },
        "20024": {
            "year_quarter": 20024,
            "year": 2002,
            "quarter": 4,
            "eps": null,
            "eps_growth_year": null,
            "eps_4q": null,
            "eps_4q_growth_year": null,
            "roe": null,
            "roe_4q": 0,
            "gross_profit": null,
            "gross_margin": null,
            "gross_margin_4q_avg": 0,
            "net_income": null,
            "revenue": null,
            "common_shares": 110000,
            "book_valuer_per_share": 8.48,
            "book_valuer_per_share_4q_avg": 2.12,
            "equity": 93240,
            "current_ratio": 164.65,
            "debt_ratio": 38.16,
            "inventory_turnover_ratio": null,
            "account_receivable_turnover_ratio": null,
            "reinvestment_rate": null,
            "research_to_sale_ratio": null,
            "price_fair": 0,
            "eps_avg_yearly": 0,
            "eps_latest_yearly": 0,
            "eps_growth_yearly": 0
        },
        "20031": {
            "year_quarter": 20031,
            "year": 2003,
            "quarter": 1,
            "eps": null,
            "eps_growth_year": null,
            "eps_4q": null,
            "eps_4q_growth_year": null,
            "roe": null,
            "roe_4q": 0,
            "gross_profit": null,
            "gross_margin": null,
            "gross_margin_4q_avg": 0,
            "net_income": null,
            "revenue": null,
            "common_shares": null,
            "book_valuer_per_share": null,
            "book_valuer_per_share_4q_avg": 2.12,
            "equity": null,
            "current_ratio": null,
            "debt_ratio": null,
            "inventory_turnover_ratio": null,
            "account_receivable_turnover_ratio": null,
            "reinvestment_rate": null,
            "research_to_sale_ratio": null,
            "price_fair": 0,
            "eps_avg_yearly": 0,
            "eps_latest_yearly": 0,
            "eps_growth_yearly": 0
        },
        "20032": {
            "year_quarter": 20032,
            "year": 2003,
            "quarter": 2,
            "eps": null,
            "eps_growth_year": null,
            "eps_4q": null,
            "eps_4q_growth_year": null,
            "roe": null,
            "roe_4q": 0,
            "gross_profit": null,
            "gross_margin": null,
            "gross_margin_4q_avg": 0,
            "net_income": null,
            "revenue": null,
            "common_shares": null,
            "book_valuer_per_share": null,
            "book_valuer_per_share_4q_avg": 2.12,
            "equity": null,
            "current_ratio": null,
            "debt_ratio": null,
            "inventory_turnover_ratio": null,
            "account_receivable_turnover_ratio": null,
            "reinvestment_rate": null,
            "research_to_sale_ratio": null,
            "price_fair": 0,
            "eps_avg_yearly": 0,
            "eps_latest_yearly": 0,
            "eps_growth_yearly": 0
        },
        "20033": {
            "year_quarter": 20033,
            "year": 2003,
            "quarter": 3,
            "eps": null,
            "eps_growth_year": null,
            "eps_4q": null,
            "eps_4q_growth_year": null,
            "roe": null,
            "roe_4q": 0,
            "gross_profit": null,
            "gross_margin": null,
            "gross_margin_4q_avg": 0,
            "net_income": null,
            "revenue": null,
            "common_shares": null,
            "book_valuer_per_share": null,
            "book_valuer_per_share_4q_avg": 2.12,
            "equity": null,
            "current_ratio": null,
            "debt_ratio": null,
            "inventory_turnover_ratio": null,
            "account_receivable_turnover_ratio": null,
            "reinvestment_rate": null,
            "research_to_sale_ratio": null,
            "price_fair": 0,
            "eps_avg_yearly": 0,
            "eps_latest_yearly": 0,
            "eps_growth_yearly": 0
        },
        "20034": {
            "year_quarter": 20034,
            "year": 2003,
            "quarter": 4,
            "eps": null,
            "eps_growth_year": null,
            "eps_4q": null,
            "eps_4q_growth_year": null,
            "roe": null,
            "roe_4q": 0,
            "gross_profit": null,
            "gross_margin": null,
            "gross_margin_4q_avg": 0,
            "net_income": null,
            "revenue": null,
            "common_shares": 200000,
            "book_valuer_per_share": 13.37,
            "book_valuer_per_share_4q_avg": 3.34,
            "equity": 267359,
            "current_ratio": 537.67,
            "debt_ratio": 21.29,
            "inventory_turnover_ratio": null,
            "account_receivable_turnover_ratio": null,
            "reinvestment_rate": null,
            "research_to_sale_ratio": null,
            "price_fair": 0,
            "eps_avg_yearly": 0,
            "eps_latest_yearly": 0,
            "eps_growth_yearly": 0
        },
        "20041": {
            "year_quarter": 20041,
            "year": 2004,
            "quarter": 1,
            "eps": null,
            "eps_growth_year": null,
            "eps_4q": null,
            "eps_4q_growth_year": null,
            "roe": null,
            "roe_4q": 0,
            "gross_profit": null,
            "gross_margin": null,
            "gross_margin_4q_avg": 0,
            "net_income": null,
            "revenue": null,
            "common_shares": null,
            "book_valuer_per_share": null,
            "book_valuer_per_share_4q_avg": 3.34,
            "equity": null,
            "current_ratio": null,
            "debt_ratio": null,
            "inventory_turnover_ratio": null,
            "account_receivable_turnover_ratio": null,
            "reinvestment_rate": null,
            "research_to_sale_ratio": null,
            "price_fair": 0,
            "eps_avg_yearly": 0,
            "eps_latest_yearly": 0,
            "eps_growth_yearly": 0
        },
        "20042": {
            "year_quarter": 20042,
            "year": 2004,
            "quarter": 2,
            "eps": null,
            "eps_growth_year": null,
            "eps_4q": null,
            "eps_4q_growth_year": null,
            "roe": null,
            "roe_4q": 0,
            "gross_profit": null,
            "gross_margin": null,
            "gross_margin_4q_avg": 0,
            "net_income": null,
            "revenue": null,
            "common_shares": null,
            "book_valuer_per_share": null,
            "book_valuer_per_share_4q_avg": 3.34,
            "equity": null,
            "current_ratio": null,
            "debt_ratio": null,
            "inventory_turnover_ratio": null,
            "account_receivable_turnover_ratio": null,
            "reinvestment_rate": null,
            "research_to_sale_ratio": null,
            "price_fair": 0,
            "eps_avg_yearly": 0,
            "eps_latest_yearly": 0,
            "eps_growth_yearly": 0
        },
        "20043": {
            "year_quarter": 20043,
            "year": 2004,
            "quarter": 3,
            "eps": null,
            "eps_growth_year": null,
            "eps_4q": null,
            "eps_4q_growth_year": null,
            "roe": null,
            "roe_4q": 0,
            "gross_profit": null,
            "gross_margin": null,
            "gross_margin_4q_avg": 0,
            "net_income": null,
            "revenue": null,
            "common_shares": null,
            "book_valuer_per_share": null,
            "book_valuer_per_share_4q_avg": 3.34,
            "equity": null,
            "current_ratio": null,
            "debt_ratio": null,
            "inventory_turnover_ratio": null,
            "account_receivable_turnover_ratio": null,
            "reinvestment_rate": null,
            "research_to_sale_ratio": null,
            "price_fair": 0,
            "eps_avg_yearly": 0,
            "eps_latest_yearly": 0,
            "eps_growth_yearly": 0
        },
        "20044": {
            "year_quarter": 20044,
            "year": 2004,
            "quarter": 4,
            "eps": null,
            "eps_growth_year": null,
            "eps_4q": null,
            "eps_4q_growth_year": null,
            "roe": null,
            "roe_4q": 0,
            "gross_profit": null,
            "gross_margin": null,
            "gross_margin_4q_avg": 0,
            "net_income": null,
            "revenue": null,
            "common_shares": 361000,
            "book_valuer_per_share": 13.12,
            "book_valuer_per_share_4q_avg": 3.28,
            "equity": 473739,
            "current_ratio": 169.42,
            "debt_ratio": 29.45,
            "inventory_turnover_ratio": null,
            "account_receivable_turnover_ratio": null,
            "reinvestment_rate": null,
            "research_to_sale_ratio": null,
            "price_fair": 0,
            "eps_avg_yearly": 0,
            "eps_latest_yearly": 0,
            "eps_growth_yearly": 0
        },
        "20051": {
            "year_quarter": 20051,
            "year": 2005,
            "quarter": 1,
            "eps": null,
            "eps_growth_year": null,
            "eps_4q": null,
            "eps_4q_growth_year": null,
            "roe": null,
            "roe_4q": 0,
            "gross_profit": null,
            "gross_margin": null,
            "gross_margin_4q_avg": 0,
            "net_income": null,
            "revenue": null,
            "common_shares": null,
            "book_valuer_per_share": null,
            "book_valuer_per_share_4q_avg": 3.28,
            "equity": null,
            "current_ratio": null,
            "debt_ratio": null,
            "inventory_turnover_ratio": null,
            "account_receivable_turnover_ratio": null,
            "reinvestment_rate": null,
            "research_to_sale_ratio": null,
            "price_fair": 0,
            "eps_avg_yearly": 0,
            "eps_latest_yearly": 0,
            "eps_growth_yearly": 0
        },
        "20052": {
            "year_quarter": 20052,
            "year": 2005,
            "quarter": 2,
            "eps": null,
            "eps_growth_year": null,
            "eps_4q": null,
            "eps_4q_growth_year": null,
            "roe": null,
            "roe_4q": 0,
            "gross_profit": null,
            "gross_margin": null,
            "gross_margin_4q_avg": 0,
            "net_income": null,
            "revenue": null,
            "common_shares": null,
            "book_valuer_per_share": null,
            "book_valuer_per_share_4q_avg": 3.28,
            "equity": null,
            "current_ratio": null,
            "debt_ratio": null,
            "inventory_turnover_ratio": null,
            "account_receivable_turnover_ratio": null,
            "reinvestment_rate": null,
            "research_to_sale_ratio": null,
            "price_fair": 0,
            "eps_avg_yearly": 0,
            "eps_latest_yearly": 0,
            "eps_growth_yearly": 0
        },
        "20053": {
            "year_quarter": 20053,
            "year": 2005,
            "quarter": 3,
            "eps": null,
            "eps_growth_year": null,
            "eps_4q": null,
            "eps_4q_growth_year": null,
            "roe": null,
            "roe_4q": 0,
            "gross_profit": null,
            "gross_margin": null,
            "gross_margin_4q_avg": 0,
            "net_income": null,
            "revenue": null,
            "common_shares": null,
            "book_valuer_per_share": null,
            "book_valuer_per_share_4q_avg": 3.28,
            "equity": null,
            "current_ratio": null,
            "debt_ratio": null,
            "inventory_turnover_ratio": null,
            "account_receivable_turnover_ratio": null,
            "reinvestment_rate": null,
            "research_to_sale_ratio": null,
            "price_fair": 0,
            "eps_avg_yearly": 0,
            "eps_latest_yearly": 0,
            "eps_growth_yearly": 0
        },
        "20054": {
            "year_quarter": 20054,
            "year": 2005,
            "quarter": 4,
            "eps": null,
            "eps_growth_year": null,
            "eps_4q": null,
            "eps_4q_growth_year": null,
            "roe": null,
            "roe_4q": 0,
            "gross_profit": null,
            "gross_margin": null,
            "gross_margin_4q_avg": 0,
            "net_income": null,
            "revenue": null,
            "common_shares": 361000,
            "book_valuer_per_share": 9.01,
            "book_valuer_per_share_4q_avg": 2.25,
            "equity": 325339,
            "current_ratio": 69.99,
            "debt_ratio": 45.4,
            "inventory_turnover_ratio": null,
            "account_receivable_turnover_ratio": null,
            "reinvestment_rate": null,
            "research_to_sale_ratio": null,
            "price_fair": 0,
            "eps_avg_yearly": 0,
            "eps_latest_yearly": 0,
            "eps_growth_yearly": 0
        },
        "20061": {
            "year_quarter": 20061,
            "year": 2006,
            "quarter": 1,
            "eps": null,
            "eps_growth_year": null,
            "eps_4q": null,
            "eps_4q_growth_year": null,
            "roe": null,
            "roe_4q": 0,
            "gross_profit": null,
            "gross_margin": null,
            "gross_margin_4q_avg": 0,
            "net_income": null,
            "revenue": null,
            "common_shares": null,
            "book_valuer_per_share": null,
            "book_valuer_per_share_4q_avg": 2.25,
            "equity": null,
            "current_ratio": null,
            "debt_ratio": null,
            "inventory_turnover_ratio": null,
            "account_receivable_turnover_ratio": null,
            "reinvestment_rate": null,
            "research_to_sale_ratio": null,
            "price_fair": 0,
            "eps_avg_yearly": 0,
            "eps_latest_yearly": 0,
            "eps_growth_yearly": 0
        },
        "20062": {
            "year_quarter": 20062,
            "year": 2006,
            "quarter": 2,
            "eps": null,
            "eps_growth_year": null,
            "eps_4q": null,
            "eps_4q_growth_year": null,
            "roe": null,
            "roe_4q": 0,
            "gross_profit": null,
            "gross_margin": null,
            "gross_margin_4q_avg": 0,
            "net_income": null,
            "revenue": null,
            "common_shares": null,
            "book_valuer_per_share": null,
            "book_valuer_per_share_4q_avg": 2.25,
            "equity": null,
            "current_ratio": null,
            "debt_ratio": null,
            "inventory_turnover_ratio": null,
            "account_receivable_turnover_ratio": null,
            "reinvestment_rate": null,
            "research_to_sale_ratio": null,
            "price_fair": 0,
            "eps_avg_yearly": 0,
            "eps_latest_yearly": 0,
            "eps_growth_yearly": 0
        },
        "20063": {
            "year_quarter": 20063,
            "year": 2006,
            "quarter": 3,
            "eps": null,
            "eps_growth_year": null,
            "eps_4q": null,
            "eps_4q_growth_year": null,
            "roe": null,
            "roe_4q": 0,
            "gross_profit": null,
            "gross_margin": null,
            "gross_margin_4q_avg": 0,
            "net_income": null,
            "revenue": null,
            "common_shares": null,
            "book_valuer_per_share": null,
            "book_valuer_per_share_4q_avg": 2.25,
            "equity": null,
            "current_ratio": null,
            "debt_ratio": null,
            "inventory_turnover_ratio": null,
            "account_receivable_turnover_ratio": null,
            "reinvestment_rate": null,
            "research_to_sale_ratio": null,
            "price_fair": 0,
            "eps_avg_yearly": 0,
            "eps_latest_yearly": 0,
            "eps_growth_yearly": 0
        },
        "20064": {
            "year_quarter": 20064,
            "year": 2006,
            "quarter": 4,
            "eps": null,
            "eps_growth_year": null,
            "eps_4q": null,
            "eps_4q_growth_year": null,
            "roe": null,
            "roe_4q": 0,
            "gross_profit": null,
            "gross_margin": null,
            "gross_margin_4q_avg": 0,
            "net_income": null,
            "revenue": null,
            "common_shares": 361000,
            "book_valuer_per_share": 7.18,
            "book_valuer_per_share_4q_avg": 1.8,
            "equity": 282545,
            "current_ratio": 75.34,
            "debt_ratio": 60.79,
            "inventory_turnover_ratio": null,
            "account_receivable_turnover_ratio": null,
            "reinvestment_rate": null,
            "research_to_sale_ratio": null,
            "price_fair": 0,
            "eps_avg_yearly": 0,
            "eps_latest_yearly": 0,
            "eps_growth_yearly": 0
        },
        "20071": {
            "year_quarter": 20071,
            "year": 2007,
            "quarter": 1,
            "eps": null,
            "eps_growth_year": null,
            "eps_4q": null,
            "eps_4q_growth_year": null,
            "roe": null,
            "roe_4q": 0,
            "gross_profit": null,
            "gross_margin": null,
            "gross_margin_4q_avg": 0,
            "net_income": null,
            "revenue": null,
            "common_shares": null,
            "book_valuer_per_share": null,
            "book_valuer_per_share_4q_avg": 1.8,
            "equity": null,
            "current_ratio": null,
            "debt_ratio": null,
            "inventory_turnover_ratio": null,
            "account_receivable_turnover_ratio": null,
            "reinvestment_rate": null,
            "research_to_sale_ratio": null,
            "price_fair": 0,
            "eps_avg_yearly": 0,
            "eps_latest_yearly": 0,
            "eps_growth_yearly": 0
        },
        "20072": {
            "year_quarter": 20072,
            "year": 2007,
            "quarter": 2,
            "eps": null,
            "eps_growth_year": null,
            "eps_4q": null,
            "eps_4q_growth_year": null,
            "roe": null,
            "roe_4q": 0,
            "gross_profit": null,
            "gross_margin": null,
            "gross_margin_4q_avg": 0,
            "net_income": null,
            "revenue": null,
            "common_shares": null,
            "book_valuer_per_share": null,
            "book_valuer_per_share_4q_avg": 1.8,
            "equity": null,
            "current_ratio": null,
            "debt_ratio": null,
            "inventory_turnover_ratio": null,
            "account_receivable_turnover_ratio": null,
            "reinvestment_rate": null,
            "research_to_sale_ratio": null,
            "price_fair": 0,
            "eps_avg_yearly": 0,
            "eps_latest_yearly": 0,
            "eps_growth_yearly": 0
        },
        "20073": {
            "year_quarter": 20073,
            "year": 2007,
            "quarter": 3,
            "eps": null,
            "eps_growth_year": null,
            "eps_4q": null,
            "eps_4q_growth_year": null,
            "roe": null,
            "roe_4q": 0,
            "gross_profit": null,
            "gross_margin": null,
            "gross_margin_4q_avg": 0,
            "net_income": null,
            "revenue": null,
            "common_shares": null,
            "book_valuer_per_share": null,
            "book_valuer_per_share_4q_avg": 1.8,
            "equity": null,
            "current_ratio": null,
            "debt_ratio": null,
            "inventory_turnover_ratio": null,
            "account_receivable_turnover_ratio": null,
            "reinvestment_rate": null,
            "research_to_sale_ratio": null,
            "price_fair": 0,
            "eps_avg_yearly": 0,
            "eps_latest_yearly": 0,
            "eps_growth_yearly": 0
        },
        "20074": {
            "year_quarter": 20074,
            "year": 2007,
            "quarter": 4,
            "eps": null,
            "eps_growth_year": null,
            "eps_4q": null,
            "eps_4q_growth_year": null,
            "roe": null,
            "roe_4q": 0,
            "gross_profit": null,
            "gross_margin": null,
            "gross_margin_4q_avg": 0,
            "net_income": null,
            "revenue": null,
            "common_shares": 461000,
            "book_valuer_per_share": 8.94,
            "book_valuer_per_share_4q_avg": 2.24,
            "equity": 426706,
            "current_ratio": 79.21,
            "debt_ratio": 47.65,
            "inventory_turnover_ratio": null,
            "account_receivable_turnover_ratio": null,
            "reinvestment_rate": null,
            "research_to_sale_ratio": null,
            "price_fair": 0,
            "eps_avg_yearly": 0,
            "eps_latest_yearly": 0,
            "eps_growth_yearly": 0
        },
        "20081": {
            "year_quarter": 20081,
            "year": 2008,
            "quarter": 1,
            "eps": null,
            "eps_growth_year": null,
            "eps_4q": null,
            "eps_4q_growth_year": null,
            "roe": null,
            "roe_4q": 0,
            "gross_profit": null,
            "gross_margin": null,
            "gross_margin_4q_avg": 0,
            "net_income": null,
            "revenue": null,
            "common_shares": null,
            "book_valuer_per_share": null,
            "book_valuer_per_share_4q_avg": 2.24,
            "equity": null,
            "current_ratio": null,
            "debt_ratio": null,
            "inventory_turnover_ratio": null,
            "account_receivable_turnover_ratio": null,
            "reinvestment_rate": null,
            "research_to_sale_ratio": null,
            "price_fair": 0,
            "eps_avg_yearly": 0,
            "eps_latest_yearly": 0,
            "eps_growth_yearly": 0
        },
        "20082": {
            "year_quarter": 20082,
            "year": 2008,
            "quarter": 2,
            "eps": null,
            "eps_growth_year": null,
            "eps_4q": null,
            "eps_4q_growth_year": null,
            "roe": null,
            "roe_4q": 0,
            "gross_profit": null,
            "gross_margin": null,
            "gross_margin_4q_avg": 0,
            "net_income": null,
            "revenue": null,
            "common_shares": null,
            "book_valuer_per_share": null,
            "book_valuer_per_share_4q_avg": 2.24,
            "equity": null,
            "current_ratio": null,
            "debt_ratio": null,
            "inventory_turnover_ratio": null,
            "account_receivable_turnover_ratio": null,
            "reinvestment_rate": null,
            "research_to_sale_ratio": null,
            "price_fair": 0,
            "eps_avg_yearly": 0,
            "eps_latest_yearly": 0,
            "eps_growth_yearly": 0
        },
        "20083": {
            "year_quarter": 20083,
            "year": 2008,
            "quarter": 3,
            "eps": null,
            "eps_growth_year": null,
            "eps_4q": null,
            "eps_4q_growth_year": null,
            "roe": null,
            "roe_4q": 0,
            "gross_profit": null,
            "gross_margin": null,
            "gross_margin_4q_avg": 0,
            "net_income": null,
            "revenue": null,
            "common_shares": null,
            "book_valuer_per_share": null,
            "book_valuer_per_share_4q_avg": 2.24,
            "equity": null,
            "current_ratio": null,
            "debt_ratio": null,
            "inventory_turnover_ratio": null,
            "account_receivable_turnover_ratio": null,
            "reinvestment_rate": null,
            "research_to_sale_ratio": null,
            "price_fair": 0,
            "eps_avg_yearly": 0,
            "eps_latest_yearly": 0,
            "eps_growth_yearly": 0
        },
        "20084": {
            "year_quarter": 20084,
            "year": 2008,
            "quarter": 4,
            "eps": null,
            "eps_growth_year": null,
            "eps_4q": null,
            "eps_4q_growth_year": null,
            "roe": null,
            "roe_4q": 0,
            "gross_profit": null,
            "gross_margin": null,
            "gross_margin_4q_avg": 0,
            "net_income": null,
            "revenue": null,
            "common_shares": 461000,
            "book_valuer_per_share": 6.5,
            "book_valuer_per_share_4q_avg": 1.63,
            "equity": 302978,
            "current_ratio": 57.88,
            "debt_ratio": 68.89,
            "inventory_turnover_ratio": null,
            "account_receivable_turnover_ratio": null,
            "reinvestment_rate": null,
            "research_to_sale_ratio": null,
            "price_fair": 0,
            "eps_avg_yearly": 0,
            "eps_latest_yearly": 0,
            "eps_growth_yearly": 0
        },
        "20091": {
            "year_quarter": 20091,
            "year": 2009,
            "quarter": 1,
            "eps": null,
            "eps_growth_year": null,
            "eps_4q": null,
            "eps_4q_growth_year": null,
            "roe": null,
            "roe_4q": 0,
            "gross_profit": null,
            "gross_margin": null,
            "gross_margin_4q_avg": 0,
            "net_income": null,
            "revenue": null,
            "common_shares": null,
            "book_valuer_per_share": null,
            "book_valuer_per_share_4q_avg": 1.63,
            "equity": null,
            "current_ratio": null,
            "debt_ratio": null,
            "inventory_turnover_ratio": null,
            "account_receivable_turnover_ratio": null,
            "reinvestment_rate": null,
            "research_to_sale_ratio": null,
            "price_fair": 0,
            "eps_avg_yearly": 0,
            "eps_latest_yearly": 0,
            "eps_growth_yearly": 0
        },
        "20092": {
            "year_quarter": 20092,
            "year": 2009,
            "quarter": 2,
            "eps": null,
            "eps_growth_year": null,
            "eps_4q": null,
            "eps_4q_growth_year": null,
            "roe": null,
            "roe_4q": 0,
            "gross_profit": null,
            "gross_margin": null,
            "gross_margin_4q_avg": 0,
            "net_income": null,
            "revenue": null,
            "common_shares": null,
            "book_valuer_per_share": null,
            "book_valuer_per_share_4q_avg": 1.63,
            "equity": null,
            "current_ratio": null,
            "debt_ratio": null,
            "inventory_turnover_ratio": null,
            "account_receivable_turnover_ratio": null,
            "reinvestment_rate": null,
            "research_to_sale_ratio": null,
            "price_fair": 0,
            "eps_avg_yearly": 0,
            "eps_latest_yearly": 0,
            "eps_growth_yearly": 0
        },
        "20093": {
            "year_quarter": 20093,
            "year": 2009,
            "quarter": 3,
            "eps": null,
            "eps_growth_year": null,
            "eps_4q": null,
            "eps_4q_growth_year": null,
            "roe": null,
            "roe_4q": 0,
            "gross_profit": null,
            "gross_margin": null,
            "gross_margin_4q_avg": 0,
            "net_income": null,
            "revenue": null,
            "common_shares": null,
            "book_valuer_per_share": null,
            "book_valuer_per_share_4q_avg": 1.63,
            "equity": null,
            "current_ratio": null,
            "debt_ratio": null,
            "inventory_turnover_ratio": null,
            "account_receivable_turnover_ratio": null,
            "reinvestment_rate": null,
            "research_to_sale_ratio": null,
            "price_fair": 0,
            "eps_avg_yearly": 0,
            "eps_latest_yearly": 0,
            "eps_growth_yearly": 0
        },
        "20094": {
            "year_quarter": 20094,
            "year": 2009,
            "quarter": 4,
            "eps": null,
            "eps_growth_year": null,
            "eps_4q": null,
            "eps_4q_growth_year": null,
            "roe": null,
            "roe_4q": 0,
            "gross_profit": null,
            "gross_margin": null,
            "gross_margin_4q_avg": 0,
            "net_income": null,
            "revenue": null,
            "common_shares": 461000,
            "book_valuer_per_share": 5.32,
            "book_valuer_per_share_4q_avg": 1.33,
            "equity": 264734,
            "current_ratio": 63.51,
            "debt_ratio": 71.78,
            "inventory_turnover_ratio": null,
            "account_receivable_turnover_ratio": null,
            "reinvestment_rate": null,
            "research_to_sale_ratio": null,
            "price_fair": 0,
            "eps_avg_yearly": 0,
            "eps_latest_yearly": 0,
            "eps_growth_yearly": 0
        },
        "20101": {
            "year_quarter": 20101,
            "year": 2010,
            "quarter": 1,
            "eps": null,
            "eps_growth_year": null,
            "eps_4q": null,
            "eps_4q_growth_year": null,
            "roe": null,
            "roe_4q": 0,
            "gross_profit": null,
            "gross_margin": null,
            "gross_margin_4q_avg": 0,
            "net_income": null,
            "revenue": null,
            "common_shares": null,
            "book_valuer_per_share": null,
            "book_valuer_per_share_4q_avg": 1.33,
            "equity": null,
            "current_ratio": null,
            "debt_ratio": null,
            "inventory_turnover_ratio": null,
            "account_receivable_turnover_ratio": null,
            "reinvestment_rate": null,
            "research_to_sale_ratio": null,
            "price_fair": 0,
            "eps_avg_yearly": 0,
            "eps_latest_yearly": 0,
            "eps_growth_yearly": 0
        },
        "20102": {
            "year_quarter": 20102,
            "year": 2010,
            "quarter": 2,
            "eps": null,
            "eps_growth_year": null,
            "eps_4q": null,
            "eps_4q_growth_year": null,
            "roe": null,
            "roe_4q": 0,
            "gross_profit": null,
            "gross_margin": null,
            "gross_margin_4q_avg": 0,
            "net_income": null,
            "revenue": null,
            "common_shares": 536000,
            "book_valuer_per_share": null,
            "book_valuer_per_share_4q_avg": 1.33,
            "equity": 628808,
            "current_ratio": null,
            "debt_ratio": null,
            "inventory_turnover_ratio": null,
            "account_receivable_turnover_ratio": null,
            "reinvestment_rate": null,
            "research_to_sale_ratio": null,
            "price_fair": 0,
            "eps_avg_yearly": 0,
            "eps_latest_yearly": 0,
            "eps_growth_yearly": 0
        },
        "20103": {
            "year_quarter": 20103,
            "year": 2010,
            "quarter": 3,
            "eps": null,
            "eps_growth_year": null,
            "eps_4q": null,
            "eps_4q_growth_year": null,
            "roe": null,
            "roe_4q": 0,
            "gross_profit": 73236,
            "gross_margin": null,
            "gross_margin_4q_avg": 0,
            "net_income": 21173,
            "revenue": 161498,
            "common_shares": 540073,
            "book_valuer_per_share": 11.74,
            "book_valuer_per_share_4q_avg": 4.27,
            "equity": 660037,
            "current_ratio": 133.83,
            "debt_ratio": 38.02,
            "inventory_turnover_ratio": null,
            "account_receivable_turnover_ratio": null,
            "reinvestment_rate": null,
            "research_to_sale_ratio": null,
            "price_fair": 0,
            "eps_avg_yearly": 0,
            "eps_latest_yearly": 0,
            "eps_growth_yearly": 0
        },
        "20104": {
            "year_quarter": 20104,
            "year": 2010,
            "quarter": 4,
            "eps": null,
            "eps_growth_year": null,
            "eps_4q": null,
            "eps_4q_growth_year": null,
            "roe": null,
            "roe_4q": 0,
            "gross_profit": 62030,
            "gross_margin": null,
            "gross_margin_4q_avg": 0,
            "net_income": 19047,
            "revenue": 175532,
            "common_shares": 602894,
            "book_valuer_per_share": 11.76,
            "book_valuer_per_share_4q_avg": 5.88,
            "equity": 734058,
            "current_ratio": 169.94,
            "debt_ratio": 32.04,
            "inventory_turnover_ratio": null,
            "account_receivable_turnover_ratio": null,
            "reinvestment_rate": null,
            "research_to_sale_ratio": null,
            "price_fair": 0,
            "eps_avg_yearly": 0,
            "eps_latest_yearly": 0,
            "eps_growth_yearly": 0
        },
        "20111": {
            "year_quarter": 20111,
            "year": 2011,
            "quarter": 1,
            "eps": null,
            "eps_growth_year": null,
            "eps_4q": null,
            "eps_4q_growth_year": null,
            "roe": null,
            "roe_4q": 0,
            "gross_profit": 46909,
            "gross_margin": null,
            "gross_margin_4q_avg": 0,
            "net_income": 29733,
            "revenue": 156183,
            "common_shares": 603494,
            "book_valuer_per_share": 12.28,
            "book_valuer_per_share_4q_avg": 8.95,
            "equity": 740972,
            "current_ratio": 145.87,
            "debt_ratio": 36.2,
            "inventory_turnover_ratio": null,
            "account_receivable_turnover_ratio": null,
            "reinvestment_rate": null,
            "research_to_sale_ratio": null,
            "price_fair": 0,
            "eps_avg_yearly": 0,
            "eps_latest_yearly": 0,
            "eps_growth_yearly": 0
        },
        "20112": {
            "year_quarter": 20112,
            "year": 2011,
            "quarter": 2,
            "eps": 0.45,
            "eps_growth_year": null,
            "eps_4q": 0.45,
            "eps_4q_growth_year": null,
            "roe": 3.76,
            "roe_4q": 3.76,
            "gross_profit": 101348,
            "gross_margin": 42.37,
            "gross_margin_4q_avg": 10.59,
            "net_income": 29753,
            "revenue": 239210,
            "common_shares": 655706,
            "book_valuer_per_share": 12.4,
            "book_valuer_per_share_4q_avg": 12.05,
            "equity": 840834,
            "current_ratio": 79.42,
            "debt_ratio": 41.53,
            "inventory_turnover_ratio": 2.85,
            "account_receivable_turnover_ratio": 2.67,
            "reinvestment_rate": null,
            "research_to_sale_ratio": null,
            "price_fair": 0,
            "eps_avg_yearly": 0,
            "eps_latest_yearly": 0,
            "eps_growth_yearly": 0
        },
        "20113": {
            "year_quarter": 20113,
            "year": 2011,
            "quarter": 3,
            "eps": 0.45,
            "eps_growth_year": null,
            "eps_4q": 0.91,
            "eps_4q_growth_year": null,
            "roe": 3.43,
            "roe_4q": 7.1899999999999995,
            "gross_profit": 70384,
            "gross_margin": 39.23,
            "gross_margin_4q_avg": 20.4,
            "net_income": 29770,
            "revenue": 179432,
            "common_shares": 656056,
            "book_valuer_per_share": 13.21,
            "book_valuer_per_share_4q_avg": 12.41,
            "equity": 895835,
            "current_ratio": 71,
            "debt_ratio": 56.64,
            "inventory_turnover_ratio": 0.98,
            "account_receivable_turnover_ratio": 1.07,
            "reinvestment_rate": null,
            "research_to_sale_ratio": 9.46,
            "price_fair": 18,
            "eps_avg_yearly": 1.8,
            "eps_latest_yearly": 1.8,
            "eps_growth_yearly": 0
        },
        "20114": {
            "year_quarter": 20114,
            "year": 2011,
            "quarter": 4,
            "eps": 0.71,
            "eps_growth_year": null,
            "eps_4q": 1.62,
            "eps_4q_growth_year": null,
            "roe": 5.1,
            "roe_4q": 12.29,
            "gross_profit": 114712,
            "gross_margin": 35.72,
            "gross_margin_4q_avg": 29.33,
            "net_income": 46915,
            "revenue": 321180,
            "common_shares": 656056,
            "book_valuer_per_share": 13.95,
            "book_valuer_per_share_4q_avg": 12.96,
            "equity": 945406,
            "current_ratio": 74.29,
            "debt_ratio": 54.07,
            "inventory_turnover_ratio": 1.38,
            "account_receivable_turnover_ratio": 1.75,
            "reinvestment_rate": null,
            "research_to_sale_ratio": 5.9,
            "price_fair": 81.2,
            "eps_avg_yearly": 2.32,
            "eps_latest_yearly": 2.84,
            "eps_growth_yearly": 115.56
        },
        "20121": {
            "year_quarter": 20121,
            "year": 2012,
            "quarter": 1,
            "eps": 0.18,
            "eps_growth_year": null,
            "eps_4q": 1.79,
            "eps_4q_growth_year": null,
            "roe": 1.08,
            "roe_4q": 13.37,
            "gross_profit": 41885,
            "gross_margin": 19.41,
            "gross_margin_4q_avg": 34.18,
            "net_income": 10226,
            "revenue": 215811,
            "common_shares": 656056,
            "book_valuer_per_share": 14,
            "book_valuer_per_share_4q_avg": 13.39,
            "equity": 946695,
            "current_ratio": 68.9,
            "debt_ratio": 47.56,
            "inventory_turnover_ratio": 1.15,
            "account_receivable_turnover_ratio": 1.22,
            "reinvestment_rate": null,
            "research_to_sale_ratio": 6.52,
            "price_fair": 5.36,
            "eps_avg_yearly": 1.79,
            "eps_latest_yearly": 0.72,
            "eps_growth_yearly": -22.49
        },
        "20122": {
            "year_quarter": 20122,
            "year": 2012,
            "quarter": 2,
            "eps": 0.04,
            "eps_growth_year": -90.71,
            "eps_4q": 1.27,
            "eps_4q_growth_year": 180.9,
            "roe": 0.16,
            "roe_4q": 9.77,
            "gross_profit": 38999,
            "gross_margin": 18.58,
            "gross_margin_4q_avg": 28.24,
            "net_income": 1574,
            "revenue": 209903,
            "common_shares": 698136,
            "book_valuer_per_share": 14.3,
            "book_valuer_per_share_4q_avg": 13.87,
            "equity": 1027629,
            "current_ratio": 78.38,
            "debt_ratio": 44.47,
            "inventory_turnover_ratio": 1.42,
            "account_receivable_turnover_ratio": 1.41,
            "reinvestment_rate": null,
            "research_to_sale_ratio": 6.9,
            "price_fair": 4.14,
            "eps_avg_yearly": 1.38,
            "eps_latest_yearly": 0.16,
            "eps_growth_yearly": -94.65
        },
        "20123": {
            "year_quarter": 20123,
            "year": 2012,
            "quarter": 3,
            "eps": -0.22,
            "eps_growth_year": -149.17,
            "eps_4q": 0.62,
            "eps_4q_growth_year": -31.85,
            "roe": -1.69,
            "roe_4q": 4.6499999999999995,
            "gross_profit": 26782,
            "gross_margin": 14.96,
            "gross_margin_4q_avg": 22.17,
            "net_income": -17301,
            "revenue": 179040,
            "common_shares": 725000,
            "book_valuer_per_share": 13.69,
            "book_valuer_per_share_4q_avg": 13.99,
            "equity": 1020342,
            "current_ratio": 87.96,
            "debt_ratio": 40.35,
            "inventory_turnover_ratio": 1.43,
            "account_receivable_turnover_ratio": 1.17,
            "reinvestment_rate": null,
            "research_to_sale_ratio": 8.71,
            "price_fair": 4.14,
            "eps_avg_yearly": 1.38,
            "eps_latest_yearly": 0.16,
            "eps_growth_yearly": -94.65
        },
        "20124": {
            "year_quarter": 20124,
            "year": 2012,
            "quarter": 4,
            "eps": 0.53,
            "eps_growth_year": -25.48,
            "eps_4q": 0.51,
            "eps_4q_growth_year": -68.73,
            "roe": 3.87,
            "roe_4q": 3.4200000000000004,
            "gross_profit": 98659,
            "gross_margin": 35.67,
            "gross_margin_4q_avg": 22.16,
            "net_income": 40391,
            "revenue": 276583,
            "common_shares": 732836,
            "book_valuer_per_share": 14.16,
            "book_valuer_per_share_4q_avg": 14.04,
            "equity": 1066562,
            "current_ratio": 81.89,
            "debt_ratio": 40.45,
            "inventory_turnover_ratio": 1.7,
            "account_receivable_turnover_ratio": 1.42,
            "reinvestment_rate": null,
            "research_to_sale_ratio": 8.74,
            "price_fair": 4.14,
            "eps_avg_yearly": 1.38,
            "eps_latest_yearly": 0.16,
            "eps_growth_yearly": -94.65
        },
        "20131": {
            "year_quarter": 20131,
            "year": 2013,
            "quarter": 1,
            "eps": 0.27,
            "eps_growth_year": 50,
            "eps_4q": 0.62,
            "eps_4q_growth_year": -65.28,
            "roe": 1.9,
            "roe_4q": 4.24,
            "gross_profit": 74770,
            "gross_margin": 31.37,
            "gross_margin_4q_avg": 25.15,
            "net_income": 20343,
            "revenue": 238350,
            "common_shares": 734207,
            "book_valuer_per_share": 14.57,
            "book_valuer_per_share_4q_avg": 14.18,
            "equity": 1069461,
            "current_ratio": 86.47,
            "debt_ratio": 37.26,
            "inventory_turnover_ratio": 1.52,
            "account_receivable_turnover_ratio": 0.97,
            "reinvestment_rate": null,
            "research_to_sale_ratio": 9.6,
            "price_fair": 3.96,
            "eps_avg_yearly": 1.32,
            "eps_latest_yearly": 1.08,
            "eps_growth_yearly": -114.96
        },
        "20132": {
            "year_quarter": 20132,
            "year": 2013,
            "quarter": 2,
            "eps": 0.18,
            "eps_growth_year": 326.98,
            "eps_4q": 0.76,
            "eps_4q_growth_year": -40.54,
            "roe": 1.2,
            "roe_4q": 5.279999999999999,
            "gross_profit": 88958,
            "gross_margin": 34.24,
            "gross_margin_4q_avg": 29.06,
            "net_income": 12986,
            "revenue": 259824,
            "common_shares": 734207,
            "book_valuer_per_share": 14.83,
            "book_valuer_per_share_4q_avg": 14.31,
            "equity": 1089020,
            "current_ratio": 90.33,
            "debt_ratio": 38.32,
            "inventory_turnover_ratio": 1.64,
            "account_receivable_turnover_ratio": 1.05,
            "reinvestment_rate": null,
            "research_to_sale_ratio": 9.75,
            "price_fair": 3.66,
            "eps_avg_yearly": 1.22,
            "eps_latest_yearly": 0.72,
            "eps_growth_yearly": -118.03
        },
        "20133": {
            "year_quarter": 20133,
            "year": 2013,
            "quarter": 3,
            "eps": 0.39,
            "eps_growth_year": null,
            "eps_4q": 1.37,
            "eps_4q_growth_year": 121.93,
            "roe": 2.63,
            "roe_4q": 9.600000000000001,
            "gross_profit": 109791,
            "gross_margin": 38.18,
            "gross_margin_4q_avg": 34.87,
            "net_income": 28929,
            "revenue": 287594,
            "common_shares": 734207,
            "book_valuer_per_share": 15.13,
            "book_valuer_per_share_4q_avg": 14.67,
            "equity": 1110894,
            "current_ratio": 114.57,
            "debt_ratio": 35.57,
            "inventory_turnover_ratio": 1.62,
            "account_receivable_turnover_ratio": 1.11,
            "reinvestment_rate": null,
            "research_to_sale_ratio": 10.25,
            "price_fair": 3.81,
            "eps_avg_yearly": 1.27,
            "eps_latest_yearly": 1.56,
            "eps_growth_yearly": -34.5
        },
        "20134": {
            "year_quarter": 20134,
            "year": 2013,
            "quarter": 4,
            "eps": 0.74,
            "eps_growth_year": 39.31,
            "eps_4q": 1.58,
            "eps_4q_growth_year": 211.78,
            "roe": 4.75,
            "roe_4q": 10.48,
            "gross_profit": 134866,
            "gross_margin": 40.09,
            "gross_margin_4q_avg": 35.97,
            "net_income": 54383,
            "revenue": 336433,
            "common_shares": 738866,
            "book_valuer_per_share": 15.95,
            "book_valuer_per_share_4q_avg": 15.12,
            "equity": 1178635,
            "current_ratio": 109,
            "debt_ratio": 39.57,
            "inventory_turnover_ratio": 1.54,
            "account_receivable_turnover_ratio": 1.18,
            "reinvestment_rate": null,
            "research_to_sale_ratio": 11.01,
            "price_fair": 36.54,
            "eps_avg_yearly": 1.48,
            "eps_latest_yearly": 2.96,
            "eps_growth_yearly": 14.69
        },
        "20141": {
            "year_quarter": 20141,
            "year": 2014,
            "quarter": 1,
            "eps": 0.61,
            "eps_growth_year": 125.93,
            "eps_4q": 1.91,
            "eps_4q_growth_year": 207.53,
            "roe": 3.77,
            "roe_4q": 12.349999999999998,
            "gross_profit": 115134,
            "gross_margin": 37.26,
            "gross_margin_4q_avg": 37.44,
            "net_income": 45361,
            "revenue": 308994,
            "common_shares": 740756,
            "book_valuer_per_share": 16.62,
            "book_valuer_per_share_4q_avg": 15.63,
            "equity": 1230849,
            "current_ratio": 119.84,
            "debt_ratio": 35.35,
            "inventory_turnover_ratio": 1.35,
            "account_receivable_turnover_ratio": 1.04,
            "reinvestment_rate": null,
            "research_to_sale_ratio": 10.21,
            "price_fair": 24.19,
            "eps_avg_yearly": 1.59,
            "eps_latest_yearly": 2.44,
            "eps_growth_yearly": 5.25
        },
        "20142": {
            "year_quarter": 20142,
            "year": 2014,
            "quarter": 2,
            "eps": 0.64,
            "eps_growth_year": 255.56,
            "eps_4q": 2.38,
            "eps_4q_growth_year": 213.8,
            "roe": 3.92,
            "roe_4q": 15.07,
            "gross_profit": 132418,
            "gross_margin": 35.82,
            "gross_margin_4q_avg": 37.84,
            "net_income": 47483,
            "revenue": 369638,
            "common_shares": 740756,
            "book_valuer_per_share": 16.11,
            "book_valuer_per_share_4q_avg": 15.95,
            "equity": 1193669,
            "current_ratio": 99.19,
            "debt_ratio": 40.58,
            "inventory_turnover_ratio": 1.73,
            "account_receivable_turnover_ratio": 1.08,
            "reinvestment_rate": 101.19,
            "research_to_sale_ratio": 9.02,
            "price_fair": 28.1,
            "eps_avg_yearly": 1.68,
            "eps_latest_yearly": 2.56,
            "eps_growth_yearly": 6.69
        },
        "20143": {
            "year_quarter": 20143,
            "year": 2014,
            "quarter": 3,
            "eps": 0.58,
            "eps_growth_year": 48.72,
            "eps_4q": 2.56,
            "eps_4q_growth_year": 86.92,
            "roe": 3.51,
            "roe_4q": 15.95,
            "gross_profit": 132705,
            "gross_margin": 36.23,
            "gross_margin_4q_avg": 37.35,
            "net_income": 42761,
            "revenue": 366254,
            "common_shares": 740756,
            "book_valuer_per_share": 16.82,
            "book_valuer_per_share_4q_avg": 16.38,
            "equity": 1245588,
            "current_ratio": 84.21,
            "debt_ratio": 52.49,
            "inventory_turnover_ratio": 1.87,
            "account_receivable_turnover_ratio": 0.99,
            "reinvestment_rate": 112.89,
            "research_to_sale_ratio": 10.8,
            "price_fair": 22.07,
            "eps_avg_yearly": 1.74,
            "eps_latest_yearly": 2.32,
            "eps_growth_yearly": 2.67
        },
        "20144": {
            "year_quarter": 20144,
            "year": 2014,
            "quarter": 4,
            "eps": 0.46,
            "eps_growth_year": -37.82,
            "eps_4q": 1.89,
            "eps_4q_growth_year": 19.94,
            "roe": 2.5,
            "roe_4q": 13.7,
            "gross_profit": 88686,
            "gross_margin": 25.05,
            "gross_margin_4q_avg": 33.59,
            "net_income": 43341,
            "revenue": 353983,
            "common_shares": 940756,
            "book_valuer_per_share": 23.49,
            "book_valuer_per_share_4q_avg": 18.26,
            "equity": 2224014,
            "current_ratio": 253.64,
            "debt_ratio": 28.64,
            "inventory_turnover_ratio": 1.98,
            "account_receivable_turnover_ratio": 0.93,
            "reinvestment_rate": 130.55,
            "research_to_sale_ratio": 7.3,
            "price_fair": 5.25,
            "eps_avg_yearly": 1.75,
            "eps_latest_yearly": 1.84,
            "eps_growth_yearly": -4.45
        },
        "20151": {
            "year_quarter": 20151,
            "year": 2015,
            "quarter": 1,
            "eps": -0.02,
            "eps_growth_year": -103.28,
            "eps_4q": 1.39,
            "eps_4q_growth_year": -27.5,
            "roe": -0.08,
            "roe_4q": 9.85,
            "gross_profit": 48910,
            "gross_margin": 22.14,
            "gross_margin_4q_avg": 29.81,
            "net_income": -1683,
            "revenue": 220957,
            "common_shares": 946852,
            "book_valuer_per_share": 23.29,
            "book_valuer_per_share_4q_avg": 19.93,
            "equity": 2215754,
            "current_ratio": 271.61,
            "debt_ratio": 26.03,
            "inventory_turnover_ratio": 1.11,
            "account_receivable_turnover_ratio": 0.68,
            "reinvestment_rate": 285.13,
            "research_to_sale_ratio": 7.64,
            "price_fair": 5.25,
            "eps_avg_yearly": 1.75,
            "eps_latest_yearly": 1.84,
            "eps_growth_yearly": -4.45
        },
        "20152": {
            "year_quarter": 20152,
            "year": 2015,
            "quarter": 2,
            "eps": 0.77,
            "eps_growth_year": 20.31,
            "eps_4q": 1.66,
            "eps_4q_growth_year": -30.11,
            "roe": 3.34,
            "roe_4q": 9.27,
            "gross_profit": 197124,
            "gross_margin": 41.04,
            "gross_margin_4q_avg": 31.12,
            "net_income": 73672,
            "revenue": 480377,
            "common_shares": 951230,
            "book_valuer_per_share": 23.05,
            "book_valuer_per_share_4q_avg": 21.66,
            "equity": 2192218,
            "current_ratio": 208.92,
            "debt_ratio": 30.51,
            "inventory_turnover_ratio": 1.45,
            "account_receivable_turnover_ratio": 1.31,
            "reinvestment_rate": 22.63,
            "research_to_sale_ratio": 6.79,
            "price_fair": 5.25,
            "eps_avg_yearly": 1.75,
            "eps_latest_yearly": 1.84,
            "eps_growth_yearly": -4.45
        },
        "20153": {
            "year_quarter": 20153,
            "year": 2015,
            "quarter": 3,
            "eps": 1.31,
            "eps_growth_year": 125.86,
            "eps_4q": 2.52,
            "eps_4q_growth_year": -1.75,
            "roe": 5.5,
            "roe_4q": 11.26,
            "gross_profit": 237423,
            "gross_margin": 35.22,
            "gross_margin_4q_avg": 30.86,
            "net_income": 124524,
            "revenue": 674107,
            "common_shares": 951230,
            "book_valuer_per_share": 24.54,
            "book_valuer_per_share_4q_avg": 23.59,
            "equity": 2334661,
            "current_ratio": 185.64,
            "debt_ratio": 35.6,
            "inventory_turnover_ratio": 2.33,
            "account_receivable_turnover_ratio": 1.13,
            "reinvestment_rate": -13.45,
            "research_to_sale_ratio": 5.38,
            "price_fair": 58.92,
            "eps_avg_yearly": 2.04,
            "eps_latest_yearly": 5.24,
            "eps_growth_yearly": 18.93
        },
        "20154": {
            "year_quarter": 20154,
            "year": 2015,
            "quarter": 4,
            "eps": 0.96,
            "eps_growth_year": 109.79,
            "eps_4q": 3.03,
            "eps_4q_growth_year": 60.11,
            "roe": 3.85,
            "roe_4q": 12.61,
            "gross_profit": 173909,
            "gross_margin": 39.13,
            "gross_margin_4q_avg": 34.38,
            "net_income": 91354,
            "revenue": 444391,
            "common_shares": 951480,
            "book_valuer_per_share": 25.3,
            "book_valuer_per_share_4q_avg": 24.05,
            "equity": 2407662,
            "current_ratio": 217.68,
            "debt_ratio": 32.31,
            "inventory_turnover_ratio": 1.81,
            "account_receivable_turnover_ratio": 0.74,
            "reinvestment_rate": -3.87,
            "research_to_sale_ratio": 7.91,
            "price_fair": 6.36,
            "eps_avg_yearly": 2.12,
            "eps_latest_yearly": 3.84,
            "eps_growth_yearly": -9.24
        },
        "20161": {
            "year_quarter": 20161,
            "year": 2016,
            "quarter": 1,
            "eps": 0.67,
            "eps_growth_year": null,
            "eps_4q": 3.71,
            "eps_4q_growth_year": 167.64,
            "roe": 2.62,
            "roe_4q": 15.31,
            "gross_profit": 165945,
            "gross_margin": 46.82,
            "gross_margin_4q_avg": 40.55,
            "net_income": 63761,
            "revenue": 354438,
            "common_shares": 952080,
            "book_valuer_per_share": 25.85,
            "book_valuer_per_share_4q_avg": 24.69,
            "equity": 2461154,
            "current_ratio": 237.81,
            "debt_ratio": 30.86,
            "inventory_turnover_ratio": 1.05,
            "account_receivable_turnover_ratio": 0.76,
            "reinvestment_rate": -18.57,
            "research_to_sale_ratio": 10.13,
            "price_fair": 35.57,
            "eps_avg_yearly": 2.28,
            "eps_latest_yearly": 2.68,
            "eps_growth_yearly": 5.58
        },
        "20162": {
            "year_quarter": 20162,
            "year": 2016,
            "quarter": 2,
            "eps": 0.31,
            "eps_growth_year": -59.74,
            "eps_4q": 3.25,
            "eps_4q_growth_year": 95.42,
            "roe": 1.25,
            "roe_4q": 13.22,
            "gross_profit": 166838,
            "gross_margin": 30.55,
            "gross_margin_4q_avg": 37.93,
            "net_income": 29576,
            "revenue": 546030,
            "common_shares": 952080,
            "book_valuer_per_share": 23.89,
            "book_valuer_per_share_4q_avg": 24.9,
            "equity": 2274685,
            "current_ratio": 172.23,
            "debt_ratio": 38.93,
            "inventory_turnover_ratio": 1.88,
            "account_receivable_turnover_ratio": 1.02,
            "reinvestment_rate": -1.48,
            "research_to_sale_ratio": 5.94,
            "price_fair": 55.99,
            "eps_avg_yearly": 2.37,
            "eps_latest_yearly": 1.24,
            "eps_growth_yearly": 13.59
        },
        "20163": {
            "year_quarter": 20163,
            "year": 2016,
            "quarter": 3,
            "eps": 0.62,
            "eps_growth_year": -52.67,
            "eps_4q": 2.54,
            "eps_4q_growth_year": 0.67,
            "roe": 2.59,
            "roe_4q": 10.31,
            "gross_profit": 188296,
            "gross_margin": 38.46,
            "gross_margin_4q_avg": 38.74,
            "net_income": 59443,
            "revenue": 489567,
            "common_shares": 952080,
            "book_valuer_per_share": 24.05,
            "book_valuer_per_share_4q_avg": 24.77,
            "equity": 2314795,
            "current_ratio": 154.62,
            "debt_ratio": 36.76,
            "inventory_turnover_ratio": 1.57,
            "account_receivable_turnover_ratio": 0.85,
            "reinvestment_rate": 8.53,
            "research_to_sale_ratio": 7.37,
            "price_fair": 83.35,
            "eps_avg_yearly": 2.38,
            "eps_latest_yearly": 2.48,
            "eps_growth_yearly": 43.32
        },
        "20164": {
            "year_quarter": 20164,
            "year": 2016,
            "quarter": 4,
            "eps": 1.05,
            "eps_growth_year": 9.41,
            "eps_4q": 2.64,
            "eps_4q_growth_year": -12.8,
            "roe": 4.29,
            "roe_4q": 10.75,
            "gross_profit": 227391,
            "gross_margin": 37.88,
            "gross_margin_4q_avg": 38.43,
            "net_income": 101088,
            "revenue": 600227,
            "common_shares": 962320,
            "book_valuer_per_share": 24.97,
            "book_valuer_per_share_4q_avg": 24.69,
            "equity": 2403222,
            "current_ratio": 179.24,
            "debt_ratio": 31.82,
            "inventory_turnover_ratio": 2.11,
            "account_receivable_turnover_ratio": 0.99,
            "reinvestment_rate": -15.87,
            "research_to_sale_ratio": 7.79,
            "price_fair": 87.9,
            "eps_avg_yearly": 2.51,
            "eps_latest_yearly": 4.2,
            "eps_growth_yearly": 60.04
        },
        "20171": {
            "year_quarter": 20171,
            "year": 2017,
            "quarter": 1,
            "eps": -0.16,
            "eps_growth_year": -123.88,
            "eps_4q": 1.82,
            "eps_4q_growth_year": -50.99,
            "roe": -0.64,
            "roe_4q": 7.49,
            "gross_profit": 113213,
            "gross_margin": 32.73,
            "gross_margin_4q_avg": 34.91,
            "net_income": -15089,
            "revenue": 345871,
            "common_shares": 962320,
            "book_valuer_per_share": 24.36,
            "book_valuer_per_share_4q_avg": 24.32,
            "equity": 2344458,
            "current_ratio": 185.92,
            "debt_ratio": 30.53,
            "inventory_turnover_ratio": 1.3,
            "account_receivable_turnover_ratio": 0.61,
            "reinvestment_rate": 56.91,
            "research_to_sale_ratio": 9.01,
            "price_fair": 91.75,
            "eps_avg_yearly": 2.62,
            "eps_latest_yearly": 4.2,
            "eps_growth_yearly": 79.75
        },
        "20172": {
            "year_quarter": 20172,
            "year": 2017,
            "quarter": 2,
            "eps": 1.2,
            "eps_growth_year": 287.1,
            "eps_4q": 2.72,
            "eps_4q_growth_year": -16.38,
            "roe": 5.01,
            "roe_4q": 11.25,
            "gross_profit": 239270,
            "gross_margin": 42.96,
            "gross_margin_4q_avg": 38.01,
            "net_income": 115900,
            "revenue": 556935,
            "common_shares": 962320,
            "book_valuer_per_share": 23.73,
            "book_valuer_per_share_4q_avg": 24.28,
            "equity": 2283238,
            "current_ratio": 171.87,
            "debt_ratio": 30.1,
            "inventory_turnover_ratio": 1.7,
            "account_receivable_turnover_ratio": 1.02,
            "reinvestment_rate": 48.98,
            "research_to_sale_ratio": 9.68,
            "price_fair": 97.3,
            "eps_avg_yearly": 2.78,
            "eps_latest_yearly": 4.2,
            "eps_growth_yearly": 97.51
        },
        "20173": {
            "year_quarter": 20173,
            "year": 2017,
            "quarter": 3,
            "eps": 1.28,
            "eps_growth_year": 106.45,
            "eps_4q": 3.38,
            "eps_4q_growth_year": 33.14,
            "roe": 5.23,
            "roe_4q": 13.89,
            "gross_profit": 171277,
            "gross_margin": 35.26,
            "gross_margin_4q_avg": 37.21,
            "net_income": 123130,
            "revenue": 485769,
            "common_shares": 962320,
            "book_valuer_per_share": 25.2,
            "book_valuer_per_share_4q_avg": 24.57,
            "equity": 2424792,
            "current_ratio": 169.06,
            "debt_ratio": 35.48,
            "inventory_turnover_ratio": 1.42,
            "account_receivable_turnover_ratio": 0.8,
            "reinvestment_rate": 51.69,
            "research_to_sale_ratio": 6.92,
            "price_fair": 107.68,
            "eps_avg_yearly": 3.08,
            "eps_latest_yearly": 5.12,
            "eps_growth_yearly": 60.84
        },
        "20174": {
            "year_quarter": 20174,
            "year": 2017,
            "quarter": 4,
            "eps": 0.22,
            "eps_growth_year": -78.86,
            "eps_4q": 2.55,
            "eps_4q_growth_year": -3.37,
            "roe": 0.88,
            "roe_4q": 10.48,
            "gross_profit": 40877,
            "gross_margin": 12.3,
            "gross_margin_4q_avg": 30.81,
            "net_income": 21371,
            "revenue": 332343,
            "common_shares": 962320,
            "book_valuer_per_share": 25.41,
            "book_valuer_per_share_4q_avg": 24.68,
            "equity": 2445039,
            "current_ratio": 167.49,
            "debt_ratio": 34.53,
            "inventory_turnover_ratio": 1.16,
            "account_receivable_turnover_ratio": 0.73,
            "reinvestment_rate": 45.35,
            "research_to_sale_ratio": 8.49,
            "price_fair": 38.68,
            "eps_avg_yearly": 2.9,
            "eps_latest_yearly": 0.88,
            "eps_growth_yearly": 3.32
        },
        "20181": {
            "year_quarter": 20181,
            "year": 2018,
            "quarter": 1,
            "eps": 0.02,
            "eps_growth_year": null,
            "eps_4q": 2.73,
            "eps_4q_growth_year": 49.83,
            "roe": 0.07,
            "roe_4q": 11.190000000000001,
            "gross_profit": 47845,
            "gross_margin": 15.54,
            "gross_margin_4q_avg": 26.52,
            "net_income": 1836,
            "revenue": 307967,
            "common_shares": 962320,
            "book_valuer_per_share": 25.64,
            "book_valuer_per_share_4q_avg": 25,
            "equity": 2467875,
            "current_ratio": 168.09,
            "debt_ratio": 31.29,
            "inventory_turnover_ratio": 1.01,
            "account_receivable_turnover_ratio": 0.91,
            "reinvestment_rate": 44.49,
            "research_to_sale_ratio": 6.89,
            "price_fair": 8.12,
            "eps_avg_yearly": 2.71,
            "eps_latest_yearly": 0.08,
            "eps_growth_yearly": -21.12
        },
        "20182": {
            "year_quarter": 20182,
            "year": 2018,
            "quarter": 2,
            "eps": 0.22,
            "eps_growth_year": -81.67,
            "eps_4q": 1.74,
            "eps_4q_growth_year": -35.98,
            "roe": 0.88,
            "roe_4q": 7.0600000000000005,
            "gross_profit": 76548,
            "gross_margin": 17.19,
            "gross_margin_4q_avg": 20.07,
            "net_income": 20985,
            "revenue": 445183,
            "common_shares": 962320,
            "book_valuer_per_share": 23.77,
            "book_valuer_per_share_4q_avg": 25.01,
            "equity": 2288353,
            "current_ratio": 125.26,
            "debt_ratio": 40.59,
            "inventory_turnover_ratio": 1.3,
            "account_receivable_turnover_ratio": 1.08,
            "reinvestment_rate": 52.31,
            "research_to_sale_ratio": 7.98,
            "price_fair": 89.83,
            "eps_avg_yearly": 2.57,
            "eps_latest_yearly": 0.88,
            "eps_growth_yearly": 310.57
        }
    },
    "months": {
        "2011-01": {
            "month": "2011-01",
            "price": "56.82",
            "revenue": 45460
        },
        "2011-02": {
            "month": "2011-02",
            "price": "67.68",
            "revenue": 47929
        },
        "2011-03": {
            "month": "2011-03",
            "price": "60.98",
            "revenue": 62795
        },
        "2011-04": {
            "month": "2011-04",
            "price": "58.86",
            "revenue": 66748
        },
        "2011-05": {
            "month": "2011-05",
            "price": "58.98",
            "revenue": 68203
        },
        "2011-06": {
            "month": "2011-06",
            "price": "55.84",
            "revenue": 78772
        },
        "2011-07": {
            "month": "2011-07",
            "price": "48.42",
            "revenue": 65083
        },
        "2011-08": {
            "month": "2011-08",
            "price": "38.00",
            "revenue": 66694
        },
        "2011-09": {
            "month": "2011-09",
            "price": "33.46",
            "revenue": 63186
        },
        "2011-10": {
            "month": "2011-10",
            "price": "34.41",
            "revenue": 108670
        },
        "2011-11": {
            "month": "2011-11",
            "price": "41.67",
            "revenue": 104370
        },
        "2011-12": {
            "month": "2011-12",
            "price": "37.61",
            "revenue": 81652
        },
        "2012-01": {
            "month": "2012-01",
            "price": "38.59",
            "revenue": 44589
        },
        "2012-02": {
            "month": "2012-02",
            "price": "44.47",
            "revenue": 76758
        },
        "2012-03": {
            "month": "2012-03",
            "price": "48.32",
            "revenue": 93256
        },
        "2012-04": {
            "month": "2012-04",
            "price": "47.32",
            "revenue": 84886
        },
        "2012-05": {
            "month": "2012-05",
            "price": "36.54",
            "revenue": 71548
        },
        "2012-06": {
            "month": "2012-06",
            "price": "32.82",
            "revenue": 52139
        },
        "2012-07": {
            "month": "2012-07",
            "price": "27.16",
            "revenue": 52376
        },
        "2012-08": {
            "month": "2012-08",
            "price": "27.04",
            "revenue": 58311
        },
        "2012-09": {
            "month": "2012-09",
            "price": "27.98",
            "revenue": 68041
        },
        "2012-10": {
            "month": "2012-10",
            "price": "24.28",
            "revenue": 93493
        },
        "2012-11": {
            "month": "2012-11",
            "price": "24.02",
            "revenue": 104755
        },
        "2012-12": {
            "month": "2012-12",
            "price": "24.26",
            "revenue": 82417
        },
        "2013-01": {
            "month": "2013-01",
            "price": "23.88",
            "revenue": 99835
        },
        "2013-02": {
            "month": "2013-02",
            "price": "29.36",
            "revenue": 43938
        },
        "2013-03": {
            "month": "2013-03",
            "price": "27.15",
            "revenue": 94580
        },
        "2013-04": {
            "month": "2013-04",
            "price": "28.02",
            "revenue": 88421
        },
        "2013-05": {
            "month": "2013-05",
            "price": "28.15",
            "revenue": 85444
        },
        "2013-06": {
            "month": "2013-06",
            "price": "34.36",
            "revenue": 85968
        },
        "2013-07": {
            "month": "2013-07",
            "price": "34.64",
            "revenue": 101789
        },
        "2013-08": {
            "month": "2013-08",
            "price": "33.40",
            "revenue": 97306
        },
        "2013-09": {
            "month": "2013-09",
            "price": "31.96",
            "revenue": 88498
        },
        "2013-10": {
            "month": "2013-10",
            "price": "27.11",
            "revenue": 108375
        },
        "2013-11": {
            "month": "2013-11",
            "price": "27.47",
            "revenue": 122740
        },
        "2013-12": {
            "month": "2013-12",
            "price": "31.13",
            "revenue": 105319
        },
        "2014-01": {
            "month": "2014-01",
            "price": "30.13",
            "revenue": 112225
        },
        "2014-02": {
            "month": "2014-02",
            "price": "30.97",
            "revenue": 75712
        },
        "2014-03": {
            "month": "2014-03",
            "price": "33.08",
            "revenue": 121057
        },
        "2014-04": {
            "month": "2014-04",
            "price": "39.96",
            "revenue": 125544
        },
        "2014-05": {
            "month": "2014-05",
            "price": "42.75",
            "revenue": 127925
        },
        "2014-06": {
            "month": "2014-06",
            "price": "44.97",
            "revenue": 116169
        },
        "2014-07": {
            "month": "2014-07",
            "price": "57.65",
            "revenue": 111233
        },
        "2014-08": {
            "month": "2014-08",
            "price": "49.53",
            "revenue": 130424
        },
        "2014-09": {
            "month": "2014-09",
            "price": "51.27",
            "revenue": 124597
        },
        "2014-10": {
            "month": "2014-10",
            "price": "44.89",
            "revenue": 120245
        },
        "2014-11": {
            "month": "2014-11",
            "price": "42.92",
            "revenue": 118036
        },
        "2014-12": {
            "month": "2014-12",
            "price": "48.58",
            "revenue": 115702
        },
        "2015-01": {
            "month": "2015-01",
            "price": "48.71",
            "revenue": 85901
        },
        "2015-02": {
            "month": "2015-02",
            "price": "45.77",
            "revenue": 52519
        },
        "2015-03": {
            "month": "2015-03",
            "price": "44.61",
            "revenue": 82537
        },
        "2015-04": {
            "month": "2015-04",
            "price": "43.26",
            "revenue": 137466
        },
        "2015-05": {
            "month": "2015-05",
            "price": "42.15",
            "revenue": 152406
        },
        "2015-06": {
            "month": "2015-06",
            "price": "47.00",
            "revenue": 190505
        },
        "2015-07": {
            "month": "2015-07",
            "price": "57.45",
            "revenue": 248644
        },
        "2015-08": {
            "month": "2015-08",
            "price": "56.07",
            "revenue": 224288
        },
        "2015-09": {
            "month": "2015-09",
            "price": "52.51",
            "revenue": 201174
        },
        "2015-10": {
            "month": "2015-10",
            "price": "49.57",
            "revenue": 160890
        },
        "2015-11": {
            "month": "2015-11",
            "price": "45.95",
            "revenue": 145790
        },
        "2015-12": {
            "month": "2015-12",
            "price": "52.54",
            "revenue": 137712
        },
        "2016-01": {
            "month": "2016-01",
            "price": "50.82",
            "revenue": 133112
        },
        "2016-02": {
            "month": "2016-02",
            "price": "52.90",
            "revenue": 84984
        },
        "2016-03": {
            "month": "2016-03",
            "price": "55.83",
            "revenue": 136342
        },
        "2016-04": {
            "month": "2016-04",
            "price": "54.68",
            "revenue": 165638
        },
        "2016-05": {
            "month": "2016-05",
            "price": "51.93",
            "revenue": 191992
        },
        "2016-06": {
            "month": "2016-06",
            "price": "58.80",
            "revenue": 188399
        },
        "2016-07": {
            "month": "2016-07",
            "price": "60.30",
            "revenue": 141492
        },
        "2016-08": {
            "month": "2016-08",
            "price": "48.64",
            "revenue": 178921
        },
        "2016-09": {
            "month": "2016-09",
            "price": "44.80",
            "revenue": 169155
        },
        "2016-10": {
            "month": "2016-10",
            "price": "54.23",
            "revenue": 203262
        },
        "2016-11": {
            "month": "2016-11",
            "price": "55.81",
            "revenue": 204762
        },
        "2016-12": {
            "month": "2016-12",
            "price": "56.18",
            "revenue": 192203
        },
        "2017-01": {
            "month": "2017-01",
            "price": "55.28",
            "revenue": 128190
        },
        "2017-02": {
            "month": "2017-02",
            "price": "56.33",
            "revenue": 105713
        },
        "2017-03": {
            "month": "2017-03",
            "price": "55.15",
            "revenue": 111968
        },
        "2017-04": {
            "month": "2017-04",
            "price": "61.98",
            "revenue": 157701
        },
        "2017-05": {
            "month": "2017-05",
            "price": "58.79",
            "revenue": 207689
        },
        "2017-06": {
            "month": "2017-06",
            "price": "61.03",
            "revenue": 191545
        },
        "2017-07": {
            "month": "2017-07",
            "price": "60.92",
            "revenue": 163374
        },
        "2017-08": {
            "month": "2017-08",
            "price": "71.62",
            "revenue": 177959
        },
        "2017-09": {
            "month": "2017-09",
            "price": "74.23",
            "revenue": 144436
        },
        "2017-10": {
            "month": "2017-10",
            "price": "66.68",
            "revenue": 150776
        },
        "2017-11": {
            "month": "2017-11",
            "price": "59.91",
            "revenue": 103233
        },
        "2017-12": {
            "month": "2017-12",
            "price": "52.82",
            "revenue": 78334
        },
        "2018-01": {
            "month": "2018-01",
            "price": "49.16",
            "revenue": 111785
        },
        "2018-02": {
            "month": "2018-02",
            "price": "47.29",
            "revenue": 74443
        },
        "2018-03": {
            "month": "2018-03",
            "price": "47.29",
            "revenue": 121739
        },
        "2018-04": {
            "month": "2018-04",
            "price": "47.80",
            "revenue": 129606
        },
        "2018-05": {
            "month": "2018-05",
            "price": "41.81",
            "revenue": 180303
        },
        "2018-06": {
            "month": "2018-06",
            "price": "44.80",
            "revenue": 135274
        },
        "2018-07": {
            "month": "2018-07",
            "price": "41.28",
            "revenue": 123367
        },
        "2018-08": {
            "month": "2018-08",
            "price": "36.64",
            "revenue": 120677
        }
    }
}
