{
    "summary": {
        "stock_name": "長天",
        "stock_id": "3431",
        "category": "通信網路",
        "main_business": "衛星導航定位系統產品之設計、生產及銷售<br>行車記錄器產品之設計、生產及銷售<br>穿戴式裝置產品之設計、生產及銷售",
        "website_url": "",
        "ceo": "徐彰徽",
        "pe_ratio": -1,
        "report_year_from": 2003,
        "report_year_to": 2018,
        "age": 20,
        "eps_negative_percentage": 60,
        "eps_growth_avg": {
            "last_all": -42.46,
            "last_2y": -100,
            "last_4y": -100,
            "last_8y": -100,
            "last_12y": -70.96,
            "last_16y": null,
            "last_20y": null,
            "at_2006_last_3y": null,
            "at_2007_last_3y": null,
            "at_2008_last_3y": -13.7,
            "at_2009_last_3y": -51.59,
            "at_2010_last_3y": -93.23,
            "at_2011_last_3y": -100,
            "at_2012_last_3y": -100,
            "at_2013_last_3y": -100,
            "at_2014_last_3y": -100,
            "at_2015_last_3y": -100,
            "at_2016_last_3y": null,
            "at_2017_last_3y": null,
            "at_2018_last_3y": -100,
            "at_2019_last_3y": -100,
            "at_2020_last_3y": -100,
            "at_2021_last_3y": -100,
            "at_2022_last_3y": -100,
            "at_2023_last_3y": -100,
            "at_2006_last_all": 65.84,
            "at_2007_last_all": 15.07,
            "at_2008_last_all": -13.7,
            "at_2009_last_all": -13.7,
            "at_2010_last_all": -13.7,
            "at_2011_last_all": -13.7,
            "at_2012_last_all": -30.96,
            "at_2013_last_all": -30.96,
            "at_2014_last_all": -30.96,
            "at_2015_last_all": -30.96,
            "at_2016_last_all": -30.96,
            "at_2017_last_all": -30.96,
            "at_2018_last_all": -42.46,
            "at_2019_last_all": -42.46,
            "at_2020_last_all": -42.46,
            "at_2021_last_all": -42.46,
            "at_2022_last_all": -42.46,
            "at_2023_last_all": -42.46
        },
        "latest_eps": -2.4,
        "latest_price": 2.27,
        "latest_roe": -72.75,
        "latest_gross_margin": 5.94,
        "latest_equity": 74496,
        "latest_revenue": 34439,
        "latest_gross_profit": 2047,
        "latest_net_income": -20442,
        "latest_debt_ratio": 61.06,
        "latest_current_ratio": 165.54,
        "latest_account_receivable_turnover_ratio": 0.53,
        "latest_inventory_turnover_ratio": 0.47,
        "latest_reinvestment_rate": null,
        "latest_research_to_sale_ratio": 19.25
    },
    "eps_dividends": {
        "2001": {
            "cash": 0,
            "stock": 0,
            "eps": 0
        },
        "2002": {
            "cash": 0,
            "stock": 0,
            "eps": 0
        },
        "2003": {
            "cash": 0,
            "stock": 0,
            "eps": 0
        },
        "2004": {
            "cash": 0,
            "stock": 0,
            "eps": 1.39
        },
        "2005": {
            "cash": 1.01,
            "stock": 2.86,
            "eps": 3.03
        },
        "2006": {
            "cash": 0.39,
            "stock": 2.09,
            "eps": 3.99
        },
        "2007": {
            "cash": 1.23,
            "stock": 1.78,
            "eps": 0.54
        },
        "2008": {
            "cash": 0.04,
            "stock": 0.96,
            "eps": -3.52
        },
        "2009": {
            "cash": 0,
            "stock": 0,
            "eps": -1.25
        },
        "2010": {
            "cash": 0,
            "stock": 0,
            "eps": -1.51
        },
        "2011": {
            "cash": 0,
            "stock": 0,
            "eps": 0.07
        },
        "2012": {
            "cash": 0,
            "stock": 0,
            "eps": -0.5
        },
        "2013": {
            "cash": 0,
            "stock": 0,
            "eps": -0.01
        },
        "2014": {
            "cash": 0,
            "stock": 0,
            "eps": -0.69
        },
        "2015": {
            "cash": 0,
            "stock": 0,
            "eps": -3.06
        },
        "2016": {
            "cash": 0,
            "stock": 0,
            "eps": -1.92
        },
        "2017": {
            "cash": 0,
            "stock": 0,
            "eps": 0.3
        },
        "2018": {
            "cash": 0,
            "stock": 0,
            "eps": -1.65
        }
    },
    "dividends": {
        "2005-04-11": {
            "cash": 1.01,
            "stock": 2.86
        },
        "2006-03-30": {
            "cash": 0.39,
            "stock": 2.09
        },
        "2007-03-29": {
            "cash": 1.23,
            "stock": 1.78
        },
        "2008-04-21": {
            "cash": 0.04,
            "stock": 0.96
        }
    },
    "prices": {
        "200101": "無",
        "200102": "無",
        "200103": "無",
        "200104": "無",
        "200105": "無",
        "200106": "無",
        "200107": "無",
        "200108": "無",
        "200109": "無",
        "200110": "無",
        "200111": "無",
        "200112": "無",
        "200201": "無",
        "200202": "無",
        "200203": "無",
        "200204": "無",
        "200205": "無",
        "200206": "無",
        "200207": "無",
        "200208": "無",
        "200209": "無",
        "200210": "無",
        "200211": "無",
        "200212": "無",
        "200301": "無",
        "200302": "無",
        "200303": "無",
        "200304": "無",
        "200305": "無",
        "200306": "無",
        "200307": "無",
        "200308": "無",
        "200309": "無",
        "200310": "無",
        "200311": "無",
        "200312": "無",
        "200401": "無",
        "200402": "無",
        "200403": "無",
        "200404": "無",
        "200405": "無",
        "200406": "無",
        "200407": "無",
        "200408": "無",
        "200409": "無",
        "200410": "無",
        "200411": "無",
        "200412": "無",
        "200501": "37.32",
        "200502": "37.23",
        "200503": "39.37",
        "200504": "46.27",
        "200505": "41.74",
        "200506": "46.13",
        "200507": "63.44",
        "200508": "63.25",
        "200509": "60.15",
        "200510": "47.04",
        "200511": "46.90",
        "200512": "57.79",
        "200601": "77.72",
        "200602": "64.32",
        "200603": "61.32",
        "200604": "74.56",
        "200605": "73.61",
        "200606": "58.21",
        "200607": "48.82",
        "200608": "62.44",
        "200609": "54.05",
        "200610": "56.21",
        "200611": "68.05",
        "200612": "69.39",
        "200701": "60.90",
        "200702": "63.19",
        "200703": "64.60",
        "200704": "73.40",
        "200705": "74.85",
        "200706": "81.30",
        "200707": "82.15",
        "200708": "69.93",
        "200709": "65.04",
        "200710": "63.86",
        "200711": "45.74",
        "200712": "43.14",
        "200801": "35.99",
        "200802": "27.85",
        "200803": "28.41",
        "200804": "29.13",
        "200805": "28.02",
        "200806": "21.55",
        "200807": "14.78",
        "200808": "13.10",
        "200809": "7.38",
        "200810": "6.84",
        "200811": "6.26",
        "200812": "5.69",
        "200901": "5.22",
        "200902": "5.17",
        "200903": "6.54",
        "200904": "8.68",
        "200905": "9.32",
        "200906": "9.05",
        "200907": "8.42",
        "200908": "8.45",
        "200909": "8.38",
        "200910": "10.80",
        "200911": "15.67",
        "200912": "23.87",
        "201001": "24.46",
        "201002": "18.68",
        "201003": "20.49",
        "201004": "21.77",
        "201005": "16.80",
        "201006": "15.12",
        "201007": "17.49",
        "201008": "16.63",
        "201009": "15.70",
        "201010": "15.25",
        "201011": "12.71",
        "201012": "13.60",
        "201101": "12.92",
        "201102": "12.52",
        "201103": "12.82",
        "201104": "13.96",
        "201105": "13.07",
        "201106": "15.05",
        "201107": "18.91",
        "201108": "15.33",
        "201109": "15.10",
        "201110": "13.43",
        "201111": "10.96",
        "201112": "9.84",
        "201201": "10.25",
        "201202": "16.11",
        "201203": "17.88",
        "201204": "15.05",
        "201205": "13.68",
        "201206": "11.57",
        "201207": "12.34",
        "201208": "12.30",
        "201209": "12.02",
        "201210": "10.44",
        "201211": "8.99",
        "201212": "8.96",
        "201301": "9.49",
        "201302": "9.06",
        "201303": "8.95",
        "201304": "10.11",
        "201305": "11.33",
        "201306": "9.71",
        "201307": "9.43",
        "201308": "8.96",
        "201309": "11.98",
        "201310": "14.44",
        "201311": "21.02",
        "201312": "20.95",
        "201401": "21.61",
        "201402": "20.55",
        "201403": "18.90",
        "201404": "17.43",
        "201405": "13.80",
        "201406": "14.89",
        "201407": "16.93",
        "201408": "14.85",
        "201409": "13.53",
        "201410": "11.81",
        "201411": "12.32",
        "201412": "19.68",
        "201501": "18.12",
        "201502": "16.06",
        "201503": "16.75",
        "201504": "15.34",
        "201505": "13.01",
        "201506": "12.10",
        "201507": "11.85",
        "201508": "9.10",
        "201509": "9.15",
        "201510": "9.47",
        "201511": "9.20",
        "201512": "7.99",
        "201601": "6.70",
        "201602": "6.90",
        "201603": "8.59",
        "201604": "10.62",
        "201605": "9.64",
        "201606": "8.95",
        "201607": "9.62",
        "201608": "10.26",
        "201609": "10.12",
        "201610": "9.73",
        "201611": "7.46",
        "201612": "6.45",
        "201701": "6.77",
        "201702": "6.40",
        "201703": "6.44",
        "201704": "6.11",
        "201705": "7.55",
        "201706": "9.30",
        "201707": "9.18",
        "201708": "8.41",
        "201709": "8.56",
        "201710": "8.63",
        "201711": "7.34",
        "201712": "5.60",
        "201801": "5.46",
        "201802": "5.55",
        "201803": "6.53",
        "201804": "6.40",
        "201805": "6.02",
        "201806": "5.72",
        "201807": "5.01",
        "201808": "5.07",
        "201809": "5.20",
        "201810": "4.90",
        "201811": "4.04",
        "201812": "3.29",
        "201901": "2.81",
        "201902": "無",
        "201903": "無",
        "201904": "無",
        "201905": "無",
        "201906": "無",
        "201907": "無",
        "201908": "無",
        "201909": "無",
        "201910": "無",
        "201911": "無",
        "201912": "無",
        "202001": "無",
        "202002": "無",
        "202003": "無",
        "202004": "無",
        "202005": "無",
        "202006": "無",
        "202007": "無",
        "202008": "無",
        "202009": "無",
        "202010": "無",
        "202011": "無",
        "202012": "無",
        "202101": "無",
        "202102": "無",
        "202103": "無",
        "202104": "無",
        "202105": "無",
        "202106": "無",
        "202107": "無",
        "202108": "無",
        "202109": "無",
        "202110": "無",
        "202111": "無",
        "202112": "無",
        "202201": "無",
        "202202": "無",
        "202203": "無",
        "202204": "無",
        "202205": "無",
        "202206": "無",
        "202207": "無",
        "202208": "無",
        "202209": "無",
        "202210": "無",
        "202211": "無",
        "202212": "無",
        "202301": "無",
        "202302": "無",
        "202303": "無",
        "202304": "無",
        "202305": "無",
        "202306": "無",
        "202307": "無",
        "202308": "無",
        "202309": "無",
        "202310": "無"
    },
    "quarters": {
        "20011": {
            "year_quarter": 20011,
            "year": 2001,
            "quarter": 1,
            "eps": null,
            "eps_growth_year": null,
            "eps_4q": null,
            "eps_4q_growth_year": null,
            "roe": null,
            "roe_4q": 0,
            "gross_profit": null,
            "gross_margin": null,
            "gross_margin_4q_avg": 0,
            "net_income": null,
            "net_income_4q": null,
            "revenue": null,
            "revenue_4q": null,
            "common_shares": null,
            "book_valuer_per_share": null,
            "book_valuer_per_share_4q_avg": 0,
            "equity": null,
            "current_ratio": null,
            "debt_ratio": null,
            "inventory_turnover_ratio": null,
            "account_receivable_turnover_ratio": null,
            "reinvestment_rate": null,
            "research_to_sale_ratio": null,
            "price_fair": 0,
            "eps_avg_yearly": 0,
            "eps_latest_yearly": 0,
            "eps_growth_yearly": 0
        },
        "20012": {
            "year_quarter": 20012,
            "year": 2001,
            "quarter": 2,
            "eps": null,
            "eps_growth_year": null,
            "eps_4q": null,
            "eps_4q_growth_year": null,
            "roe": null,
            "roe_4q": 0,
            "gross_profit": null,
            "gross_margin": null,
            "gross_margin_4q_avg": 0,
            "net_income": null,
            "net_income_4q": null,
            "revenue": null,
            "revenue_4q": null,
            "common_shares": null,
            "book_valuer_per_share": null,
            "book_valuer_per_share_4q_avg": 0,
            "equity": null,
            "current_ratio": null,
            "debt_ratio": null,
            "inventory_turnover_ratio": null,
            "account_receivable_turnover_ratio": null,
            "reinvestment_rate": null,
            "research_to_sale_ratio": null,
            "price_fair": 0,
            "eps_avg_yearly": 0,
            "eps_latest_yearly": 0,
            "eps_growth_yearly": 0
        },
        "20013": {
            "year_quarter": 20013,
            "year": 2001,
            "quarter": 3,
            "eps": null,
            "eps_growth_year": null,
            "eps_4q": null,
            "eps_4q_growth_year": null,
            "roe": null,
            "roe_4q": 0,
            "gross_profit": null,
            "gross_margin": null,
            "gross_margin_4q_avg": 0,
            "net_income": null,
            "net_income_4q": null,
            "revenue": null,
            "revenue_4q": null,
            "common_shares": null,
            "book_valuer_per_share": null,
            "book_valuer_per_share_4q_avg": 0,
            "equity": null,
            "current_ratio": null,
            "debt_ratio": null,
            "inventory_turnover_ratio": null,
            "account_receivable_turnover_ratio": null,
            "reinvestment_rate": null,
            "research_to_sale_ratio": null,
            "price_fair": 0,
            "eps_avg_yearly": 0,
            "eps_latest_yearly": 0,
            "eps_growth_yearly": 0
        },
        "20014": {
            "year_quarter": 20014,
            "year": 2001,
            "quarter": 4,
            "eps": null,
            "eps_growth_year": null,
            "eps_4q": null,
            "eps_4q_growth_year": null,
            "roe": null,
            "roe_4q": 0,
            "gross_profit": null,
            "gross_margin": null,
            "gross_margin_4q_avg": 0,
            "net_income": null,
            "net_income_4q": null,
            "revenue": null,
            "revenue_4q": null,
            "common_shares": 65040,
            "book_valuer_per_share": 6.4,
            "book_valuer_per_share_4q_avg": 1.6,
            "equity": 41619,
            "current_ratio": 138.86,
            "debt_ratio": 40.42,
            "inventory_turnover_ratio": null,
            "account_receivable_turnover_ratio": null,
            "reinvestment_rate": null,
            "research_to_sale_ratio": null,
            "price_fair": 0,
            "eps_avg_yearly": 0,
            "eps_latest_yearly": 0,
            "eps_growth_yearly": 0
        },
        "20021": {
            "year_quarter": 20021,
            "year": 2002,
            "quarter": 1,
            "eps": null,
            "eps_growth_year": null,
            "eps_4q": null,
            "eps_4q_growth_year": null,
            "roe": null,
            "roe_4q": 0,
            "gross_profit": null,
            "gross_margin": null,
            "gross_margin_4q_avg": 0,
            "net_income": null,
            "net_income_4q": null,
            "revenue": null,
            "revenue_4q": null,
            "common_shares": null,
            "book_valuer_per_share": null,
            "book_valuer_per_share_4q_avg": 1.6,
            "equity": null,
            "current_ratio": null,
            "debt_ratio": null,
            "inventory_turnover_ratio": null,
            "account_receivable_turnover_ratio": null,
            "reinvestment_rate": null,
            "research_to_sale_ratio": null,
            "price_fair": 0,
            "eps_avg_yearly": 0,
            "eps_latest_yearly": 0,
            "eps_growth_yearly": 0
        },
        "20022": {
            "year_quarter": 20022,
            "year": 2002,
            "quarter": 2,
            "eps": null,
            "eps_growth_year": null,
            "eps_4q": null,
            "eps_4q_growth_year": null,
            "roe": null,
            "roe_4q": 0,
            "gross_profit": null,
            "gross_margin": null,
            "gross_margin_4q_avg": 0,
            "net_income": null,
            "net_income_4q": null,
            "revenue": null,
            "revenue_4q": null,
            "common_shares": null,
            "book_valuer_per_share": null,
            "book_valuer_per_share_4q_avg": 1.6,
            "equity": null,
            "current_ratio": null,
            "debt_ratio": null,
            "inventory_turnover_ratio": null,
            "account_receivable_turnover_ratio": null,
            "reinvestment_rate": null,
            "research_to_sale_ratio": null,
            "price_fair": 0,
            "eps_avg_yearly": 0,
            "eps_latest_yearly": 0,
            "eps_growth_yearly": 0
        },
        "20023": {
            "year_quarter": 20023,
            "year": 2002,
            "quarter": 3,
            "eps": null,
            "eps_growth_year": null,
            "eps_4q": null,
            "eps_4q_growth_year": null,
            "roe": null,
            "roe_4q": 0,
            "gross_profit": null,
            "gross_margin": null,
            "gross_margin_4q_avg": 0,
            "net_income": null,
            "net_income_4q": null,
            "revenue": null,
            "revenue_4q": null,
            "common_shares": null,
            "book_valuer_per_share": null,
            "book_valuer_per_share_4q_avg": 1.6,
            "equity": null,
            "current_ratio": null,
            "debt_ratio": null,
            "inventory_turnover_ratio": null,
            "account_receivable_turnover_ratio": null,
            "reinvestment_rate": null,
            "research_to_sale_ratio": null,
            "price_fair": 0,
            "eps_avg_yearly": 0,
            "eps_latest_yearly": 0,
            "eps_growth_yearly": 0
        },
        "20024": {
            "year_quarter": 20024,
            "year": 2002,
            "quarter": 4,
            "eps": null,
            "eps_growth_year": null,
            "eps_4q": null,
            "eps_4q_growth_year": null,
            "roe": null,
            "roe_4q": 0,
            "gross_profit": null,
            "gross_margin": null,
            "gross_margin_4q_avg": 0,
            "net_income": null,
            "net_income_4q": null,
            "revenue": null,
            "revenue_4q": null,
            "common_shares": 65040,
            "book_valuer_per_share": 6.97,
            "book_valuer_per_share_4q_avg": 1.74,
            "equity": 45313,
            "current_ratio": 138.03,
            "debt_ratio": 46.03,
            "inventory_turnover_ratio": null,
            "account_receivable_turnover_ratio": null,
            "reinvestment_rate": null,
            "research_to_sale_ratio": null,
            "price_fair": 0,
            "eps_avg_yearly": 0,
            "eps_latest_yearly": 0,
            "eps_growth_yearly": 0
        },
        "20031": {
            "year_quarter": 20031,
            "year": 2003,
            "quarter": 1,
            "eps": null,
            "eps_growth_year": null,
            "eps_4q": null,
            "eps_4q_growth_year": null,
            "roe": null,
            "roe_4q": 0,
            "gross_profit": null,
            "gross_margin": null,
            "gross_margin_4q_avg": 0,
            "net_income": null,
            "net_income_4q": null,
            "revenue": null,
            "revenue_4q": null,
            "common_shares": null,
            "book_valuer_per_share": null,
            "book_valuer_per_share_4q_avg": 1.74,
            "equity": null,
            "current_ratio": null,
            "debt_ratio": null,
            "inventory_turnover_ratio": null,
            "account_receivable_turnover_ratio": null,
            "reinvestment_rate": null,
            "research_to_sale_ratio": null,
            "price_fair": 0,
            "eps_avg_yearly": 0,
            "eps_latest_yearly": 0,
            "eps_growth_yearly": 0
        },
        "20032": {
            "year_quarter": 20032,
            "year": 2003,
            "quarter": 2,
            "eps": null,
            "eps_growth_year": null,
            "eps_4q": null,
            "eps_4q_growth_year": null,
            "roe": null,
            "roe_4q": 0,
            "gross_profit": null,
            "gross_margin": null,
            "gross_margin_4q_avg": 0,
            "net_income": null,
            "net_income_4q": null,
            "revenue": null,
            "revenue_4q": null,
            "common_shares": null,
            "book_valuer_per_share": null,
            "book_valuer_per_share_4q_avg": 1.74,
            "equity": null,
            "current_ratio": null,
            "debt_ratio": null,
            "inventory_turnover_ratio": null,
            "account_receivable_turnover_ratio": null,
            "reinvestment_rate": null,
            "research_to_sale_ratio": null,
            "price_fair": 0,
            "eps_avg_yearly": 0,
            "eps_latest_yearly": 0,
            "eps_growth_yearly": 0
        },
        "20033": {
            "year_quarter": 20033,
            "year": 2003,
            "quarter": 3,
            "eps": null,
            "eps_growth_year": null,
            "eps_4q": null,
            "eps_4q_growth_year": null,
            "roe": null,
            "roe_4q": 0,
            "gross_profit": null,
            "gross_margin": null,
            "gross_margin_4q_avg": 0,
            "net_income": null,
            "net_income_4q": null,
            "revenue": null,
            "revenue_4q": null,
            "common_shares": null,
            "book_valuer_per_share": null,
            "book_valuer_per_share_4q_avg": 1.74,
            "equity": null,
            "current_ratio": null,
            "debt_ratio": null,
            "inventory_turnover_ratio": null,
            "account_receivable_turnover_ratio": null,
            "reinvestment_rate": null,
            "research_to_sale_ratio": null,
            "price_fair": 0,
            "eps_avg_yearly": 0,
            "eps_latest_yearly": 0,
            "eps_growth_yearly": 0
        },
        "20034": {
            "year_quarter": 20034,
            "year": 2003,
            "quarter": 4,
            "eps": null,
            "eps_growth_year": null,
            "eps_4q": null,
            "eps_4q_growth_year": null,
            "roe": null,
            "roe_4q": 0,
            "gross_profit": null,
            "gross_margin": null,
            "gross_margin_4q_avg": 0,
            "net_income": null,
            "net_income_4q": null,
            "revenue": null,
            "revenue_4q": null,
            "common_shares": 65040,
            "book_valuer_per_share": 14.08,
            "book_valuer_per_share_4q_avg": 3.52,
            "equity": 91583,
            "current_ratio": 206.65,
            "debt_ratio": 44.54,
            "inventory_turnover_ratio": null,
            "account_receivable_turnover_ratio": null,
            "reinvestment_rate": null,
            "research_to_sale_ratio": null,
            "price_fair": 0,
            "eps_avg_yearly": 0,
            "eps_latest_yearly": 0,
            "eps_growth_yearly": 0
        },
        "20041": {
            "year_quarter": 20041,
            "year": 2004,
            "quarter": 1,
            "eps": null,
            "eps_growth_year": null,
            "eps_4q": null,
            "eps_4q_growth_year": null,
            "roe": null,
            "roe_4q": 0,
            "gross_profit": null,
            "gross_margin": null,
            "gross_margin_4q_avg": 0,
            "net_income": null,
            "net_income_4q": null,
            "revenue": null,
            "revenue_4q": null,
            "common_shares": null,
            "book_valuer_per_share": null,
            "book_valuer_per_share_4q_avg": 3.52,
            "equity": null,
            "current_ratio": null,
            "debt_ratio": null,
            "inventory_turnover_ratio": null,
            "account_receivable_turnover_ratio": null,
            "reinvestment_rate": null,
            "research_to_sale_ratio": null,
            "price_fair": 0,
            "eps_avg_yearly": 0,
            "eps_latest_yearly": 0,
            "eps_growth_yearly": 0
        },
        "20042": {
            "year_quarter": 20042,
            "year": 2004,
            "quarter": 2,
            "eps": null,
            "eps_growth_year": null,
            "eps_4q": null,
            "eps_4q_growth_year": null,
            "roe": null,
            "roe_4q": 0,
            "gross_profit": null,
            "gross_margin": null,
            "gross_margin_4q_avg": 0,
            "net_income": null,
            "net_income_4q": null,
            "revenue": null,
            "revenue_4q": null,
            "common_shares": null,
            "book_valuer_per_share": null,
            "book_valuer_per_share_4q_avg": 3.52,
            "equity": null,
            "current_ratio": null,
            "debt_ratio": null,
            "inventory_turnover_ratio": null,
            "account_receivable_turnover_ratio": null,
            "reinvestment_rate": null,
            "research_to_sale_ratio": null,
            "price_fair": 0,
            "eps_avg_yearly": 0,
            "eps_latest_yearly": 0,
            "eps_growth_yearly": 0
        },
        "20043": {
            "year_quarter": 20043,
            "year": 2004,
            "quarter": 3,
            "eps": 1.47,
            "eps_growth_year": null,
            "eps_4q": null,
            "eps_4q_growth_year": null,
            "roe": 11.96,
            "roe_4q": 11.96,
            "gross_profit": 49481,
            "gross_margin": 36.16,
            "gross_margin_4q_avg": 9.04,
            "net_income": 31806,
            "net_income_4q": null,
            "revenue": 136846,
            "revenue_4q": null,
            "common_shares": 168000,
            "book_valuer_per_share": 15.83,
            "book_valuer_per_share_4q_avg": 7.48,
            "equity": 265986,
            "current_ratio": 321.82,
            "debt_ratio": 28.69,
            "inventory_turnover_ratio": 0.71,
            "account_receivable_turnover_ratio": null,
            "reinvestment_rate": null,
            "research_to_sale_ratio": null,
            "price_fair": 0,
            "eps_avg_yearly": 0,
            "eps_latest_yearly": 0,
            "eps_growth_yearly": 0
        },
        "20044": {
            "year_quarter": 20044,
            "year": 2004,
            "quarter": 4,
            "eps": -0.08,
            "eps_growth_year": null,
            "eps_4q": null,
            "eps_4q_growth_year": null,
            "roe": -0.46,
            "roe_4q": 11.5,
            "gross_profit": 39644,
            "gross_margin": 25.19,
            "gross_margin_4q_avg": 15.34,
            "net_income": -1206,
            "net_income_4q": null,
            "revenue": 157399,
            "revenue_4q": null,
            "common_shares": 168000,
            "book_valuer_per_share": 15.55,
            "book_valuer_per_share_4q_avg": 7.85,
            "equity": 261309,
            "current_ratio": 248.05,
            "debt_ratio": 34.38,
            "inventory_turnover_ratio": 0.93,
            "account_receivable_turnover_ratio": null,
            "reinvestment_rate": null,
            "research_to_sale_ratio": null,
            "price_fair": 0,
            "eps_avg_yearly": 0,
            "eps_latest_yearly": 0,
            "eps_growth_yearly": 0
        },
        "20051": {
            "year_quarter": 20051,
            "year": 2005,
            "quarter": 1,
            "eps": 0.24,
            "eps_growth_year": null,
            "eps_4q": null,
            "eps_4q_growth_year": null,
            "roe": 1.54,
            "roe_4q": 13.040000000000001,
            "gross_profit": 25720,
            "gross_margin": 21.72,
            "gross_margin_4q_avg": 20.77,
            "net_income": 4072,
            "net_income_4q": null,
            "revenue": 118436,
            "revenue_4q": null,
            "common_shares": 171860,
            "book_valuer_per_share": 15.67,
            "book_valuer_per_share_4q_avg": 11.76,
            "equity": 269243,
            "current_ratio": 278.61,
            "debt_ratio": 30.18,
            "inventory_turnover_ratio": 0.7,
            "account_receivable_turnover_ratio": null,
            "reinvestment_rate": null,
            "research_to_sale_ratio": null,
            "price_fair": 0,
            "eps_avg_yearly": 0,
            "eps_latest_yearly": 0,
            "eps_growth_yearly": 0
        },
        "20052": {
            "year_quarter": 20052,
            "year": 2005,
            "quarter": 2,
            "eps": 1.36,
            "eps_growth_year": null,
            "eps_4q": 3.39,
            "eps_4q_growth_year": null,
            "roe": 8.6,
            "roe_4q": 21.64,
            "gross_profit": 51187,
            "gross_margin": 29.12,
            "gross_margin_4q_avg": 28.05,
            "net_income": 23174,
            "net_income_4q": null,
            "revenue": 175803,
            "revenue_4q": null,
            "common_shares": 171860,
            "book_valuer_per_share": 15.68,
            "book_valuer_per_share_4q_avg": 15.68,
            "equity": 269393,
            "current_ratio": 234.38,
            "debt_ratio": 36.2,
            "inventory_turnover_ratio": 0.96,
            "account_receivable_turnover_ratio": null,
            "reinvestment_rate": null,
            "research_to_sale_ratio": null,
            "price_fair": 190.4,
            "eps_avg_yearly": 5.44,
            "eps_latest_yearly": 5.44,
            "eps_growth_yearly": 1866.67
        },
        "20053": {
            "year_quarter": 20053,
            "year": 2005,
            "quarter": 3,
            "eps": 0.91,
            "eps_growth_year": -38.1,
            "eps_4q": 2.05,
            "eps_4q_growth_year": null,
            "roe": 7.42,
            "roe_4q": 17.099999999999998,
            "gross_profit": 63297,
            "gross_margin": 32.74,
            "gross_margin_4q_avg": 27.19,
            "net_income": 20765,
            "net_income_4q": null,
            "revenue": 193342,
            "revenue_4q": null,
            "common_shares": 171860,
            "book_valuer_per_share": 16.91,
            "book_valuer_per_share_4q_avg": 15.95,
            "equity": 290620,
            "current_ratio": 217.2,
            "debt_ratio": 40.52,
            "inventory_turnover_ratio": 0.92,
            "account_receivable_turnover_ratio": null,
            "reinvestment_rate": null,
            "research_to_sale_ratio": null,
            "price_fair": 158.9,
            "eps_avg_yearly": 4.54,
            "eps_latest_yearly": 3.64,
            "eps_growth_yearly": 867.16
        },
        "20054": {
            "year_quarter": 20054,
            "year": 2005,
            "quarter": 4,
            "eps": 0.52,
            "eps_growth_year": null,
            "eps_4q": 2.61,
            "eps_4q_growth_year": null,
            "roe": 3.45,
            "roe_4q": 21.009999999999998,
            "gross_profit": 60346,
            "gross_margin": 22.05,
            "gross_margin_4q_avg": 26.41,
            "net_income": 11965,
            "net_income_4q": null,
            "revenue": 273653,
            "revenue_4q": null,
            "common_shares": 255000,
            "book_valuer_per_share": 15.78,
            "book_valuer_per_share_4q_avg": 16.01,
            "equity": 402355,
            "current_ratio": 315.9,
            "debt_ratio": 28.67,
            "inventory_turnover_ratio": 1.42,
            "account_receivable_turnover_ratio": null,
            "reinvestment_rate": null,
            "research_to_sale_ratio": null,
            "price_fair": 130.2,
            "eps_avg_yearly": 3.72,
            "eps_latest_yearly": 2.08,
            "eps_growth_yearly": 520.96
        },
        "20061": {
            "year_quarter": 20061,
            "year": 2006,
            "quarter": 1,
            "eps": 0.61,
            "eps_growth_year": 154.17,
            "eps_4q": 2.79,
            "eps_4q_growth_year": null,
            "roe": 3.8,
            "roe_4q": 23.27,
            "gross_profit": 45521,
            "gross_margin": 20.74,
            "gross_margin_4q_avg": 26.16,
            "net_income": 15675,
            "net_income_4q": null,
            "revenue": 219490,
            "revenue_4q": null,
            "common_shares": 260350,
            "book_valuer_per_share": 16.27,
            "book_valuer_per_share_4q_avg": 16.16,
            "equity": 423505,
            "current_ratio": 272.87,
            "debt_ratio": 32.84,
            "inventory_turnover_ratio": 1.29,
            "account_receivable_turnover_ratio": null,
            "reinvestment_rate": null,
            "research_to_sale_ratio": null,
            "price_fair": 119,
            "eps_avg_yearly": 3.4,
            "eps_latest_yearly": 2.44,
            "eps_growth_yearly": 408.03
        },
        "20062": {
            "year_quarter": 20062,
            "year": 2006,
            "quarter": 2,
            "eps": 0.74,
            "eps_growth_year": -45.59,
            "eps_4q": 2.62,
            "eps_4q_growth_year": -22.92,
            "roe": 4.49,
            "roe_4q": 19.159999999999997,
            "gross_profit": 57305,
            "gross_margin": 22.2,
            "gross_margin_4q_avg": 24.43,
            "net_income": 19087,
            "net_income_4q": null,
            "revenue": 258145,
            "revenue_4q": null,
            "common_shares": 260350,
            "book_valuer_per_share": 16.42,
            "book_valuer_per_share_4q_avg": 16.35,
            "equity": 427524,
            "current_ratio": 225.59,
            "debt_ratio": 40.19,
            "inventory_turnover_ratio": 1.26,
            "account_receivable_turnover_ratio": null,
            "reinvestment_rate": null,
            "research_to_sale_ratio": null,
            "price_fair": 115.92,
            "eps_avg_yearly": 3.31,
            "eps_latest_yearly": 2.96,
            "eps_growth_yearly": 343.47
        },
        "20063": {
            "year_quarter": 20063,
            "year": 2006,
            "quarter": 3,
            "eps": 1.55,
            "eps_growth_year": 70.33,
            "eps_4q": 3.02,
            "eps_4q_growth_year": 47.25,
            "roe": 9.71,
            "roe_4q": 21.45,
            "gross_profit": 80543,
            "gross_margin": 21.37,
            "gross_margin_4q_avg": 21.59,
            "net_income": 49257,
            "net_income_4q": null,
            "revenue": 376941,
            "revenue_4q": null,
            "common_shares": 360000,
            "book_valuer_per_share": 16.32,
            "book_valuer_per_share_4q_avg": 16.2,
            "equity": 587531,
            "current_ratio": 221.82,
            "debt_ratio": 41.63,
            "inventory_turnover_ratio": 1.16,
            "account_receivable_turnover_ratio": null,
            "reinvestment_rate": null,
            "research_to_sale_ratio": null,
            "price_fair": 132.77,
            "eps_avg_yearly": 3.79,
            "eps_latest_yearly": 6.2,
            "eps_growth_yearly": 359.2
        },
        "20064": {
            "year_quarter": 20064,
            "year": 2006,
            "quarter": 4,
            "eps": 1.09,
            "eps_growth_year": 109.62,
            "eps_4q": 3.59,
            "eps_4q_growth_year": 37.78,
            "roe": 6.04,
            "roe_4q": 24.040000000000003,
            "gross_profit": 76701,
            "gross_margin": 15.54,
            "gross_margin_4q_avg": 19.96,
            "net_income": 36614,
            "net_income_4q": null,
            "revenue": 493439,
            "revenue_4q": null,
            "common_shares": 360000,
            "book_valuer_per_share": 17.34,
            "book_valuer_per_share_4q_avg": 16.59,
            "equity": 624320,
            "current_ratio": 241.58,
            "debt_ratio": 37.99,
            "inventory_turnover_ratio": 1.42,
            "account_receivable_turnover_ratio": null,
            "reinvestment_rate": null,
            "research_to_sale_ratio": null,
            "price_fair": 135.6,
            "eps_avg_yearly": 3.87,
            "eps_latest_yearly": 4.36,
            "eps_growth_yearly": 290.93
        },
        "20071": {
            "year_quarter": 20071,
            "year": 2007,
            "quarter": 1,
            "eps": 0.14,
            "eps_growth_year": -77.05,
            "eps_4q": 3.05,
            "eps_4q_growth_year": 9.38,
            "roe": 0.81,
            "roe_4q": 21.050000000000004,
            "gross_profit": 35001,
            "gross_margin": 14.8,
            "gross_margin_4q_avg": 18.48,
            "net_income": 5055,
            "net_income_4q": null,
            "revenue": 236466,
            "revenue_4q": null,
            "common_shares": 361260,
            "book_valuer_per_share": 17.46,
            "book_valuer_per_share_4q_avg": 16.89,
            "equity": 630730,
            "current_ratio": 292.24,
            "debt_ratio": 30.82,
            "inventory_turnover_ratio": 0.74,
            "account_receivable_turnover_ratio": null,
            "reinvestment_rate": null,
            "research_to_sale_ratio": null,
            "price_fair": 121.1,
            "eps_avg_yearly": 3.46,
            "eps_latest_yearly": 0.56,
            "eps_growth_yearly": 210.98
        },
        "20072": {
            "year_quarter": 20072,
            "year": 2007,
            "quarter": 2,
            "eps": -0.25,
            "eps_growth_year": -133.78,
            "eps_4q": 2.21,
            "eps_4q_growth_year": -15.46,
            "roe": -1.79,
            "roe_4q": 14.770000000000001,
            "gross_profit": 47173,
            "gross_margin": 18.17,
            "gross_margin_4q_avg": 17.47,
            "net_income": -11010,
            "net_income_4q": null,
            "revenue": 259670,
            "revenue_4q": null,
            "common_shares": 361260,
            "book_valuer_per_share": 16.64,
            "book_valuer_per_share_4q_avg": 16.94,
            "equity": 601238,
            "current_ratio": 282.6,
            "debt_ratio": 49.33,
            "inventory_turnover_ratio": 0.77,
            "account_receivable_turnover_ratio": null,
            "reinvestment_rate": null,
            "research_to_sale_ratio": null,
            "price_fair": 121.1,
            "eps_avg_yearly": 3.46,
            "eps_latest_yearly": 0.56,
            "eps_growth_yearly": 210.98
        },
        "20073": {
            "year_quarter": 20073,
            "year": 2007,
            "quarter": 3,
            "eps": 0.83,
            "eps_growth_year": -46.45,
            "eps_4q": 1.54,
            "eps_4q_growth_year": -48.94,
            "roe": 5.74,
            "roe_4q": 10.8,
            "gross_profit": 94629,
            "gross_margin": 23.76,
            "gross_margin_4q_avg": 18.07,
            "net_income": 35722,
            "net_income_4q": null,
            "revenue": 398233,
            "revenue_4q": null,
            "common_shares": 433529,
            "book_valuer_per_share": 14.83,
            "book_valuer_per_share_4q_avg": 16.57,
            "equity": 642794,
            "current_ratio": 292.37,
            "debt_ratio": 47.37,
            "inventory_turnover_ratio": 0.95,
            "account_receivable_turnover_ratio": null,
            "reinvestment_rate": null,
            "research_to_sale_ratio": null,
            "price_fair": 121.1,
            "eps_avg_yearly": 3.46,
            "eps_latest_yearly": 0.56,
            "eps_growth_yearly": 210.98
        },
        "20074": {
            "year_quarter": 20074,
            "year": 2007,
            "quarter": 4,
            "eps": -0.18,
            "eps_growth_year": -116.51,
            "eps_4q": 0.51,
            "eps_4q_growth_year": -85.8,
            "roe": -1.29,
            "roe_4q": 3.47,
            "gross_profit": 123566,
            "gross_margin": 20.02,
            "gross_margin_4q_avg": 19.19,
            "net_income": -7910,
            "net_income_4q": null,
            "revenue": 617313,
            "revenue_4q": null,
            "common_shares": 435149,
            "book_valuer_per_share": 13.39,
            "book_valuer_per_share_4q_avg": 15.58,
            "equity": 582849,
            "current_ratio": 262.64,
            "debt_ratio": 51.8,
            "inventory_turnover_ratio": 1.5,
            "account_receivable_turnover_ratio": null,
            "reinvestment_rate": null,
            "research_to_sale_ratio": null,
            "price_fair": 121.1,
            "eps_avg_yearly": 3.46,
            "eps_latest_yearly": 0.56,
            "eps_growth_yearly": 210.98
        },
        "20081": {
            "year_quarter": 20081,
            "year": 2008,
            "quarter": 1,
            "eps": -0.28,
            "eps_growth_year": -300,
            "eps_4q": 0.11,
            "eps_4q_growth_year": -96.3,
            "roe": -2.08,
            "roe_4q": 0.5800000000000001,
            "gross_profit": 32780,
            "gross_margin": 16.06,
            "gross_margin_4q_avg": 19.5,
            "net_income": -11981,
            "net_income_4q": null,
            "revenue": 204136,
            "revenue_4q": null,
            "common_shares": 435149,
            "book_valuer_per_share": 13.05,
            "book_valuer_per_share_4q_avg": 14.48,
            "equity": 567820,
            "current_ratio": 356.1,
            "debt_ratio": 44.36,
            "inventory_turnover_ratio": 0.61,
            "account_receivable_turnover_ratio": null,
            "reinvestment_rate": null,
            "research_to_sale_ratio": null,
            "price_fair": 121.1,
            "eps_avg_yearly": 3.46,
            "eps_latest_yearly": 0.56,
            "eps_growth_yearly": 210.98
        },
        "20082": {
            "year_quarter": 20082,
            "year": 2008,
            "quarter": 2,
            "eps": -1.27,
            "eps_growth_year": null,
            "eps_4q": -0.87,
            "eps_4q_growth_year": -139.4,
            "roe": -9.96,
            "roe_4q": -7.590000000000002,
            "gross_profit": 45415,
            "gross_margin": 17.58,
            "gross_margin_4q_avg": 19.36,
            "net_income": -53896,
            "net_income_4q": null,
            "revenue": 258339,
            "revenue_4q": null,
            "common_shares": 436719,
            "book_valuer_per_share": 11.77,
            "book_valuer_per_share_4q_avg": 13.26,
            "equity": 514231,
            "current_ratio": 282.1,
            "debt_ratio": 51.82,
            "inventory_turnover_ratio": 0.84,
            "account_receivable_turnover_ratio": null,
            "reinvestment_rate": 175.93,
            "research_to_sale_ratio": null,
            "price_fair": 121.1,
            "eps_avg_yearly": 3.46,
            "eps_latest_yearly": 0.56,
            "eps_growth_yearly": 210.98
        },
        "20083": {
            "year_quarter": 20083,
            "year": 2008,
            "quarter": 3,
            "eps": -0.19,
            "eps_growth_year": -122.89,
            "eps_4q": -1.72,
            "eps_4q_growth_year": -211.51,
            "roe": -1.71,
            "roe_4q": -15.040000000000003,
            "gross_profit": 47531,
            "gross_margin": 20.08,
            "gross_margin_4q_avg": 18.44,
            "net_income": -8735,
            "net_income_4q": null,
            "revenue": 236735,
            "revenue_4q": null,
            "common_shares": 479820,
            "book_valuer_per_share": 10.63,
            "book_valuer_per_share_4q_avg": 12.21,
            "equity": 509941,
            "current_ratio": 293.18,
            "debt_ratio": 48.23,
            "inventory_turnover_ratio": 0.87,
            "account_receivable_turnover_ratio": null,
            "reinvestment_rate": 265.93,
            "research_to_sale_ratio": null,
            "price_fair": 121.1,
            "eps_avg_yearly": 3.46,
            "eps_latest_yearly": 0.56,
            "eps_growth_yearly": 210.98
        },
        "20084": {
            "year_quarter": 20084,
            "year": 2008,
            "quarter": 4,
            "eps": -1.78,
            "eps_growth_year": null,
            "eps_4q": -3.38,
            "eps_4q_growth_year": -762.75,
            "roe": -17.93,
            "roe_4q": -31.68,
            "gross_profit": 21793,
            "gross_margin": 14.64,
            "gross_margin_4q_avg": 17.09,
            "net_income": -82917,
            "net_income_4q": null,
            "revenue": 148887,
            "revenue_4q": null,
            "common_shares": 479820,
            "book_valuer_per_share": 8.65,
            "book_valuer_per_share_4q_avg": 11.03,
            "equity": 414809,
            "current_ratio": 215.17,
            "debt_ratio": 48.35,
            "inventory_turnover_ratio": 0.7,
            "account_receivable_turnover_ratio": 4.08,
            "reinvestment_rate": 665.86,
            "research_to_sale_ratio": null,
            "price_fair": 121.1,
            "eps_avg_yearly": 3.46,
            "eps_latest_yearly": 0.56,
            "eps_growth_yearly": 210.98
        },
        "20091": {
            "year_quarter": 20091,
            "year": 2009,
            "quarter": 1,
            "eps": -0.48,
            "eps_growth_year": null,
            "eps_4q": -3.5,
            "eps_4q_growth_year": -3209.88,
            "roe": -5.63,
            "roe_4q": -35.230000000000004,
            "gross_profit": -13510,
            "gross_margin": -11.65,
            "gross_margin_4q_avg": 10.16,
            "net_income": -22573,
            "net_income_4q": null,
            "revenue": 115998,
            "revenue_4q": null,
            "common_shares": 479820,
            "book_valuer_per_share": 8.08,
            "book_valuer_per_share_4q_avg": 9.78,
            "equity": 387551,
            "current_ratio": 214.51,
            "debt_ratio": 48.42,
            "inventory_turnover_ratio": 0.91,
            "account_receivable_turnover_ratio": 1.55,
            "reinvestment_rate": 1411.46,
            "research_to_sale_ratio": null,
            "price_fair": 121.1,
            "eps_avg_yearly": 3.46,
            "eps_latest_yearly": 0.56,
            "eps_growth_yearly": 210.98
        },
        "20092": {
            "year_quarter": 20092,
            "year": 2009,
            "quarter": 2,
            "eps": -0.43,
            "eps_growth_year": null,
            "eps_4q": -2.8,
            "eps_4q_growth_year": null,
            "roe": -5.39,
            "roe_4q": -30.66,
            "gross_profit": 27927,
            "gross_margin": 24.6,
            "gross_margin_4q_avg": 11.92,
            "net_income": -20279,
            "net_income_4q": null,
            "revenue": 113519,
            "revenue_4q": null,
            "common_shares": 479820,
            "book_valuer_per_share": 7.62,
            "book_valuer_per_share_4q_avg": 8.75,
            "equity": 365492,
            "current_ratio": 159.84,
            "debt_ratio": 48.44,
            "inventory_turnover_ratio": 0.78,
            "account_receivable_turnover_ratio": 1.63,
            "reinvestment_rate": null,
            "research_to_sale_ratio": null,
            "price_fair": 9.53,
            "eps_avg_yearly": 3.18,
            "eps_latest_yearly": 0.56,
            "eps_growth_yearly": -25.54
        },
        "20093": {
            "year_quarter": 20093,
            "year": 2009,
            "quarter": 3,
            "eps": -0.15,
            "eps_growth_year": null,
            "eps_4q": -2.77,
            "eps_4q_growth_year": null,
            "roe": -1.98,
            "roe_4q": -30.93,
            "gross_profit": 38275,
            "gross_margin": 26.7,
            "gross_margin_4q_avg": 13.57,
            "net_income": -7163,
            "net_income_4q": null,
            "revenue": 143345,
            "revenue_4q": null,
            "common_shares": 479820,
            "book_valuer_per_share": 7.44,
            "book_valuer_per_share_4q_avg": 7.95,
            "equity": 357194,
            "current_ratio": 157.72,
            "debt_ratio": 48.05,
            "inventory_turnover_ratio": 1.08,
            "account_receivable_turnover_ratio": 2.32,
            "reinvestment_rate": null,
            "research_to_sale_ratio": null,
            "price_fair": 9.3,
            "eps_avg_yearly": 3.1,
            "eps_latest_yearly": 0.56,
            "eps_growth_yearly": -7.74
        },
        "20094": {
            "year_quarter": 20094,
            "year": 2009,
            "quarter": 4,
            "eps": -0.19,
            "eps_growth_year": null,
            "eps_4q": -1.24,
            "eps_4q_growth_year": null,
            "roe": -2.46,
            "roe_4q": -15.459999999999997,
            "gross_profit": 36517,
            "gross_margin": 26.96,
            "gross_margin_4q_avg": 16.65,
            "net_income": -8735,
            "net_income_4q": null,
            "revenue": 135463,
            "revenue_4q": null,
            "common_shares": 485645,
            "book_valuer_per_share": 7.49,
            "book_valuer_per_share_4q_avg": 7.66,
            "equity": 354200,
            "current_ratio": 161.89,
            "debt_ratio": 50.84,
            "inventory_turnover_ratio": 1.04,
            "account_receivable_turnover_ratio": 6.11,
            "reinvestment_rate": null,
            "research_to_sale_ratio": null,
            "price_fair": 115.63,
            "eps_avg_yearly": 3.3,
            "eps_latest_yearly": 0.56,
            "eps_growth_yearly": 25
        },
        "20101": {
            "year_quarter": 20101,
            "year": 2010,
            "quarter": 1,
            "eps": -0.21,
            "eps_growth_year": null,
            "eps_4q": -0.97,
            "eps_4q_growth_year": null,
            "roe": -2.83,
            "roe_4q": -12.66,
            "gross_profit": 39148,
            "gross_margin": 30.44,
            "gross_margin_4q_avg": 27.18,
            "net_income": -9868,
            "net_income_4q": null,
            "revenue": 128592,
            "revenue_4q": null,
            "common_shares": 485645,
            "book_valuer_per_share": 7.28,
            "book_valuer_per_share_4q_avg": 7.46,
            "equity": 344312,
            "current_ratio": 190.17,
            "debt_ratio": 45.34,
            "inventory_turnover_ratio": 0.94,
            "account_receivable_turnover_ratio": 3.13,
            "reinvestment_rate": null,
            "research_to_sale_ratio": 15.06,
            "price_fair": 84.26,
            "eps_avg_yearly": 3.52,
            "eps_latest_yearly": 0.56,
            "eps_growth_yearly": 13.94
        },
        "20102": {
            "year_quarter": 20102,
            "year": 2010,
            "quarter": 2,
            "eps": -0.4,
            "eps_growth_year": null,
            "eps_4q": -0.94,
            "eps_4q_growth_year": null,
            "roe": -5.58,
            "roe_4q": -12.850000000000001,
            "gross_profit": 27310,
            "gross_margin": 20.79,
            "gross_margin_4q_avg": 26.22,
            "net_income": -18713,
            "net_income_4q": null,
            "revenue": 131368,
            "revenue_4q": null,
            "common_shares": 485645,
            "book_valuer_per_share": 6.9,
            "book_valuer_per_share_4q_avg": 7.28,
            "equity": 326496,
            "current_ratio": 169.81,
            "debt_ratio": 47.46,
            "inventory_turnover_ratio": 1.08,
            "account_receivable_turnover_ratio": 2.89,
            "reinvestment_rate": null,
            "research_to_sale_ratio": 14.8,
            "price_fair": 11.12,
            "eps_avg_yearly": 3.71,
            "eps_latest_yearly": 0.56,
            "eps_growth_yearly": -9.83
        },
        "20103": {
            "year_quarter": 20103,
            "year": 2010,
            "quarter": 3,
            "eps": -0.34,
            "eps_growth_year": null,
            "eps_4q": -1.13,
            "eps_4q_growth_year": null,
            "roe": -5.09,
            "roe_4q": -15.96,
            "gross_profit": 36734,
            "gross_margin": 25.98,
            "gross_margin_4q_avg": 26.04,
            "net_income": -16210,
            "net_income_4q": null,
            "revenue": 141366,
            "revenue_4q": null,
            "common_shares": 485645,
            "book_valuer_per_share": 6.55,
            "book_valuer_per_share_4q_avg": 7.06,
            "equity": 309879,
            "current_ratio": 160.24,
            "debt_ratio": 48.52,
            "inventory_turnover_ratio": 0.95,
            "account_receivable_turnover_ratio": 2.37,
            "reinvestment_rate": null,
            "research_to_sale_ratio": 13.65,
            "price_fair": 7.38,
            "eps_avg_yearly": 2.46,
            "eps_latest_yearly": 0.56,
            "eps_growth_yearly": -233.67
        },
        "20104": {
            "year_quarter": 20104,
            "year": 2010,
            "quarter": 4,
            "eps": -0.56,
            "eps_growth_year": null,
            "eps_4q": -1.51,
            "eps_4q_growth_year": null,
            "roe": -8.96,
            "roe_4q": -22.46,
            "gross_profit": 20142,
            "gross_margin": 15.17,
            "gross_margin_4q_avg": 23.1,
            "net_income": -26499,
            "net_income_4q": null,
            "revenue": 132798,
            "revenue_4q": null,
            "common_shares": 485645,
            "book_valuer_per_share": 5.96,
            "book_valuer_per_share_4q_avg": 6.67,
            "equity": 281883,
            "current_ratio": 146.56,
            "debt_ratio": 49.38,
            "inventory_turnover_ratio": 1.16,
            "account_receivable_turnover_ratio": 1.99,
            "reinvestment_rate": null,
            "research_to_sale_ratio": 14.19,
            "price_fair": 1.68,
            "eps_avg_yearly": 0.56,
            "eps_latest_yearly": 0.56,
            "eps_growth_yearly": -348.62
        },
        "20111": {
            "year_quarter": 20111,
            "year": 2011,
            "quarter": 1,
            "eps": 0.02,
            "eps_growth_year": null,
            "eps_4q": -1.28,
            "eps_4q_growth_year": null,
            "roe": 0.26,
            "roe_4q": -19.37,
            "gross_profit": 34590,
            "gross_margin": 24.64,
            "gross_margin_4q_avg": 21.65,
            "net_income": 730,
            "net_income_4q": null,
            "revenue": 140402,
            "revenue_4q": null,
            "common_shares": 473205,
            "book_valuer_per_share": 5.98,
            "book_valuer_per_share_4q_avg": 6.35,
            "equity": 283089,
            "current_ratio": 141.46,
            "debt_ratio": 49.46,
            "inventory_turnover_ratio": 1.37,
            "account_receivable_turnover_ratio": 1.97,
            "reinvestment_rate": null,
            "research_to_sale_ratio": 11.29,
            "price_fair": 0,
            "eps_avg_yearly": 0,
            "eps_latest_yearly": 0,
            "eps_growth_yearly": 0
        },
        "20112": {
            "year_quarter": 20112,
            "year": 2011,
            "quarter": 2,
            "eps": -0.3,
            "eps_growth_year": null,
            "eps_4q": -1.19,
            "eps_4q_growth_year": null,
            "roe": -5.15,
            "roe_4q": -18.94,
            "gross_profit": 30352,
            "gross_margin": 19.16,
            "gross_margin_4q_avg": 21.24,
            "net_income": -14216,
            "net_income_4q": null,
            "revenue": 158419,
            "revenue_4q": null,
            "common_shares": 473205,
            "book_valuer_per_share": 5.68,
            "book_valuer_per_share_4q_avg": 6.04,
            "equity": 268723,
            "current_ratio": 132.07,
            "debt_ratio": 49.72,
            "inventory_turnover_ratio": 1.78,
            "account_receivable_turnover_ratio": 2.03,
            "reinvestment_rate": null,
            "research_to_sale_ratio": 10.77,
            "price_fair": 0,
            "eps_avg_yearly": 0,
            "eps_latest_yearly": 0,
            "eps_growth_yearly": 0
        },
        "20113": {
            "year_quarter": 20113,
            "year": 2011,
            "quarter": 3,
            "eps": 0.15,
            "eps_growth_year": null,
            "eps_4q": -0.7,
            "eps_4q_growth_year": null,
            "roe": 2.52,
            "roe_4q": -11.330000000000002,
            "gross_profit": 39130,
            "gross_margin": 21.73,
            "gross_margin_4q_avg": 20.18,
            "net_income": 6868,
            "net_income_4q": null,
            "revenue": 180106,
            "revenue_4q": null,
            "common_shares": 473205,
            "book_valuer_per_share": 5.85,
            "book_valuer_per_share_4q_avg": 5.87,
            "equity": 276941,
            "current_ratio": 134.03,
            "debt_ratio": 48.82,
            "inventory_turnover_ratio": 1.93,
            "account_receivable_turnover_ratio": 2.42,
            "reinvestment_rate": null,
            "research_to_sale_ratio": 10.07,
            "price_fair": 0,
            "eps_avg_yearly": 0,
            "eps_latest_yearly": 0,
            "eps_growth_yearly": 0
        },
        "20114": {
            "year_quarter": 20114,
            "year": 2011,
            "quarter": 4,
            "eps": 0.2,
            "eps_growth_year": null,
            "eps_4q": 0.06,
            "eps_4q_growth_year": null,
            "roe": 3.33,
            "roe_4q": 0.9599999999999993,
            "gross_profit": 52025,
            "gross_margin": 22.78,
            "gross_margin_4q_avg": 22.08,
            "net_income": 9374,
            "net_income_4q": null,
            "revenue": 228378,
            "revenue_4q": null,
            "common_shares": 473205,
            "book_valuer_per_share": 6.05,
            "book_valuer_per_share_4q_avg": 5.89,
            "equity": 286306,
            "current_ratio": 138.97,
            "debt_ratio": 47.19,
            "inventory_turnover_ratio": 2.12,
            "account_receivable_turnover_ratio": 3.26,
            "reinvestment_rate": null,
            "research_to_sale_ratio": 7.39,
            "price_fair": 28,
            "eps_avg_yearly": 0.8,
            "eps_latest_yearly": 0.8,
            "eps_growth_yearly": 133.33
        },
        "20121": {
            "year_quarter": 20121,
            "year": 2012,
            "quarter": 1,
            "eps": 0.06,
            "eps_growth_year": 200,
            "eps_4q": 0.11,
            "eps_4q_growth_year": null,
            "roe": 1.07,
            "roe_4q": 1.7699999999999996,
            "gross_profit": 40337,
            "gross_margin": 17.87,
            "gross_margin_4q_avg": 20.39,
            "net_income": 3068,
            "net_income_4q": null,
            "revenue": 225671,
            "revenue_4q": null,
            "common_shares": 473205,
            "book_valuer_per_share": 6.11,
            "book_valuer_per_share_4q_avg": 5.92,
            "equity": 289052,
            "current_ratio": 129.46,
            "debt_ratio": 50.97,
            "inventory_turnover_ratio": 1.81,
            "account_receivable_turnover_ratio": 2.92,
            "reinvestment_rate": null,
            "research_to_sale_ratio": 7.99,
            "price_fair": 1.56,
            "eps_avg_yearly": 0.52,
            "eps_latest_yearly": 0.24,
            "eps_growth_yearly": -73.33
        },
        "20122": {
            "year_quarter": 20122,
            "year": 2012,
            "quarter": 2,
            "eps": -0.3,
            "eps_growth_year": null,
            "eps_4q": 0.11,
            "eps_4q_growth_year": null,
            "roe": -5.08,
            "roe_4q": 1.8400000000000003,
            "gross_profit": 28688,
            "gross_margin": 17.82,
            "gross_margin_4q_avg": 20.05,
            "net_income": -14316,
            "net_income_4q": null,
            "revenue": 160971,
            "revenue_4q": null,
            "common_shares": 473205,
            "book_valuer_per_share": 5.81,
            "book_valuer_per_share_4q_avg": 5.96,
            "equity": 274783,
            "current_ratio": 126.38,
            "debt_ratio": 48.82,
            "inventory_turnover_ratio": 1.1,
            "account_receivable_turnover_ratio": 2.44,
            "reinvestment_rate": null,
            "research_to_sale_ratio": 11.63,
            "price_fair": 1.56,
            "eps_avg_yearly": 0.52,
            "eps_latest_yearly": 0.24,
            "eps_growth_yearly": -73.33
        },
        "20123": {
            "year_quarter": 20123,
            "year": 2012,
            "quarter": 3,
            "eps": -0.04,
            "eps_growth_year": -125.7,
            "eps_4q": -0.08,
            "eps_4q_growth_year": null,
            "roe": -0.64,
            "roe_4q": -1.3199999999999994,
            "gross_profit": 37991,
            "gross_margin": 15.16,
            "gross_margin_4q_avg": 18.41,
            "net_income": -1765,
            "net_income_4q": null,
            "revenue": 250644,
            "revenue_4q": null,
            "common_shares": 473205,
            "book_valuer_per_share": 5.77,
            "book_valuer_per_share_4q_avg": 5.94,
            "equity": 272928,
            "current_ratio": 125.75,
            "debt_ratio": 47.74,
            "inventory_turnover_ratio": 1.88,
            "account_receivable_turnover_ratio": 5.12,
            "reinvestment_rate": null,
            "research_to_sale_ratio": 6.85,
            "price_fair": 1.56,
            "eps_avg_yearly": 0.52,
            "eps_latest_yearly": 0.24,
            "eps_growth_yearly": -73.33
        },
        "20124": {
            "year_quarter": 20124,
            "year": 2012,
            "quarter": 4,
            "eps": -0.22,
            "eps_growth_year": -209.39,
            "eps_4q": -0.49,
            "eps_4q_growth_year": -944.23,
            "roe": -3.83,
            "roe_4q": -8.48,
            "gross_profit": 29996,
            "gross_margin": 13.72,
            "gross_margin_4q_avg": 16.14,
            "net_income": -10254,
            "net_income_4q": null,
            "revenue": 218583,
            "revenue_4q": null,
            "common_shares": 473205,
            "book_valuer_per_share": 5.55,
            "book_valuer_per_share_4q_avg": 5.81,
            "equity": 262675,
            "current_ratio": 122.17,
            "debt_ratio": 47.03,
            "inventory_turnover_ratio": 1.94,
            "account_receivable_turnover_ratio": 4.34,
            "reinvestment_rate": null,
            "research_to_sale_ratio": 8.79,
            "price_fair": 1.56,
            "eps_avg_yearly": 0.52,
            "eps_latest_yearly": 0.24,
            "eps_growth_yearly": -73.33
        },
        "20131": {
            "year_quarter": 20131,
            "year": 2013,
            "quarter": 1,
            "eps": -0.33,
            "eps_growth_year": -650,
            "eps_4q": -0.89,
            "eps_4q_growth_year": -923.2,
            "roe": -6.22,
            "roe_4q": -15.770000000000001,
            "gross_profit": 25301,
            "gross_margin": 14.29,
            "gross_margin_4q_avg": 15.25,
            "net_income": -15599,
            "net_income_4q": null,
            "revenue": 177021,
            "revenue_4q": null,
            "common_shares": 473205,
            "book_valuer_per_share": 5.05,
            "book_valuer_per_share_4q_avg": 5.55,
            "equity": 239084,
            "current_ratio": 111.56,
            "debt_ratio": 51.7,
            "inventory_turnover_ratio": 1.7,
            "account_receivable_turnover_ratio": 3.54,
            "reinvestment_rate": null,
            "research_to_sale_ratio": 11.23,
            "price_fair": 1.56,
            "eps_avg_yearly": 0.52,
            "eps_latest_yearly": 0.24,
            "eps_growth_yearly": -73.33
        },
        "20132": {
            "year_quarter": 20132,
            "year": 2013,
            "quarter": 2,
            "eps": 0.03,
            "eps_growth_year": null,
            "eps_4q": -0.44,
            "eps_4q_growth_year": -514.27,
            "roe": 0.51,
            "roe_4q": -10.18,
            "gross_profit": 43118,
            "gross_margin": 13.5,
            "gross_margin_4q_avg": 14.17,
            "net_income": 1464,
            "net_income_4q": null,
            "revenue": 319343,
            "revenue_4q": null,
            "common_shares": 598205,
            "book_valuer_per_share": 5.69,
            "book_valuer_per_share_4q_avg": 5.52,
            "equity": 340548,
            "current_ratio": 181.53,
            "debt_ratio": 38.57,
            "inventory_turnover_ratio": 3.09,
            "account_receivable_turnover_ratio": 4.86,
            "reinvestment_rate": null,
            "research_to_sale_ratio": 6.45,
            "price_fair": 1.56,
            "eps_avg_yearly": 0.52,
            "eps_latest_yearly": 0.24,
            "eps_growth_yearly": -73.33
        },
        "20133": {
            "year_quarter": 20133,
            "year": 2013,
            "quarter": 3,
            "eps": -0.04,
            "eps_growth_year": null,
            "eps_4q": -0.44,
            "eps_4q_growth_year": null,
            "roe": -0.66,
            "roe_4q": -10.2,
            "gross_profit": 39048,
            "gross_margin": 15.3,
            "gross_margin_4q_avg": 14.2,
            "net_income": -2225,
            "net_income_4q": null,
            "revenue": 255173,
            "revenue_4q": null,
            "common_shares": 598205,
            "book_valuer_per_share": 5.66,
            "book_valuer_per_share_4q_avg": 5.49,
            "equity": 338323,
            "current_ratio": 208.47,
            "debt_ratio": 39.4,
            "inventory_turnover_ratio": 2.23,
            "account_receivable_turnover_ratio": 2.91,
            "reinvestment_rate": null,
            "research_to_sale_ratio": 8.36,
            "price_fair": 1.56,
            "eps_avg_yearly": 0.52,
            "eps_latest_yearly": 0.24,
            "eps_growth_yearly": -73.33
        },
        "20134": {
            "year_quarter": 20134,
            "year": 2013,
            "quarter": 4,
            "eps": 0.33,
            "eps_growth_year": null,
            "eps_4q": 0.06,
            "eps_4q_growth_year": null,
            "roe": 5.61,
            "roe_4q": -0.7599999999999998,
            "gross_profit": 60533,
            "gross_margin": 16.21,
            "gross_margin_4q_avg": 14.83,
            "net_income": 19717,
            "net_income_4q": null,
            "revenue": 373371,
            "revenue_4q": null,
            "common_shares": 598205,
            "book_valuer_per_share": 6.01,
            "book_valuer_per_share_4q_avg": 5.6,
            "equity": 364417,
            "current_ratio": 199.04,
            "debt_ratio": 39.97,
            "inventory_turnover_ratio": 3.1,
            "account_receivable_turnover_ratio": 3.57,
            "reinvestment_rate": null,
            "research_to_sale_ratio": 5.4,
            "price_fair": 1.56,
            "eps_avg_yearly": 0.52,
            "eps_latest_yearly": 0.24,
            "eps_growth_yearly": -73.33
        },
        "20141": {
            "year_quarter": 20141,
            "year": 2014,
            "quarter": 1,
            "eps": -0.3,
            "eps_growth_year": null,
            "eps_4q": 0.01,
            "eps_4q_growth_year": null,
            "roe": -5.2,
            "roe_4q": 0.2600000000000001,
            "gross_profit": 28017,
            "gross_margin": 15.49,
            "gross_margin_4q_avg": 15.13,
            "net_income": -18480,
            "net_income_4q": null,
            "revenue": 180924,
            "revenue_4q": null,
            "common_shares": 598205,
            "book_valuer_per_share": 5.7,
            "book_valuer_per_share_4q_avg": 5.77,
            "equity": 345839,
            "current_ratio": 175.74,
            "debt_ratio": 41.05,
            "inventory_turnover_ratio": 1.41,
            "account_receivable_turnover_ratio": 2.29,
            "reinvestment_rate": null,
            "research_to_sale_ratio": 12.31,
            "price_fair": 1.56,
            "eps_avg_yearly": 0.52,
            "eps_latest_yearly": 0.24,
            "eps_growth_yearly": -73.33
        },
        "20142": {
            "year_quarter": 20142,
            "year": 2014,
            "quarter": 2,
            "eps": -0.12,
            "eps_growth_year": -500,
            "eps_4q": -0.13,
            "eps_4q_growth_year": null,
            "roe": -2.18,
            "roe_4q": -2.4300000000000006,
            "gross_profit": 36326,
            "gross_margin": 15.8,
            "gross_margin_4q_avg": 15.7,
            "net_income": -7460,
            "net_income_4q": null,
            "revenue": 229853,
            "revenue_4q": null,
            "common_shares": 598205,
            "book_valuer_per_share": 5.57,
            "book_valuer_per_share_4q_avg": 5.74,
            "equity": 337776,
            "current_ratio": 174.15,
            "debt_ratio": 43.67,
            "inventory_turnover_ratio": 1.5,
            "account_receivable_turnover_ratio": 3.56,
            "reinvestment_rate": null,
            "research_to_sale_ratio": 9.63,
            "price_fair": 1.56,
            "eps_avg_yearly": 0.52,
            "eps_latest_yearly": 0.24,
            "eps_growth_yearly": -73.33
        },
        "20143": {
            "year_quarter": 20143,
            "year": 2014,
            "quarter": 3,
            "eps": -0.03,
            "eps_growth_year": null,
            "eps_4q": -0.19,
            "eps_4q_growth_year": null,
            "roe": -0.33,
            "roe_4q": -2.1000000000000005,
            "gross_profit": 44268,
            "gross_margin": 18.85,
            "gross_margin_4q_avg": 16.59,
            "net_income": -1101,
            "net_income_4q": null,
            "revenue": 234786,
            "revenue_4q": null,
            "common_shares": 354587,
            "book_valuer_per_share": 9.39,
            "book_valuer_per_share_4q_avg": 6.67,
            "equity": 337440,
            "current_ratio": 187.11,
            "debt_ratio": 39.91,
            "inventory_turnover_ratio": 1.39,
            "account_receivable_turnover_ratio": 3.68,
            "reinvestment_rate": null,
            "research_to_sale_ratio": 7.76,
            "price_fair": 1.56,
            "eps_avg_yearly": 0.52,
            "eps_latest_yearly": 0.24,
            "eps_growth_yearly": -73.33
        },
        "20144": {
            "year_quarter": 20144,
            "year": 2014,
            "quarter": 4,
            "eps": -0.24,
            "eps_growth_year": -171.76,
            "eps_4q": -0.98,
            "eps_4q_growth_year": -1844.23,
            "roe": -2.53,
            "roe_4q": -10.24,
            "gross_profit": 36299,
            "gross_margin": 20.3,
            "gross_margin_4q_avg": 17.61,
            "net_income": -8442,
            "net_income_4q": null,
            "revenue": 178810,
            "revenue_4q": null,
            "common_shares": 354587,
            "book_valuer_per_share": 9.18,
            "book_valuer_per_share_4q_avg": 7.46,
            "equity": 330042,
            "current_ratio": 196.19,
            "debt_ratio": 37.2,
            "inventory_turnover_ratio": 1.21,
            "account_receivable_turnover_ratio": 4.54,
            "reinvestment_rate": null,
            "research_to_sale_ratio": 12.27,
            "price_fair": 1.56,
            "eps_avg_yearly": 0.52,
            "eps_latest_yearly": 0.24,
            "eps_growth_yearly": -73.33
        },
        "20151": {
            "year_quarter": 20151,
            "year": 2015,
            "quarter": 1,
            "eps": -0.35,
            "eps_growth_year": null,
            "eps_4q": -0.82,
            "eps_4q_growth_year": -5799.14,
            "roe": -3.91,
            "roe_4q": -8.95,
            "gross_profit": 30023,
            "gross_margin": 19.44,
            "gross_margin_4q_avg": 18.6,
            "net_income": -12639,
            "net_income_4q": null,
            "revenue": 154411,
            "revenue_4q": null,
            "common_shares": 354587,
            "book_valuer_per_share": 8.82,
            "book_valuer_per_share_4q_avg": 8.24,
            "equity": 317110,
            "current_ratio": 174.2,
            "debt_ratio": 40.46,
            "inventory_turnover_ratio": 1.09,
            "account_receivable_turnover_ratio": 4.14,
            "reinvestment_rate": null,
            "research_to_sale_ratio": 13.06,
            "price_fair": 1.56,
            "eps_avg_yearly": 0.52,
            "eps_latest_yearly": 0.24,
            "eps_growth_yearly": -73.33
        },
        "20152": {
            "year_quarter": 20152,
            "year": 2015,
            "quarter": 2,
            "eps": -0.48,
            "eps_growth_year": null,
            "eps_4q": -1.1,
            "eps_4q_growth_year": null,
            "roe": -5.5,
            "roe_4q": -12.27,
            "gross_profit": 25259,
            "gross_margin": 17.42,
            "gross_margin_4q_avg": 19,
            "net_income": -16951,
            "net_income_4q": null,
            "revenue": 144995,
            "revenue_4q": null,
            "common_shares": 354587,
            "book_valuer_per_share": 8.33,
            "book_valuer_per_share_4q_avg": 8.93,
            "equity": 299728,
            "current_ratio": 166.3,
            "debt_ratio": 40.78,
            "inventory_turnover_ratio": 0.95,
            "account_receivable_turnover_ratio": 4.32,
            "reinvestment_rate": null,
            "research_to_sale_ratio": 13.56,
            "price_fair": 1.56,
            "eps_avg_yearly": 0.52,
            "eps_latest_yearly": 0.24,
            "eps_growth_yearly": -73.33
        },
        "20153": {
            "year_quarter": 20153,
            "year": 2015,
            "quarter": 3,
            "eps": -1.47,
            "eps_growth_year": null,
            "eps_4q": -2.54,
            "eps_4q_growth_year": null,
            "roe": -21.29,
            "roe_4q": -33.23,
            "gross_profit": 20292,
            "gross_margin": 17.68,
            "gross_margin_4q_avg": 18.71,
            "net_income": -57668,
            "net_income_4q": null,
            "revenue": 114794,
            "revenue_4q": null,
            "common_shares": 354587,
            "book_valuer_per_share": 6.86,
            "book_valuer_per_share_4q_avg": 8.3,
            "equity": 242121,
            "current_ratio": 164,
            "debt_ratio": 46.7,
            "inventory_turnover_ratio": 0.73,
            "account_receivable_turnover_ratio": 3.81,
            "reinvestment_rate": null,
            "research_to_sale_ratio": 16.91,
            "price_fair": 1.56,
            "eps_avg_yearly": 0.52,
            "eps_latest_yearly": 0.24,
            "eps_growth_yearly": -73.33
        },
        "20154": {
            "year_quarter": 20154,
            "year": 2015,
            "quarter": 4,
            "eps": -0.76,
            "eps_growth_year": null,
            "eps_4q": -3.07,
            "eps_4q_growth_year": null,
            "roe": -11.85,
            "roe_4q": -42.55,
            "gross_profit": 14499,
            "gross_margin": 19.66,
            "gross_margin_4q_avg": 18.55,
            "net_income": -27090,
            "net_income_4q": null,
            "revenue": 73741,
            "revenue_4q": null,
            "common_shares": 354587,
            "book_valuer_per_share": 6.09,
            "book_valuer_per_share_4q_avg": 7.53,
            "equity": 214955,
            "current_ratio": 164.07,
            "debt_ratio": 50.15,
            "inventory_turnover_ratio": 0.45,
            "account_receivable_turnover_ratio": 3.04,
            "reinvestment_rate": null,
            "research_to_sale_ratio": 26.6,
            "price_fair": 0.72,
            "eps_avg_yearly": 0.24,
            "eps_latest_yearly": 0.24,
            "eps_growth_yearly": -280
        },
        "20161": {
            "year_quarter": 20161,
            "year": 2016,
            "quarter": 1,
            "eps": -0.72,
            "eps_growth_year": null,
            "eps_4q": -3.43,
            "eps_4q_growth_year": null,
            "roe": -12.64,
            "roe_4q": -51.28,
            "gross_profit": 10050,
            "gross_margin": 13.91,
            "gross_margin_4q_avg": 17.17,
            "net_income": -25549,
            "net_income_4q": null,
            "revenue": 72244,
            "revenue_4q": null,
            "common_shares": 354587,
            "book_valuer_per_share": 5.37,
            "book_valuer_per_share_4q_avg": 6.66,
            "equity": 189437,
            "current_ratio": 141.92,
            "debt_ratio": 53.49,
            "inventory_turnover_ratio": 0.5,
            "account_receivable_turnover_ratio": 3.46,
            "reinvestment_rate": null,
            "research_to_sale_ratio": 23.11,
            "price_fair": 0,
            "eps_avg_yearly": 0,
            "eps_latest_yearly": 0,
            "eps_growth_yearly": 0
        },
        "20162": {
            "year_quarter": 20162,
            "year": 2016,
            "quarter": 2,
            "eps": -0.25,
            "eps_growth_year": null,
            "eps_4q": -3.21,
            "eps_4q_growth_year": null,
            "roe": -4.83,
            "roe_4q": -50.61,
            "gross_profit": 22012,
            "gross_margin": 29.33,
            "gross_margin_4q_avg": 20.15,
            "net_income": -8930,
            "net_income_4q": null,
            "revenue": 75052,
            "revenue_4q": null,
            "common_shares": 354587,
            "book_valuer_per_share": 5.13,
            "book_valuer_per_share_4q_avg": 5.86,
            "equity": 180681,
            "current_ratio": 122.23,
            "debt_ratio": 60.15,
            "inventory_turnover_ratio": 0.41,
            "account_receivable_turnover_ratio": 3.09,
            "reinvestment_rate": null,
            "research_to_sale_ratio": 19.46,
            "price_fair": 0,
            "eps_avg_yearly": 0,
            "eps_latest_yearly": 0,
            "eps_growth_yearly": 0
        },
        "20163": {
            "year_quarter": 20163,
            "year": 2016,
            "quarter": 3,
            "eps": -0.25,
            "eps_growth_year": null,
            "eps_4q": -1.99,
            "eps_4q_growth_year": null,
            "roe": -5.05,
            "roe_4q": -34.37,
            "gross_profit": 22647,
            "gross_margin": 25.63,
            "gross_margin_4q_avg": 22.13,
            "net_income": -8905,
            "net_income_4q": null,
            "revenue": 88378,
            "revenue_4q": null,
            "common_shares": 354587,
            "book_valuer_per_share": 4.88,
            "book_valuer_per_share_4q_avg": 5.37,
            "equity": 171985,
            "current_ratio": 162.01,
            "debt_ratio": 60.85,
            "inventory_turnover_ratio": 0.43,
            "account_receivable_turnover_ratio": 4.98,
            "reinvestment_rate": null,
            "research_to_sale_ratio": 15.97,
            "price_fair": 0,
            "eps_avg_yearly": 0,
            "eps_latest_yearly": 0,
            "eps_growth_yearly": 0
        },
        "20164": {
            "year_quarter": 20164,
            "year": 2016,
            "quarter": 4,
            "eps": -0.7,
            "eps_growth_year": null,
            "eps_4q": -1.92,
            "eps_4q_growth_year": null,
            "roe": -15.58,
            "roe_4q": -38.1,
            "gross_profit": 8464,
            "gross_margin": 13.51,
            "gross_margin_4q_avg": 20.6,
            "net_income": -24758,
            "net_income_4q": null,
            "revenue": 62628,
            "revenue_4q": null,
            "common_shares": 354587,
            "book_valuer_per_share": 4.14,
            "book_valuer_per_share_4q_avg": 4.88,
            "equity": 145821,
            "current_ratio": 158.52,
            "debt_ratio": 62.21,
            "inventory_turnover_ratio": 0.41,
            "account_receivable_turnover_ratio": 7.93,
            "reinvestment_rate": null,
            "research_to_sale_ratio": 22.22,
            "price_fair": 0,
            "eps_avg_yearly": 0,
            "eps_latest_yearly": 0,
            "eps_growth_yearly": 0
        },
        "20171": {
            "year_quarter": 20171,
            "year": 2017,
            "quarter": 1,
            "eps": 1.71,
            "eps_growth_year": null,
            "eps_4q": 0.51,
            "eps_4q_growth_year": null,
            "roe": 34.37,
            "roe_4q": 8.909999999999998,
            "gross_profit": 801,
            "gross_margin": 2.25,
            "gross_margin_4q_avg": 17.68,
            "net_income": 60585,
            "net_income_4q": null,
            "revenue": 35678,
            "revenue_4q": null,
            "common_shares": 354587,
            "book_valuer_per_share": 5.86,
            "book_valuer_per_share_4q_avg": 5,
            "equity": 206698,
            "current_ratio": 447.7,
            "debt_ratio": 23.08,
            "inventory_turnover_ratio": 0.35,
            "account_receivable_turnover_ratio": 5.08,
            "reinvestment_rate": null,
            "research_to_sale_ratio": 34.62,
            "price_fair": 0,
            "eps_avg_yearly": 0,
            "eps_latest_yearly": 0,
            "eps_growth_yearly": 0
        },
        "20172": {
            "year_quarter": 20172,
            "year": 2017,
            "quarter": 2,
            "eps": 0,
            "eps_growth_year": null,
            "eps_4q": 0.11,
            "eps_4q_growth_year": null,
            "roe": -11.84,
            "roe_4q": 1.8999999999999977,
            "gross_profit": 4869,
            "gross_margin": 8.48,
            "gross_margin_4q_avg": 12.47,
            "net_income": -23093,
            "net_income_4q": null,
            "revenue": 57385,
            "revenue_4q": null,
            "common_shares": 354587,
            "book_valuer_per_share": 5.2,
            "book_valuer_per_share_4q_avg": 5.02,
            "equity": 183495,
            "current_ratio": 477.68,
            "debt_ratio": 21.88,
            "inventory_turnover_ratio": 0.63,
            "account_receivable_turnover_ratio": 6.46,
            "reinvestment_rate": null,
            "research_to_sale_ratio": 17.36,
            "price_fair": 0,
            "eps_avg_yearly": 0,
            "eps_latest_yearly": 0,
            "eps_growth_yearly": 0
        },
        "20173": {
            "year_quarter": 20173,
            "year": 2017,
            "quarter": 3,
            "eps": -0.66,
            "eps_growth_year": null,
            "eps_4q": -0.3,
            "eps_4q_growth_year": null,
            "roe": -13.69,
            "roe_4q": -6.740000000000004,
            "gross_profit": 6562,
            "gross_margin": 11.77,
            "gross_margin_4q_avg": 9,
            "net_income": -23512,
            "net_income_4q": null,
            "revenue": 55747,
            "revenue_4q": null,
            "common_shares": 354587,
            "book_valuer_per_share": 4.54,
            "book_valuer_per_share_4q_avg": 4.94,
            "equity": 159893,
            "current_ratio": 337.91,
            "debt_ratio": 30.42,
            "inventory_turnover_ratio": 0.7,
            "account_receivable_turnover_ratio": 3.76,
            "reinvestment_rate": null,
            "research_to_sale_ratio": 21.73,
            "price_fair": 0,
            "eps_avg_yearly": 0,
            "eps_latest_yearly": 0,
            "eps_growth_yearly": 0
        },
        "20174": {
            "year_quarter": 20174,
            "year": 2017,
            "quarter": 4,
            "eps": -0.75,
            "eps_growth_year": null,
            "eps_4q": -0.36,
            "eps_4q_growth_year": null,
            "roe": -18.28,
            "roe_4q": -9.440000000000005,
            "gross_profit": 5993,
            "gross_margin": 14.18,
            "gross_margin_4q_avg": 9.17,
            "net_income": -26750,
            "net_income_4q": null,
            "revenue": 42251,
            "revenue_4q": null,
            "common_shares": 354587,
            "book_valuer_per_share": 3.78,
            "book_valuer_per_share_4q_avg": 4.85,
            "equity": 132820,
            "current_ratio": 296,
            "debt_ratio": 34.72,
            "inventory_turnover_ratio": 0.53,
            "account_receivable_turnover_ratio": 3.12,
            "reinvestment_rate": null,
            "research_to_sale_ratio": 25.9,
            "price_fair": 0,
            "eps_avg_yearly": 0,
            "eps_latest_yearly": 0,
            "eps_growth_yearly": 0
        },
        "20181": {
            "year_quarter": 20181,
            "year": 2018,
            "quarter": 1,
            "eps": -0.54,
            "eps_growth_year": -131.58,
            "eps_4q": -2.61,
            "eps_4q_growth_year": -613.28,
            "roe": -15.52,
            "roe_4q": -59.33,
            "gross_profit": 7389,
            "gross_margin": 19.26,
            "gross_margin_4q_avg": 13.42,
            "net_income": -19116,
            "net_income_4q": null,
            "revenue": 38358,
            "revenue_4q": null,
            "common_shares": 354587,
            "book_valuer_per_share": 3.23,
            "book_valuer_per_share_4q_avg": 4.19,
            "equity": 113591,
            "current_ratio": 238.67,
            "debt_ratio": 42.79,
            "inventory_turnover_ratio": 0.43,
            "account_receivable_turnover_ratio": 2.52,
            "reinvestment_rate": null,
            "research_to_sale_ratio": 27.64,
            "price_fair": 0,
            "eps_avg_yearly": 0,
            "eps_latest_yearly": 0,
            "eps_growth_yearly": 0
        },
        "20182": {
            "year_quarter": 20182,
            "year": 2018,
            "quarter": 2,
            "eps": -0.53,
            "eps_growth_year": null,
            "eps_4q": -2.49,
            "eps_4q_growth_year": -2398.92,
            "roe": -18.19,
            "roe_4q": -65.68,
            "gross_profit": 4326,
            "gross_margin": 19.21,
            "gross_margin_4q_avg": 16.11,
            "net_income": -18946,
            "net_income_4q": null,
            "revenue": 22516,
            "revenue_4q": null,
            "common_shares": 354587,
            "book_valuer_per_share": 2.7,
            "book_valuer_per_share_4q_avg": 3.56,
            "equity": 94719,
            "current_ratio": 184.91,
            "debt_ratio": 54.71,
            "inventory_turnover_ratio": 0.25,
            "account_receivable_turnover_ratio": 0.52,
            "reinvestment_rate": null,
            "research_to_sale_ratio": 45.6,
            "price_fair": 0,
            "eps_avg_yearly": 0,
            "eps_latest_yearly": 0,
            "eps_growth_yearly": 0
        },
        "20183": {
            "year_quarter": 20183,
            "year": 2018,
            "quarter": 3,
            "eps": -0.58,
            "eps_growth_year": null,
            "eps_4q": -2.4,
            "eps_4q_growth_year": null,
            "roe": -24.16,
            "roe_4q": -76.15,
            "gross_profit": 2047,
            "gross_margin": 5.94,
            "gross_margin_4q_avg": 14.65,
            "net_income": -20442,
            "net_income_4q": null,
            "revenue": 34439,
            "revenue_4q": null,
            "common_shares": 354587,
            "book_valuer_per_share": 2.13,
            "book_valuer_per_share_4q_avg": 2.96,
            "equity": 74496,
            "current_ratio": 165.54,
            "debt_ratio": 61.06,
            "inventory_turnover_ratio": 0.47,
            "account_receivable_turnover_ratio": 0.53,
            "reinvestment_rate": null,
            "research_to_sale_ratio": 19.25,
            "price_fair": 0,
            "eps_avg_yearly": 0,
            "eps_latest_yearly": 0,
            "eps_growth_yearly": 0
        }
    },
    "months": {
        "2005-01": {
            "month": "2005-01",
            "price": "37.32",
            "revenue": 40766
        },
        "2005-02": {
            "month": "2005-02",
            "price": "37.23",
            "revenue": 34797
        },
        "2005-03": {
            "month": "2005-03",
            "price": "39.37",
            "revenue": 42873
        },
        "2005-04": {
            "month": "2005-04",
            "price": "46.27",
            "revenue": 51185
        },
        "2005-05": {
            "month": "2005-05",
            "price": "41.74",
            "revenue": 51543
        },
        "2005-06": {
            "month": "2005-06",
            "price": "46.13",
            "revenue": 73076
        },
        "2005-07": {
            "month": "2005-07",
            "price": "63.44",
            "revenue": 54589
        },
        "2005-08": {
            "month": "2005-08",
            "price": "63.25",
            "revenue": 59288
        },
        "2005-09": {
            "month": "2005-09",
            "price": "60.15",
            "revenue": 79465
        },
        "2005-10": {
            "month": "2005-10",
            "price": "47.04",
            "revenue": 82412
        },
        "2005-11": {
            "month": "2005-11",
            "price": "46.90",
            "revenue": 118860
        },
        "2005-12": {
            "month": "2005-12",
            "price": "57.79",
            "revenue": 72380
        },
        "2006-01": {
            "month": "2006-01",
            "price": "77.72",
            "revenue": 61426
        },
        "2006-02": {
            "month": "2006-02",
            "price": "64.32",
            "revenue": 70430
        },
        "2006-03": {
            "month": "2006-03",
            "price": "61.32",
            "revenue": 87879
        },
        "2006-04": {
            "month": "2006-04",
            "price": "74.56",
            "revenue": 71899
        },
        "2006-05": {
            "month": "2006-05",
            "price": "73.61",
            "revenue": 72067
        },
        "2006-06": {
            "month": "2006-06",
            "price": "58.21",
            "revenue": 113936
        },
        "2006-07": {
            "month": "2006-07",
            "price": "48.82",
            "revenue": 151679
        },
        "2006-08": {
            "month": "2006-08",
            "price": "62.44",
            "revenue": 132962
        },
        "2006-09": {
            "month": "2006-09",
            "price": "54.05",
            "revenue": 92300
        },
        "2006-10": {
            "month": "2006-10",
            "price": "56.21",
            "revenue": 162323
        },
        "2006-11": {
            "month": "2006-11",
            "price": "68.05",
            "revenue": 186242
        },
        "2006-12": {
            "month": "2006-12",
            "price": "69.39",
            "revenue": 144873
        },
        "2007-01": {
            "month": "2007-01",
            "price": "60.90",
            "revenue": 80021
        },
        "2007-02": {
            "month": "2007-02",
            "price": "63.19",
            "revenue": 82441
        },
        "2007-03": {
            "month": "2007-03",
            "price": "64.60",
            "revenue": 74003
        },
        "2007-04": {
            "month": "2007-04",
            "price": "73.40",
            "revenue": 80665
        },
        "2007-05": {
            "month": "2007-05",
            "price": "74.85",
            "revenue": 73904
        },
        "2007-06": {
            "month": "2007-06",
            "price": "81.30",
            "revenue": 105140
        },
        "2007-07": {
            "month": "2007-07",
            "price": "82.15",
            "revenue": 70912
        },
        "2007-08": {
            "month": "2007-08",
            "price": "69.93",
            "revenue": 150931
        },
        "2007-09": {
            "month": "2007-09",
            "price": "65.04",
            "revenue": 176351
        },
        "2007-10": {
            "month": "2007-10",
            "price": "63.86",
            "revenue": 193912
        },
        "2007-11": {
            "month": "2007-11",
            "price": "45.74",
            "revenue": 254691
        },
        "2007-12": {
            "month": "2007-12",
            "price": "43.14",
            "revenue": 168710
        },
        "2008-01": {
            "month": "2008-01",
            "price": "35.99",
            "revenue": 63427
        },
        "2008-02": {
            "month": "2008-02",
            "price": "27.85",
            "revenue": 70379
        },
        "2008-03": {
            "month": "2008-03",
            "price": "28.41",
            "revenue": 68211
        },
        "2008-04": {
            "month": "2008-04",
            "price": "29.13",
            "revenue": 77840
        },
        "2008-05": {
            "month": "2008-05",
            "price": "28.02",
            "revenue": 79845
        },
        "2008-06": {
            "month": "2008-06",
            "price": "21.55",
            "revenue": 101197
        },
        "2008-07": {
            "month": "2008-07",
            "price": "14.78",
            "revenue": 73423
        },
        "2008-08": {
            "month": "2008-08",
            "price": "13.10",
            "revenue": 95240
        },
        "2008-09": {
            "month": "2008-09",
            "price": "7.38",
            "revenue": 53898
        },
        "2008-10": {
            "month": "2008-10",
            "price": "6.84",
            "revenue": 80843
        },
        "2008-11": {
            "month": "2008-11",
            "price": "6.26",
            "revenue": 42451
        },
        "2008-12": {
            "month": "2008-12",
            "price": "5.69",
            "revenue": 38689
        },
        "2009-01": {
            "month": "2009-01",
            "price": "5.22",
            "revenue": 24154
        },
        "2009-02": {
            "month": "2009-02",
            "price": "5.17",
            "revenue": 36654
        },
        "2009-03": {
            "month": "2009-03",
            "price": "6.54",
            "revenue": 55190
        },
        "2009-04": {
            "month": "2009-04",
            "price": "8.68",
            "revenue": 37215
        },
        "2009-05": {
            "month": "2009-05",
            "price": "9.32",
            "revenue": 33700
        },
        "2009-06": {
            "month": "2009-06",
            "price": "9.05",
            "revenue": 42604
        },
        "2009-07": {
            "month": "2009-07",
            "price": "8.42",
            "revenue": 54153
        },
        "2009-08": {
            "month": "2009-08",
            "price": "8.45",
            "revenue": 42369
        },
        "2009-09": {
            "month": "2009-09",
            "price": "8.38",
            "revenue": 46824
        },
        "2009-10": {
            "month": "2009-10",
            "price": "10.80",
            "revenue": 41852
        },
        "2009-11": {
            "month": "2009-11",
            "price": "15.67",
            "revenue": 43295
        },
        "2009-12": {
            "month": "2009-12",
            "price": "23.87",
            "revenue": 50314
        },
        "2010-01": {
            "month": "2010-01",
            "price": "24.46",
            "revenue": 50736
        },
        "2010-02": {
            "month": "2010-02",
            "price": "18.68",
            "revenue": 38375
        },
        "2010-03": {
            "month": "2010-03",
            "price": "20.49",
            "revenue": 40592
        },
        "2010-04": {
            "month": "2010-04",
            "price": "21.77",
            "revenue": 39478
        },
        "2010-05": {
            "month": "2010-05",
            "price": "16.80",
            "revenue": 40763
        },
        "2010-06": {
            "month": "2010-06",
            "price": "15.12",
            "revenue": 49660
        },
        "2010-07": {
            "month": "2010-07",
            "price": "17.49",
            "revenue": 54538
        },
        "2010-08": {
            "month": "2010-08",
            "price": "16.63",
            "revenue": 40484
        },
        "2010-09": {
            "month": "2010-09",
            "price": "15.70",
            "revenue": 46249
        },
        "2010-10": {
            "month": "2010-10",
            "price": "15.25",
            "revenue": 49062
        },
        "2010-11": {
            "month": "2010-11",
            "price": "12.71",
            "revenue": 41959
        },
        "2010-12": {
            "month": "2010-12",
            "price": "13.60",
            "revenue": 44520
        },
        "2011-01": {
            "month": "2011-01",
            "price": "12.92",
            "revenue": 37267
        },
        "2011-02": {
            "month": "2011-02",
            "price": "12.52",
            "revenue": 37441
        },
        "2011-03": {
            "month": "2011-03",
            "price": "12.82",
            "revenue": 65404
        },
        "2011-04": {
            "month": "2011-04",
            "price": "13.96",
            "revenue": 50169
        },
        "2011-05": {
            "month": "2011-05",
            "price": "13.07",
            "revenue": 46973
        },
        "2011-06": {
            "month": "2011-06",
            "price": "15.05",
            "revenue": 62369
        },
        "2011-07": {
            "month": "2011-07",
            "price": "18.91",
            "revenue": 62632
        },
        "2011-08": {
            "month": "2011-08",
            "price": "15.33",
            "revenue": 52954
        },
        "2011-09": {
            "month": "2011-09",
            "price": "15.10",
            "revenue": 64810
        },
        "2011-10": {
            "month": "2011-10",
            "price": "13.43",
            "revenue": 58390
        },
        "2011-11": {
            "month": "2011-11",
            "price": "10.96",
            "revenue": 84090
        },
        "2011-12": {
            "month": "2011-12",
            "price": "9.84",
            "revenue": 85848
        },
        "2012-01": {
            "month": "2012-01",
            "price": "10.25",
            "revenue": 42784
        },
        "2012-02": {
            "month": "2012-02",
            "price": "16.11",
            "revenue": 76734
        },
        "2012-03": {
            "month": "2012-03",
            "price": "17.88",
            "revenue": 106146
        },
        "2012-04": {
            "month": "2012-04",
            "price": "15.05",
            "revenue": 67699
        },
        "2012-05": {
            "month": "2012-05",
            "price": "13.68",
            "revenue": 48976
        },
        "2012-06": {
            "month": "2012-06",
            "price": "11.57",
            "revenue": 44295
        },
        "2012-07": {
            "month": "2012-07",
            "price": "12.34",
            "revenue": 78790
        },
        "2012-08": {
            "month": "2012-08",
            "price": "12.30",
            "revenue": 113502
        },
        "2012-09": {
            "month": "2012-09",
            "price": "12.02",
            "revenue": 58348
        },
        "2012-10": {
            "month": "2012-10",
            "price": "10.44",
            "revenue": 82463
        },
        "2012-11": {
            "month": "2012-11",
            "price": "8.99",
            "revenue": 75092
        },
        "2012-12": {
            "month": "2012-12",
            "price": "8.96",
            "revenue": 60925
        },
        "2013-01": {
            "month": "2013-01",
            "price": "9.49",
            "revenue": 55802
        },
        "2013-02": {
            "month": "2013-02",
            "price": "9.06",
            "revenue": 45068
        },
        "2013-03": {
            "month": "2013-03",
            "price": "8.95",
            "revenue": 76151
        },
        "2013-04": {
            "month": "2013-04",
            "price": "10.11",
            "revenue": 131698
        },
        "2013-05": {
            "month": "2013-05",
            "price": "11.33",
            "revenue": 81292
        },
        "2013-06": {
            "month": "2013-06",
            "price": "9.71",
            "revenue": 106349
        },
        "2013-07": {
            "month": "2013-07",
            "price": "9.43",
            "revenue": 100681
        },
        "2013-08": {
            "month": "2013-08",
            "price": "8.96",
            "revenue": 88844
        },
        "2013-09": {
            "month": "2013-09",
            "price": "11.98",
            "revenue": 65651
        },
        "2013-10": {
            "month": "2013-10",
            "price": "14.44",
            "revenue": 118349
        },
        "2013-11": {
            "month": "2013-11",
            "price": "21.02",
            "revenue": 148644
        },
        "2013-12": {
            "month": "2013-12",
            "price": "20.95",
            "revenue": 107505
        },
        "2014-01": {
            "month": "2014-01",
            "price": "21.61",
            "revenue": 96660
        },
        "2014-02": {
            "month": "2014-02",
            "price": "20.55",
            "revenue": 10771
        },
        "2014-03": {
            "month": "2014-03",
            "price": "18.90",
            "revenue": 73506
        },
        "2014-04": {
            "month": "2014-04",
            "price": "17.43",
            "revenue": 61291
        },
        "2014-05": {
            "month": "2014-05",
            "price": "13.80",
            "revenue": 79076
        },
        "2014-06": {
            "month": "2014-06",
            "price": "14.89",
            "revenue": 89473
        },
        "2014-07": {
            "month": "2014-07",
            "price": "16.93",
            "revenue": 99769
        },
        "2014-08": {
            "month": "2014-08",
            "price": "14.85",
            "revenue": 75244
        },
        "2014-09": {
            "month": "2014-09",
            "price": "13.53",
            "revenue": 59774
        },
        "2014-10": {
            "month": "2014-10",
            "price": "11.81",
            "revenue": 68605
        },
        "2014-11": {
            "month": "2014-11",
            "price": "12.32",
            "revenue": 57022
        },
        "2014-12": {
            "month": "2014-12",
            "price": "19.68",
            "revenue": 53182
        },
        "2015-01": {
            "month": "2015-01",
            "price": "18.12",
            "revenue": 51130
        },
        "2015-02": {
            "month": "2015-02",
            "price": "16.06",
            "revenue": 36079
        },
        "2015-03": {
            "month": "2015-03",
            "price": "16.75",
            "revenue": 67203
        },
        "2015-04": {
            "month": "2015-04",
            "price": "15.34",
            "revenue": 51368
        },
        "2015-05": {
            "month": "2015-05",
            "price": "13.01",
            "revenue": 47165
        },
        "2015-06": {
            "month": "2015-06",
            "price": "12.10",
            "revenue": 46463
        },
        "2015-07": {
            "month": "2015-07",
            "price": "11.85",
            "revenue": 38916
        },
        "2015-08": {
            "month": "2015-08",
            "price": "9.10",
            "revenue": 30085
        },
        "2015-09": {
            "month": "2015-09",
            "price": "9.15",
            "revenue": 45793
        },
        "2015-10": {
            "month": "2015-10",
            "price": "9.47",
            "revenue": 25750
        },
        "2015-11": {
            "month": "2015-11",
            "price": "9.20",
            "revenue": 25257
        },
        "2015-12": {
            "month": "2015-12",
            "price": "7.99",
            "revenue": 22733
        },
        "2016-01": {
            "month": "2016-01",
            "price": "6.70",
            "revenue": 23287
        },
        "2016-02": {
            "month": "2016-02",
            "price": "6.90",
            "revenue": 18818
        },
        "2016-03": {
            "month": "2016-03",
            "price": "8.59",
            "revenue": 30140
        },
        "2016-04": {
            "month": "2016-04",
            "price": "10.62",
            "revenue": 25774
        },
        "2016-05": {
            "month": "2016-05",
            "price": "9.64",
            "revenue": 16512
        },
        "2016-06": {
            "month": "2016-06",
            "price": "8.95",
            "revenue": 32764
        },
        "2016-07": {
            "month": "2016-07",
            "price": "9.62",
            "revenue": 36984
        },
        "2016-08": {
            "month": "2016-08",
            "price": "10.26",
            "revenue": 18425
        },
        "2016-09": {
            "month": "2016-09",
            "price": "10.12",
            "revenue": 32969
        },
        "2016-10": {
            "month": "2016-10",
            "price": "9.73",
            "revenue": 30408
        },
        "2016-11": {
            "month": "2016-11",
            "price": "7.46",
            "revenue": 19987
        },
        "2016-12": {
            "month": "2016-12",
            "price": "6.45",
            "revenue": 12233
        },
        "2017-01": {
            "month": "2017-01",
            "price": "6.77",
            "revenue": 10022
        },
        "2017-02": {
            "month": "2017-02",
            "price": "6.40",
            "revenue": 9068
        },
        "2017-03": {
            "month": "2017-03",
            "price": "6.44",
            "revenue": 16587
        },
        "2017-04": {
            "month": "2017-04",
            "price": "6.11",
            "revenue": 23695
        },
        "2017-05": {
            "month": "2017-05",
            "price": "7.55",
            "revenue": 18219
        },
        "2017-06": {
            "month": "2017-06",
            "price": "9.30",
            "revenue": 15471
        },
        "2017-07": {
            "month": "2017-07",
            "price": "9.18",
            "revenue": 25283
        },
        "2017-08": {
            "month": "2017-08",
            "price": "8.41",
            "revenue": 8043
        },
        "2017-09": {
            "month": "2017-09",
            "price": "8.56",
            "revenue": 22430
        },
        "2017-10": {
            "month": "2017-10",
            "price": "8.63",
            "revenue": 19419
        },
        "2017-11": {
            "month": "2017-11",
            "price": "7.34",
            "revenue": 13835
        },
        "2017-12": {
            "month": "2017-12",
            "price": "5.60",
            "revenue": 8498
        },
        "2018-01": {
            "month": "2018-01",
            "price": "5.46",
            "revenue": 13409
        },
        "2018-02": {
            "month": "2018-02",
            "price": "5.55",
            "revenue": 14338
        },
        "2018-03": {
            "month": "2018-03",
            "price": "6.53",
            "revenue": 10610
        },
        "2018-04": {
            "month": "2018-04",
            "price": "6.40",
            "revenue": 6778
        },
        "2018-05": {
            "month": "2018-05",
            "price": "6.02",
            "revenue": 11142
        },
        "2018-06": {
            "month": "2018-06",
            "price": "5.72",
            "revenue": 4567
        },
        "2018-07": {
            "month": "2018-07",
            "price": "5.01",
            "revenue": 8826
        },
        "2018-08": {
            "month": "2018-08",
            "price": "5.07",
            "revenue": 10402
        },
        "2018-09": {
            "month": "2018-09",
            "price": "5.20",
            "revenue": 16298
        },
        "2018-10": {
            "month": "2018-10",
            "price": "4.90",
            "revenue": 9027
        },
        "2018-11": {
            "month": "2018-11",
            "price": "4.04",
            "revenue": 10151
        },
        "2018-12": {
            "month": "2018-12",
            "price": "3.29",
            "revenue": 4598
        },
        "2019-01": {
            "month": "2019-01",
            "price": "2.81",
            "revenue": 3304
        }
    }
}
