{
    "summary": {
        "stock_name": "台端",
        "stock_id": "3432",
        "category": "電子零組件",
        "main_business": "連接器",
        "website_url": "http://www.taitwun.com.tw",
        "ceo": "林樂賢",
        "pe_ratio": -1,
        "report_year_from": 2004,
        "report_year_to": 2023,
        "age": 19,
        "eps_negative_percentage": 40,
        "eps_growth_avg": {
            "last_all": -56.91,
            "last_2y": -18.51,
            "last_4y": -34.76,
            "last_8y": -49.62,
            "last_12y": -56.91,
            "last_16y": null,
            "last_20y": null,
            "at_2006_last_3y": null,
            "at_2007_last_3y": null,
            "at_2008_last_3y": null,
            "at_2009_last_3y": null,
            "at_2010_last_3y": null,
            "at_2011_last_3y": null,
            "at_2012_last_3y": null,
            "at_2013_last_3y": -82.41,
            "at_2014_last_3y": -100,
            "at_2015_last_3y": -73.02,
            "at_2016_last_3y": -54.15,
            "at_2017_last_3y": -69.44,
            "at_2018_last_3y": -69.44,
            "at_2019_last_3y": -72.94,
            "at_2020_last_3y": -70.84,
            "at_2021_last_3y": -13.02,
            "at_2022_last_3y": -34.76,
            "at_2023_last_3y": -34.76,
            "at_2006_last_all": null,
            "at_2007_last_all": null,
            "at_2008_last_all": null,
            "at_2009_last_all": null,
            "at_2010_last_all": null,
            "at_2011_last_all": -82.41,
            "at_2012_last_all": -82.41,
            "at_2013_last_all": -82.41,
            "at_2014_last_all": -82.41,
            "at_2015_last_all": -79.28,
            "at_2016_last_all": -68.28,
            "at_2017_last_all": -74.62,
            "at_2018_last_all": -74.62,
            "at_2019_last_all": -76.11,
            "at_2020_last_all": -69.38,
            "at_2021_last_all": -51.52,
            "at_2022_last_all": -56.91,
            "at_2023_last_all": -56.91
        },
        "latest_eps": -18.85,
        "latest_price": 11.4,
        "latest_roe": -118.43,
        "latest_gross_margin": 30.63,
        "latest_equity": 439767,
        "latest_revenue": 4920,
        "latest_gross_profit": 1507,
        "latest_net_income": -4584,
        "latest_debt_ratio": 5.93,
        "latest_current_ratio": 730.37,
        "latest_account_receivable_turnover_ratio": 1.05,
        "latest_inventory_turnover_ratio": 10.92,
        "latest_reinvestment_rate": null,
        "latest_research_to_sale_ratio": 9.23
    },
    "eps_dividends": {
        "2001": {
            "cash": 0,
            "stock": 0,
            "eps": 0
        },
        "2002": {
            "cash": 0,
            "stock": 0,
            "eps": 0
        },
        "2003": {
            "cash": 0,
            "stock": 0,
            "eps": 0
        },
        "2004": {
            "cash": 0,
            "stock": 0,
            "eps": 0
        },
        "2005": {
            "cash": 0,
            "stock": 0,
            "eps": 0
        },
        "2006": {
            "cash": 0.48,
            "stock": 0.52,
            "eps": 0
        },
        "2007": {
            "cash": 0.48,
            "stock": 0.52,
            "eps": 0
        },
        "2008": {
            "cash": 0.3,
            "stock": 0.3,
            "eps": 0
        },
        "2009": {
            "cash": 0.52,
            "stock": 0,
            "eps": 2.16
        },
        "2010": {
            "cash": 0.12,
            "stock": 0.48,
            "eps": 0.76
        },
        "2011": {
            "cash": 0.5,
            "stock": 0,
            "eps": -2.18
        },
        "2012": {
            "cash": 0,
            "stock": 0,
            "eps": -2.21
        },
        "2013": {
            "cash": 0,
            "stock": 0,
            "eps": -0.84
        },
        "2014": {
            "cash": 0,
            "stock": 0,
            "eps": 0.63
        },
        "2015": {
            "cash": 0.5,
            "stock": 0,
            "eps": 0.17
        },
        "2016": {
            "cash": 0.2,
            "stock": 0,
            "eps": 0.11
        },
        "2017": {
            "cash": 0.1,
            "stock": 0,
            "eps": -0.34
        },
        "2018": {
            "cash": 2,
            "stock": 0,
            "eps": 4.19
        },
        "2019": {
            "cash": 0.5,
            "stock": 0,
            "eps": 0.69
        },
        "2020": {
            "cash": 0.3,
            "stock": 0,
            "eps": 0.49
        },
        "2021": {
            "cash": 0.25,
            "stock": 0,
            "eps": 0.85
        },
        "2022": {
            "cash": 0.5,
            "stock": 0,
            "eps": -17.57
        },
        "2023": {
            "cash": 0,
            "stock": 0,
            "eps": -0.1
        }
    },
    "dividends": {
        "2006-04-13": {
            "cash": 0.48,
            "stock": 0.52
        },
        "2007-04-11": {
            "cash": 0.48,
            "stock": 0.52
        },
        "2008-04-21": {
            "cash": 0.3,
            "stock": 0.3
        },
        "2009-04-10": {
            "cash": 0.52,
            "stock": 0
        },
        "2010-03-31": {
            "cash": 0.12,
            "stock": 0.48
        },
        "2011-03-29": {
            "cash": 0.5,
            "stock": 0
        },
        "2015-10-27": {
            "cash": 0.5,
            "stock": 0
        },
        "2016-09-30": {
            "cash": 0.2,
            "stock": 0
        },
        "2017-09-26": {
            "cash": 0.1,
            "stock": 0
        },
        "2018-08-21": {
            "cash": 2,
            "stock": 0
        },
        "2019-10-18": {
            "cash": 0.5,
            "stock": 0
        },
        "2020-10-28": {
            "cash": 0.3,
            "stock": 0
        },
        "2021-11-05": {
            "cash": 0.25,
            "stock": 0
        },
        "2022-08-30": {
            "cash": 0.5,
            "stock": 0
        }
    },
    "prices": {
        "200101": "無",
        "200102": "無",
        "200103": "無",
        "200104": "無",
        "200105": "無",
        "200106": "無",
        "200107": "無",
        "200108": "無",
        "200109": "無",
        "200110": "無",
        "200111": "無",
        "200112": "無",
        "200201": "無",
        "200202": "無",
        "200203": "無",
        "200204": "無",
        "200205": "無",
        "200206": "無",
        "200207": "無",
        "200208": "無",
        "200209": "無",
        "200210": "無",
        "200211": "無",
        "200212": "無",
        "200301": "無",
        "200302": "無",
        "200303": "無",
        "200304": "無",
        "200305": "無",
        "200306": "無",
        "200307": "無",
        "200308": "無",
        "200309": "無",
        "200310": "無",
        "200311": "無",
        "200312": "無",
        "200401": "無",
        "200402": "無",
        "200403": "無",
        "200404": "無",
        "200405": "無",
        "200406": "無",
        "200407": "無",
        "200408": "無",
        "200409": "無",
        "200410": "無",
        "200411": "無",
        "200412": "無",
        "200501": "無",
        "200502": "無",
        "200503": "無",
        "200504": "無",
        "200505": "無",
        "200506": "無",
        "200507": "無",
        "200508": "無",
        "200509": "無",
        "200510": "無",
        "200511": "無",
        "200512": "無",
        "200601": "無",
        "200602": "無",
        "200603": "無",
        "200604": "無",
        "200605": "無",
        "200606": "無",
        "200607": "無",
        "200608": "無",
        "200609": "無",
        "200610": "無",
        "200611": "無",
        "200612": "無",
        "200701": "無",
        "200702": "無",
        "200703": "無",
        "200704": "無",
        "200705": "無",
        "200706": "無",
        "200707": "無",
        "200708": "無",
        "200709": "無",
        "200710": "無",
        "200711": "無",
        "200712": "無",
        "200801": "無",
        "200802": "無",
        "200803": "無",
        "200804": "無",
        "200805": "無",
        "200806": "無",
        "200807": "無",
        "200808": "無",
        "200809": "無",
        "200810": "無",
        "200811": "無",
        "200812": "無",
        "200901": "無",
        "200902": "無",
        "200903": "無",
        "200904": "無",
        "200905": "無",
        "200906": "無",
        "200907": "無",
        "200908": "無",
        "200909": "無",
        "200910": "無",
        "200911": "無",
        "200912": "43.27",
        "201001": "43.73",
        "201002": "33.25",
        "201003": "32.24",
        "201004": "33.79",
        "201005": "32.30",
        "201006": "30.18",
        "201007": "28.01",
        "201008": "29.22",
        "201009": "33.83",
        "201010": "33.52",
        "201011": "30.61",
        "201012": "33.22",
        "201101": "41.66",
        "201102": "39.90",
        "201103": "38.89",
        "201104": "32.47",
        "201105": "24.35",
        "201106": "20.36",
        "201107": "16.55",
        "201108": "12.85",
        "201109": "12.37",
        "201110": "13.32",
        "201111": "11.80",
        "201112": "10.27",
        "201201": "10.55",
        "201202": "13.70",
        "201203": "13.02",
        "201204": "10.88",
        "201205": "9.96",
        "201206": "9.15",
        "201207": "9.08",
        "201208": "9.20",
        "201209": "10.76",
        "201210": "10.67",
        "201211": "9.21",
        "201212": "9.88",
        "201301": "10.39",
        "201302": "10.45",
        "201303": "12.47",
        "201304": "13.20",
        "201305": "13.99",
        "201306": "12.36",
        "201307": "11.81",
        "201308": "11.80",
        "201309": "11.34",
        "201310": "11.81",
        "201311": "11.05",
        "201312": "13.35",
        "201401": "16.64",
        "201402": "17.52",
        "201403": "17.17",
        "201404": "15.22",
        "201405": "14.62",
        "201406": "15.42",
        "201407": "15.66",
        "201408": "15.92",
        "201409": "18.74",
        "201410": "24.11",
        "201411": "21.15",
        "201412": "26.51",
        "201501": "25.98",
        "201502": "24.64",
        "201503": "24.65",
        "201504": "21.73",
        "201505": "17.14",
        "201506": "15.21",
        "201507": "14.74",
        "201508": "11.83",
        "201509": "12.56",
        "201510": "13.48",
        "201511": "13.59",
        "201512": "13.52",
        "201601": "11.67",
        "201602": "11.67",
        "201603": "12.33",
        "201604": "11.30",
        "201605": "10.43",
        "201606": "10.73",
        "201607": "11.74",
        "201608": "11.31",
        "201609": "11.88",
        "201610": "12.77",
        "201611": "12.38",
        "201612": "12.31",
        "201701": "11.92",
        "201702": "11.71",
        "201703": "12.81",
        "201704": "12.18",
        "201705": "11.72",
        "201706": "13.40",
        "201707": "13.63",
        "201708": "12.78",
        "201709": "13.15",
        "201710": "12.88",
        "201711": "12.38",
        "201712": "11.07",
        "201801": "11.74",
        "201802": "11.10",
        "201803": "12.63",
        "201804": "14.73",
        "201805": "14.37",
        "201806": "15.63",
        "201807": "17.48",
        "201808": "15.97",
        "201809": "15.68",
        "201810": "14.03",
        "201811": "14.00",
        "201812": "15.08",
        "201901": "14.98",
        "201902": "15.85",
        "201903": "15.80",
        "201904": "15.34",
        "201905": "14.96",
        "201906": "14.12",
        "201907": "14.17",
        "201908": "14.01",
        "201909": "14.08",
        "201910": "13.08",
        "201911": "12.97",
        "201912": "13.13",
        "202001": "12.88",
        "202002": "12.08",
        "202003": "10.05",
        "202004": "9.95",
        "202005": "11.20",
        "202006": "12.16",
        "202007": "12.77",
        "202008": "12.68",
        "202009": "12.84",
        "202010": "13.09",
        "202011": "12.74",
        "202012": "13.19",
        "202101": "13.31",
        "202102": "13.02",
        "202103": "13.39",
        "202104": "14.81",
        "202105": "13.29",
        "202106": "13.07",
        "202107": "14.23",
        "202108": "13.39",
        "202109": "13.07",
        "202110": "12.62",
        "202111": "14.74",
        "202112": "14.76",
        "202201": "14.55",
        "202202": "14.32",
        "202203": "14.20",
        "202204": "13.74",
        "202205": "13.80",
        "202206": "13.77",
        "202207": "13.91",
        "202208": "22.17",
        "202209": "21.85",
        "202210": "18.33",
        "202211": "21.36",
        "202212": "20.01",
        "202301": "18.89",
        "202302": "18.96",
        "202303": "19.95",
        "202304": "14.22",
        "202305": "12.95",
        "202306": "12.16",
        "202307": "11.81",
        "202308": "11.20",
        "202309": "11.75",
        "202310": "11.03"
    },
    "quarters": {
        "20011": {
            "year_quarter": 20011,
            "year": 2001,
            "quarter": 1,
            "eps": null,
            "eps_growth_year": null,
            "eps_4q": null,
            "eps_4q_growth_year": null,
            "roe": null,
            "roe_4q": 0,
            "gross_profit": null,
            "gross_margin": null,
            "gross_margin_4q_avg": 0,
            "net_income": null,
            "net_income_4q": null,
            "revenue": null,
            "revenue_4q": null,
            "common_shares": null,
            "book_valuer_per_share": null,
            "book_valuer_per_share_4q_avg": 0,
            "equity": null,
            "current_ratio": null,
            "debt_ratio": null,
            "inventory_turnover_ratio": null,
            "account_receivable_turnover_ratio": null,
            "reinvestment_rate": null,
            "research_to_sale_ratio": null,
            "price_fair": 0,
            "eps_avg_yearly": 0,
            "eps_latest_yearly": 0,
            "eps_growth_yearly": 0
        },
        "20012": {
            "year_quarter": 20012,
            "year": 2001,
            "quarter": 2,
            "eps": null,
            "eps_growth_year": null,
            "eps_4q": null,
            "eps_4q_growth_year": null,
            "roe": null,
            "roe_4q": 0,
            "gross_profit": null,
            "gross_margin": null,
            "gross_margin_4q_avg": 0,
            "net_income": null,
            "net_income_4q": null,
            "revenue": null,
            "revenue_4q": null,
            "common_shares": null,
            "book_valuer_per_share": null,
            "book_valuer_per_share_4q_avg": 0,
            "equity": null,
            "current_ratio": null,
            "debt_ratio": null,
            "inventory_turnover_ratio": null,
            "account_receivable_turnover_ratio": null,
            "reinvestment_rate": null,
            "research_to_sale_ratio": null,
            "price_fair": 0,
            "eps_avg_yearly": 0,
            "eps_latest_yearly": 0,
            "eps_growth_yearly": 0
        },
        "20013": {
            "year_quarter": 20013,
            "year": 2001,
            "quarter": 3,
            "eps": null,
            "eps_growth_year": null,
            "eps_4q": null,
            "eps_4q_growth_year": null,
            "roe": null,
            "roe_4q": 0,
            "gross_profit": null,
            "gross_margin": null,
            "gross_margin_4q_avg": 0,
            "net_income": null,
            "net_income_4q": null,
            "revenue": null,
            "revenue_4q": null,
            "common_shares": null,
            "book_valuer_per_share": null,
            "book_valuer_per_share_4q_avg": 0,
            "equity": null,
            "current_ratio": null,
            "debt_ratio": null,
            "inventory_turnover_ratio": null,
            "account_receivable_turnover_ratio": null,
            "reinvestment_rate": null,
            "research_to_sale_ratio": null,
            "price_fair": 0,
            "eps_avg_yearly": 0,
            "eps_latest_yearly": 0,
            "eps_growth_yearly": 0
        },
        "20014": {
            "year_quarter": 20014,
            "year": 2001,
            "quarter": 4,
            "eps": null,
            "eps_growth_year": null,
            "eps_4q": null,
            "eps_4q_growth_year": null,
            "roe": null,
            "roe_4q": 0,
            "gross_profit": null,
            "gross_margin": null,
            "gross_margin_4q_avg": 0,
            "net_income": null,
            "net_income_4q": null,
            "revenue": null,
            "revenue_4q": null,
            "common_shares": 190000,
            "book_valuer_per_share": 11.32,
            "book_valuer_per_share_4q_avg": 2.83,
            "equity": 215065,
            "current_ratio": 501.94,
            "debt_ratio": 9.96,
            "inventory_turnover_ratio": null,
            "account_receivable_turnover_ratio": null,
            "reinvestment_rate": null,
            "research_to_sale_ratio": null,
            "price_fair": 0,
            "eps_avg_yearly": 0,
            "eps_latest_yearly": 0,
            "eps_growth_yearly": 0
        },
        "20021": {
            "year_quarter": 20021,
            "year": 2002,
            "quarter": 1,
            "eps": null,
            "eps_growth_year": null,
            "eps_4q": null,
            "eps_4q_growth_year": null,
            "roe": null,
            "roe_4q": 0,
            "gross_profit": null,
            "gross_margin": null,
            "gross_margin_4q_avg": 0,
            "net_income": null,
            "net_income_4q": null,
            "revenue": null,
            "revenue_4q": null,
            "common_shares": null,
            "book_valuer_per_share": null,
            "book_valuer_per_share_4q_avg": 2.83,
            "equity": null,
            "current_ratio": null,
            "debt_ratio": null,
            "inventory_turnover_ratio": null,
            "account_receivable_turnover_ratio": null,
            "reinvestment_rate": null,
            "research_to_sale_ratio": null,
            "price_fair": 0,
            "eps_avg_yearly": 0,
            "eps_latest_yearly": 0,
            "eps_growth_yearly": 0
        },
        "20022": {
            "year_quarter": 20022,
            "year": 2002,
            "quarter": 2,
            "eps": null,
            "eps_growth_year": null,
            "eps_4q": null,
            "eps_4q_growth_year": null,
            "roe": null,
            "roe_4q": 0,
            "gross_profit": null,
            "gross_margin": null,
            "gross_margin_4q_avg": 0,
            "net_income": null,
            "net_income_4q": null,
            "revenue": null,
            "revenue_4q": null,
            "common_shares": null,
            "book_valuer_per_share": null,
            "book_valuer_per_share_4q_avg": 2.83,
            "equity": null,
            "current_ratio": null,
            "debt_ratio": null,
            "inventory_turnover_ratio": null,
            "account_receivable_turnover_ratio": null,
            "reinvestment_rate": null,
            "research_to_sale_ratio": null,
            "price_fair": 0,
            "eps_avg_yearly": 0,
            "eps_latest_yearly": 0,
            "eps_growth_yearly": 0
        },
        "20023": {
            "year_quarter": 20023,
            "year": 2002,
            "quarter": 3,
            "eps": null,
            "eps_growth_year": null,
            "eps_4q": null,
            "eps_4q_growth_year": null,
            "roe": null,
            "roe_4q": 0,
            "gross_profit": null,
            "gross_margin": null,
            "gross_margin_4q_avg": 0,
            "net_income": null,
            "net_income_4q": null,
            "revenue": null,
            "revenue_4q": null,
            "common_shares": null,
            "book_valuer_per_share": null,
            "book_valuer_per_share_4q_avg": 2.83,
            "equity": null,
            "current_ratio": null,
            "debt_ratio": null,
            "inventory_turnover_ratio": null,
            "account_receivable_turnover_ratio": null,
            "reinvestment_rate": null,
            "research_to_sale_ratio": null,
            "price_fair": 0,
            "eps_avg_yearly": 0,
            "eps_latest_yearly": 0,
            "eps_growth_yearly": 0
        },
        "20024": {
            "year_quarter": 20024,
            "year": 2002,
            "quarter": 4,
            "eps": null,
            "eps_growth_year": null,
            "eps_4q": null,
            "eps_4q_growth_year": null,
            "roe": null,
            "roe_4q": 0,
            "gross_profit": null,
            "gross_margin": null,
            "gross_margin_4q_avg": 0,
            "net_income": null,
            "net_income_4q": null,
            "revenue": null,
            "revenue_4q": null,
            "common_shares": 190000,
            "book_valuer_per_share": 12.78,
            "book_valuer_per_share_4q_avg": 3.2,
            "equity": 242743,
            "current_ratio": 230.76,
            "debt_ratio": 56.53,
            "inventory_turnover_ratio": null,
            "account_receivable_turnover_ratio": null,
            "reinvestment_rate": null,
            "research_to_sale_ratio": null,
            "price_fair": 0,
            "eps_avg_yearly": 0,
            "eps_latest_yearly": 0,
            "eps_growth_yearly": 0
        },
        "20031": {
            "year_quarter": 20031,
            "year": 2003,
            "quarter": 1,
            "eps": null,
            "eps_growth_year": null,
            "eps_4q": null,
            "eps_4q_growth_year": null,
            "roe": null,
            "roe_4q": 0,
            "gross_profit": null,
            "gross_margin": null,
            "gross_margin_4q_avg": 0,
            "net_income": null,
            "net_income_4q": null,
            "revenue": null,
            "revenue_4q": null,
            "common_shares": null,
            "book_valuer_per_share": null,
            "book_valuer_per_share_4q_avg": 3.2,
            "equity": null,
            "current_ratio": null,
            "debt_ratio": null,
            "inventory_turnover_ratio": null,
            "account_receivable_turnover_ratio": null,
            "reinvestment_rate": null,
            "research_to_sale_ratio": null,
            "price_fair": 0,
            "eps_avg_yearly": 0,
            "eps_latest_yearly": 0,
            "eps_growth_yearly": 0
        },
        "20032": {
            "year_quarter": 20032,
            "year": 2003,
            "quarter": 2,
            "eps": null,
            "eps_growth_year": null,
            "eps_4q": null,
            "eps_4q_growth_year": null,
            "roe": null,
            "roe_4q": 0,
            "gross_profit": null,
            "gross_margin": null,
            "gross_margin_4q_avg": 0,
            "net_income": null,
            "net_income_4q": null,
            "revenue": null,
            "revenue_4q": null,
            "common_shares": null,
            "book_valuer_per_share": null,
            "book_valuer_per_share_4q_avg": 3.2,
            "equity": null,
            "current_ratio": null,
            "debt_ratio": null,
            "inventory_turnover_ratio": null,
            "account_receivable_turnover_ratio": null,
            "reinvestment_rate": null,
            "research_to_sale_ratio": null,
            "price_fair": 0,
            "eps_avg_yearly": 0,
            "eps_latest_yearly": 0,
            "eps_growth_yearly": 0
        },
        "20033": {
            "year_quarter": 20033,
            "year": 2003,
            "quarter": 3,
            "eps": null,
            "eps_growth_year": null,
            "eps_4q": null,
            "eps_4q_growth_year": null,
            "roe": null,
            "roe_4q": 0,
            "gross_profit": null,
            "gross_margin": null,
            "gross_margin_4q_avg": 0,
            "net_income": null,
            "net_income_4q": null,
            "revenue": null,
            "revenue_4q": null,
            "common_shares": null,
            "book_valuer_per_share": null,
            "book_valuer_per_share_4q_avg": 3.2,
            "equity": null,
            "current_ratio": null,
            "debt_ratio": null,
            "inventory_turnover_ratio": null,
            "account_receivable_turnover_ratio": null,
            "reinvestment_rate": null,
            "research_to_sale_ratio": null,
            "price_fair": 0,
            "eps_avg_yearly": 0,
            "eps_latest_yearly": 0,
            "eps_growth_yearly": 0
        },
        "20034": {
            "year_quarter": 20034,
            "year": 2003,
            "quarter": 4,
            "eps": null,
            "eps_growth_year": null,
            "eps_4q": null,
            "eps_4q_growth_year": null,
            "roe": null,
            "roe_4q": 0,
            "gross_profit": null,
            "gross_margin": null,
            "gross_margin_4q_avg": 0,
            "net_income": null,
            "net_income_4q": null,
            "revenue": null,
            "revenue_4q": null,
            "common_shares": 350000,
            "book_valuer_per_share": 16.69,
            "book_valuer_per_share_4q_avg": 4.17,
            "equity": 584141,
            "current_ratio": 232.11,
            "debt_ratio": 52.07,
            "inventory_turnover_ratio": null,
            "account_receivable_turnover_ratio": null,
            "reinvestment_rate": null,
            "research_to_sale_ratio": null,
            "price_fair": 0,
            "eps_avg_yearly": 0,
            "eps_latest_yearly": 0,
            "eps_growth_yearly": 0
        },
        "20041": {
            "year_quarter": 20041,
            "year": 2004,
            "quarter": 1,
            "eps": null,
            "eps_growth_year": null,
            "eps_4q": null,
            "eps_4q_growth_year": null,
            "roe": null,
            "roe_4q": 0,
            "gross_profit": null,
            "gross_margin": null,
            "gross_margin_4q_avg": 0,
            "net_income": null,
            "net_income_4q": null,
            "revenue": null,
            "revenue_4q": null,
            "common_shares": null,
            "book_valuer_per_share": null,
            "book_valuer_per_share_4q_avg": 4.17,
            "equity": null,
            "current_ratio": null,
            "debt_ratio": null,
            "inventory_turnover_ratio": null,
            "account_receivable_turnover_ratio": null,
            "reinvestment_rate": null,
            "research_to_sale_ratio": null,
            "price_fair": 0,
            "eps_avg_yearly": 0,
            "eps_latest_yearly": 0,
            "eps_growth_yearly": 0
        },
        "20042": {
            "year_quarter": 20042,
            "year": 2004,
            "quarter": 2,
            "eps": null,
            "eps_growth_year": null,
            "eps_4q": null,
            "eps_4q_growth_year": null,
            "roe": null,
            "roe_4q": 0,
            "gross_profit": null,
            "gross_margin": null,
            "gross_margin_4q_avg": 0,
            "net_income": null,
            "net_income_4q": null,
            "revenue": null,
            "revenue_4q": null,
            "common_shares": null,
            "book_valuer_per_share": null,
            "book_valuer_per_share_4q_avg": 4.17,
            "equity": null,
            "current_ratio": null,
            "debt_ratio": null,
            "inventory_turnover_ratio": null,
            "account_receivable_turnover_ratio": null,
            "reinvestment_rate": null,
            "research_to_sale_ratio": null,
            "price_fair": 0,
            "eps_avg_yearly": 0,
            "eps_latest_yearly": 0,
            "eps_growth_yearly": 0
        },
        "20043": {
            "year_quarter": 20043,
            "year": 2004,
            "quarter": 3,
            "eps": null,
            "eps_growth_year": null,
            "eps_4q": null,
            "eps_4q_growth_year": null,
            "roe": null,
            "roe_4q": 0,
            "gross_profit": null,
            "gross_margin": null,
            "gross_margin_4q_avg": 0,
            "net_income": null,
            "net_income_4q": null,
            "revenue": null,
            "revenue_4q": null,
            "common_shares": null,
            "book_valuer_per_share": null,
            "book_valuer_per_share_4q_avg": 4.17,
            "equity": null,
            "current_ratio": null,
            "debt_ratio": null,
            "inventory_turnover_ratio": null,
            "account_receivable_turnover_ratio": null,
            "reinvestment_rate": null,
            "research_to_sale_ratio": null,
            "price_fair": 0,
            "eps_avg_yearly": 0,
            "eps_latest_yearly": 0,
            "eps_growth_yearly": 0
        },
        "20044": {
            "year_quarter": 20044,
            "year": 2004,
            "quarter": 4,
            "eps": null,
            "eps_growth_year": null,
            "eps_4q": null,
            "eps_4q_growth_year": null,
            "roe": null,
            "roe_4q": 0,
            "gross_profit": null,
            "gross_margin": null,
            "gross_margin_4q_avg": 0,
            "net_income": null,
            "net_income_4q": null,
            "revenue": null,
            "revenue_4q": null,
            "common_shares": 393750,
            "book_valuer_per_share": 15.59,
            "book_valuer_per_share_4q_avg": 3.9,
            "equity": 614011,
            "current_ratio": 233.56,
            "debt_ratio": 47.7,
            "inventory_turnover_ratio": null,
            "account_receivable_turnover_ratio": null,
            "reinvestment_rate": null,
            "research_to_sale_ratio": null,
            "price_fair": 0,
            "eps_avg_yearly": 0,
            "eps_latest_yearly": 0,
            "eps_growth_yearly": 0
        },
        "20051": {
            "year_quarter": 20051,
            "year": 2005,
            "quarter": 1,
            "eps": null,
            "eps_growth_year": null,
            "eps_4q": null,
            "eps_4q_growth_year": null,
            "roe": null,
            "roe_4q": 0,
            "gross_profit": null,
            "gross_margin": null,
            "gross_margin_4q_avg": 0,
            "net_income": null,
            "net_income_4q": null,
            "revenue": null,
            "revenue_4q": null,
            "common_shares": null,
            "book_valuer_per_share": null,
            "book_valuer_per_share_4q_avg": 3.9,
            "equity": null,
            "current_ratio": null,
            "debt_ratio": null,
            "inventory_turnover_ratio": null,
            "account_receivable_turnover_ratio": null,
            "reinvestment_rate": null,
            "research_to_sale_ratio": null,
            "price_fair": 0,
            "eps_avg_yearly": 0,
            "eps_latest_yearly": 0,
            "eps_growth_yearly": 0
        },
        "20052": {
            "year_quarter": 20052,
            "year": 2005,
            "quarter": 2,
            "eps": null,
            "eps_growth_year": null,
            "eps_4q": null,
            "eps_4q_growth_year": null,
            "roe": null,
            "roe_4q": 0,
            "gross_profit": null,
            "gross_margin": null,
            "gross_margin_4q_avg": 0,
            "net_income": null,
            "net_income_4q": null,
            "revenue": null,
            "revenue_4q": null,
            "common_shares": null,
            "book_valuer_per_share": null,
            "book_valuer_per_share_4q_avg": 3.9,
            "equity": null,
            "current_ratio": null,
            "debt_ratio": null,
            "inventory_turnover_ratio": null,
            "account_receivable_turnover_ratio": null,
            "reinvestment_rate": null,
            "research_to_sale_ratio": null,
            "price_fair": 0,
            "eps_avg_yearly": 0,
            "eps_latest_yearly": 0,
            "eps_growth_yearly": 0
        },
        "20053": {
            "year_quarter": 20053,
            "year": 2005,
            "quarter": 3,
            "eps": null,
            "eps_growth_year": null,
            "eps_4q": null,
            "eps_4q_growth_year": null,
            "roe": null,
            "roe_4q": 0,
            "gross_profit": null,
            "gross_margin": null,
            "gross_margin_4q_avg": 0,
            "net_income": null,
            "net_income_4q": null,
            "revenue": null,
            "revenue_4q": null,
            "common_shares": null,
            "book_valuer_per_share": null,
            "book_valuer_per_share_4q_avg": 3.9,
            "equity": null,
            "current_ratio": null,
            "debt_ratio": null,
            "inventory_turnover_ratio": null,
            "account_receivable_turnover_ratio": null,
            "reinvestment_rate": null,
            "research_to_sale_ratio": null,
            "price_fair": 0,
            "eps_avg_yearly": 0,
            "eps_latest_yearly": 0,
            "eps_growth_yearly": 0
        },
        "20054": {
            "year_quarter": 20054,
            "year": 2005,
            "quarter": 4,
            "eps": null,
            "eps_growth_year": null,
            "eps_4q": null,
            "eps_4q_growth_year": null,
            "roe": null,
            "roe_4q": 0,
            "gross_profit": null,
            "gross_margin": null,
            "gross_margin_4q_avg": 0,
            "net_income": null,
            "net_income_4q": null,
            "revenue": null,
            "revenue_4q": null,
            "common_shares": 404688,
            "book_valuer_per_share": 17.94,
            "book_valuer_per_share_4q_avg": 4.49,
            "equity": 726197,
            "current_ratio": 214.77,
            "debt_ratio": 45.43,
            "inventory_turnover_ratio": null,
            "account_receivable_turnover_ratio": null,
            "reinvestment_rate": null,
            "research_to_sale_ratio": null,
            "price_fair": 0,
            "eps_avg_yearly": 0,
            "eps_latest_yearly": 0,
            "eps_growth_yearly": 0
        },
        "20061": {
            "year_quarter": 20061,
            "year": 2006,
            "quarter": 1,
            "eps": null,
            "eps_growth_year": null,
            "eps_4q": null,
            "eps_4q_growth_year": null,
            "roe": null,
            "roe_4q": 0,
            "gross_profit": null,
            "gross_margin": null,
            "gross_margin_4q_avg": 0,
            "net_income": null,
            "net_income_4q": null,
            "revenue": null,
            "revenue_4q": null,
            "common_shares": null,
            "book_valuer_per_share": null,
            "book_valuer_per_share_4q_avg": 4.49,
            "equity": null,
            "current_ratio": null,
            "debt_ratio": null,
            "inventory_turnover_ratio": null,
            "account_receivable_turnover_ratio": null,
            "reinvestment_rate": null,
            "research_to_sale_ratio": null,
            "price_fair": 0,
            "eps_avg_yearly": 0,
            "eps_latest_yearly": 0,
            "eps_growth_yearly": 0
        },
        "20062": {
            "year_quarter": 20062,
            "year": 2006,
            "quarter": 2,
            "eps": null,
            "eps_growth_year": null,
            "eps_4q": null,
            "eps_4q_growth_year": null,
            "roe": null,
            "roe_4q": 0,
            "gross_profit": null,
            "gross_margin": null,
            "gross_margin_4q_avg": 0,
            "net_income": null,
            "net_income_4q": null,
            "revenue": null,
            "revenue_4q": null,
            "common_shares": null,
            "book_valuer_per_share": null,
            "book_valuer_per_share_4q_avg": 4.49,
            "equity": null,
            "current_ratio": null,
            "debt_ratio": null,
            "inventory_turnover_ratio": null,
            "account_receivable_turnover_ratio": null,
            "reinvestment_rate": null,
            "research_to_sale_ratio": null,
            "price_fair": 0,
            "eps_avg_yearly": 0,
            "eps_latest_yearly": 0,
            "eps_growth_yearly": 0
        },
        "20063": {
            "year_quarter": 20063,
            "year": 2006,
            "quarter": 3,
            "eps": null,
            "eps_growth_year": null,
            "eps_4q": null,
            "eps_4q_growth_year": null,
            "roe": null,
            "roe_4q": 0,
            "gross_profit": null,
            "gross_margin": null,
            "gross_margin_4q_avg": 0,
            "net_income": null,
            "net_income_4q": null,
            "revenue": null,
            "revenue_4q": null,
            "common_shares": null,
            "book_valuer_per_share": null,
            "book_valuer_per_share_4q_avg": 4.49,
            "equity": null,
            "current_ratio": null,
            "debt_ratio": null,
            "inventory_turnover_ratio": null,
            "account_receivable_turnover_ratio": null,
            "reinvestment_rate": null,
            "research_to_sale_ratio": null,
            "price_fair": 0,
            "eps_avg_yearly": 0,
            "eps_latest_yearly": 0,
            "eps_growth_yearly": 0
        },
        "20064": {
            "year_quarter": 20064,
            "year": 2006,
            "quarter": 4,
            "eps": null,
            "eps_growth_year": null,
            "eps_4q": null,
            "eps_4q_growth_year": null,
            "roe": null,
            "roe_4q": 0,
            "gross_profit": null,
            "gross_margin": null,
            "gross_margin_4q_avg": 0,
            "net_income": null,
            "net_income_4q": null,
            "revenue": null,
            "revenue_4q": null,
            "common_shares": 430670,
            "book_valuer_per_share": 20.46,
            "book_valuer_per_share_4q_avg": 5.12,
            "equity": 881231,
            "current_ratio": 213.5,
            "debt_ratio": 40.75,
            "inventory_turnover_ratio": null,
            "account_receivable_turnover_ratio": null,
            "reinvestment_rate": null,
            "research_to_sale_ratio": null,
            "price_fair": 0,
            "eps_avg_yearly": 0,
            "eps_latest_yearly": 0,
            "eps_growth_yearly": 0
        },
        "20071": {
            "year_quarter": 20071,
            "year": 2007,
            "quarter": 1,
            "eps": null,
            "eps_growth_year": null,
            "eps_4q": null,
            "eps_4q_growth_year": null,
            "roe": null,
            "roe_4q": 0,
            "gross_profit": null,
            "gross_margin": null,
            "gross_margin_4q_avg": 0,
            "net_income": null,
            "net_income_4q": null,
            "revenue": null,
            "revenue_4q": null,
            "common_shares": null,
            "book_valuer_per_share": null,
            "book_valuer_per_share_4q_avg": 5.12,
            "equity": null,
            "current_ratio": null,
            "debt_ratio": null,
            "inventory_turnover_ratio": null,
            "account_receivable_turnover_ratio": null,
            "reinvestment_rate": null,
            "research_to_sale_ratio": null,
            "price_fair": 0,
            "eps_avg_yearly": 0,
            "eps_latest_yearly": 0,
            "eps_growth_yearly": 0
        },
        "20072": {
            "year_quarter": 20072,
            "year": 2007,
            "quarter": 2,
            "eps": null,
            "eps_growth_year": null,
            "eps_4q": null,
            "eps_4q_growth_year": null,
            "roe": null,
            "roe_4q": 0,
            "gross_profit": null,
            "gross_margin": null,
            "gross_margin_4q_avg": 0,
            "net_income": null,
            "net_income_4q": null,
            "revenue": null,
            "revenue_4q": null,
            "common_shares": null,
            "book_valuer_per_share": null,
            "book_valuer_per_share_4q_avg": 5.12,
            "equity": null,
            "current_ratio": null,
            "debt_ratio": null,
            "inventory_turnover_ratio": null,
            "account_receivable_turnover_ratio": null,
            "reinvestment_rate": null,
            "research_to_sale_ratio": null,
            "price_fair": 0,
            "eps_avg_yearly": 0,
            "eps_latest_yearly": 0,
            "eps_growth_yearly": 0
        },
        "20073": {
            "year_quarter": 20073,
            "year": 2007,
            "quarter": 3,
            "eps": null,
            "eps_growth_year": null,
            "eps_4q": null,
            "eps_4q_growth_year": null,
            "roe": null,
            "roe_4q": 0,
            "gross_profit": null,
            "gross_margin": null,
            "gross_margin_4q_avg": 0,
            "net_income": null,
            "net_income_4q": null,
            "revenue": null,
            "revenue_4q": null,
            "common_shares": null,
            "book_valuer_per_share": null,
            "book_valuer_per_share_4q_avg": 5.12,
            "equity": null,
            "current_ratio": null,
            "debt_ratio": null,
            "inventory_turnover_ratio": null,
            "account_receivable_turnover_ratio": null,
            "reinvestment_rate": null,
            "research_to_sale_ratio": null,
            "price_fair": 0,
            "eps_avg_yearly": 0,
            "eps_latest_yearly": 0,
            "eps_growth_yearly": 0
        },
        "20074": {
            "year_quarter": 20074,
            "year": 2007,
            "quarter": 4,
            "eps": null,
            "eps_growth_year": null,
            "eps_4q": null,
            "eps_4q_growth_year": null,
            "roe": null,
            "roe_4q": 0,
            "gross_profit": null,
            "gross_margin": null,
            "gross_margin_4q_avg": 0,
            "net_income": null,
            "net_income_4q": null,
            "revenue": null,
            "revenue_4q": null,
            "common_shares": 455400,
            "book_valuer_per_share": 22.47,
            "book_valuer_per_share_4q_avg": 5.62,
            "equity": 1023400,
            "current_ratio": 176.71,
            "debt_ratio": 44.05,
            "inventory_turnover_ratio": null,
            "account_receivable_turnover_ratio": null,
            "reinvestment_rate": null,
            "research_to_sale_ratio": null,
            "price_fair": 0,
            "eps_avg_yearly": 0,
            "eps_latest_yearly": 0,
            "eps_growth_yearly": 0
        },
        "20081": {
            "year_quarter": 20081,
            "year": 2008,
            "quarter": 1,
            "eps": null,
            "eps_growth_year": null,
            "eps_4q": null,
            "eps_4q_growth_year": null,
            "roe": null,
            "roe_4q": 0,
            "gross_profit": null,
            "gross_margin": null,
            "gross_margin_4q_avg": 0,
            "net_income": null,
            "net_income_4q": null,
            "revenue": null,
            "revenue_4q": null,
            "common_shares": null,
            "book_valuer_per_share": null,
            "book_valuer_per_share_4q_avg": 5.62,
            "equity": null,
            "current_ratio": null,
            "debt_ratio": null,
            "inventory_turnover_ratio": null,
            "account_receivable_turnover_ratio": null,
            "reinvestment_rate": null,
            "research_to_sale_ratio": null,
            "price_fair": 0,
            "eps_avg_yearly": 0,
            "eps_latest_yearly": 0,
            "eps_growth_yearly": 0
        },
        "20082": {
            "year_quarter": 20082,
            "year": 2008,
            "quarter": 2,
            "eps": null,
            "eps_growth_year": null,
            "eps_4q": null,
            "eps_4q_growth_year": null,
            "roe": null,
            "roe_4q": 0,
            "gross_profit": null,
            "gross_margin": null,
            "gross_margin_4q_avg": 0,
            "net_income": null,
            "net_income_4q": null,
            "revenue": null,
            "revenue_4q": null,
            "common_shares": null,
            "book_valuer_per_share": null,
            "book_valuer_per_share_4q_avg": 5.62,
            "equity": null,
            "current_ratio": null,
            "debt_ratio": null,
            "inventory_turnover_ratio": null,
            "account_receivable_turnover_ratio": null,
            "reinvestment_rate": null,
            "research_to_sale_ratio": null,
            "price_fair": 0,
            "eps_avg_yearly": 0,
            "eps_latest_yearly": 0,
            "eps_growth_yearly": 0
        },
        "20083": {
            "year_quarter": 20083,
            "year": 2008,
            "quarter": 3,
            "eps": null,
            "eps_growth_year": null,
            "eps_4q": null,
            "eps_4q_growth_year": null,
            "roe": null,
            "roe_4q": 0,
            "gross_profit": null,
            "gross_margin": null,
            "gross_margin_4q_avg": 0,
            "net_income": null,
            "net_income_4q": null,
            "revenue": null,
            "revenue_4q": null,
            "common_shares": null,
            "book_valuer_per_share": null,
            "book_valuer_per_share_4q_avg": 5.62,
            "equity": null,
            "current_ratio": null,
            "debt_ratio": null,
            "inventory_turnover_ratio": null,
            "account_receivable_turnover_ratio": null,
            "reinvestment_rate": null,
            "research_to_sale_ratio": null,
            "price_fair": 0,
            "eps_avg_yearly": 0,
            "eps_latest_yearly": 0,
            "eps_growth_yearly": 0
        },
        "20084": {
            "year_quarter": 20084,
            "year": 2008,
            "quarter": 4,
            "eps": null,
            "eps_growth_year": null,
            "eps_4q": null,
            "eps_4q_growth_year": null,
            "roe": null,
            "roe_4q": 0,
            "gross_profit": null,
            "gross_margin": null,
            "gross_margin_4q_avg": 0,
            "net_income": null,
            "net_income_4q": null,
            "revenue": null,
            "revenue_4q": null,
            "common_shares": 503734,
            "book_valuer_per_share": 24.54,
            "book_valuer_per_share_4q_avg": 6.14,
            "equity": 1236344,
            "current_ratio": 211.05,
            "debt_ratio": 37.7,
            "inventory_turnover_ratio": null,
            "account_receivable_turnover_ratio": null,
            "reinvestment_rate": null,
            "research_to_sale_ratio": null,
            "price_fair": 0,
            "eps_avg_yearly": 0,
            "eps_latest_yearly": 0,
            "eps_growth_yearly": 0
        },
        "20091": {
            "year_quarter": 20091,
            "year": 2009,
            "quarter": 1,
            "eps": null,
            "eps_growth_year": null,
            "eps_4q": null,
            "eps_4q_growth_year": null,
            "roe": null,
            "roe_4q": 0,
            "gross_profit": null,
            "gross_margin": null,
            "gross_margin_4q_avg": 0,
            "net_income": null,
            "net_income_4q": null,
            "revenue": null,
            "revenue_4q": null,
            "common_shares": null,
            "book_valuer_per_share": null,
            "book_valuer_per_share_4q_avg": 6.14,
            "equity": null,
            "current_ratio": null,
            "debt_ratio": null,
            "inventory_turnover_ratio": null,
            "account_receivable_turnover_ratio": null,
            "reinvestment_rate": null,
            "research_to_sale_ratio": null,
            "price_fair": 0,
            "eps_avg_yearly": 0,
            "eps_latest_yearly": 0,
            "eps_growth_yearly": 0
        },
        "20092": {
            "year_quarter": 20092,
            "year": 2009,
            "quarter": 2,
            "eps": null,
            "eps_growth_year": null,
            "eps_4q": null,
            "eps_4q_growth_year": null,
            "roe": null,
            "roe_4q": 0,
            "gross_profit": null,
            "gross_margin": null,
            "gross_margin_4q_avg": 0,
            "net_income": null,
            "net_income_4q": null,
            "revenue": null,
            "revenue_4q": null,
            "common_shares": 503734,
            "book_valuer_per_share": null,
            "book_valuer_per_share_4q_avg": 6.14,
            "equity": 1260635,
            "current_ratio": null,
            "debt_ratio": null,
            "inventory_turnover_ratio": null,
            "account_receivable_turnover_ratio": null,
            "reinvestment_rate": null,
            "research_to_sale_ratio": null,
            "price_fair": 0,
            "eps_avg_yearly": 0,
            "eps_latest_yearly": 0,
            "eps_growth_yearly": 0
        },
        "20093": {
            "year_quarter": 20093,
            "year": 2009,
            "quarter": 3,
            "eps": 1.39,
            "eps_growth_year": null,
            "eps_4q": null,
            "eps_4q_growth_year": null,
            "roe": 5.69,
            "roe_4q": 5.69,
            "gross_profit": 210701,
            "gross_margin": 33.56,
            "gross_margin_4q_avg": 8.39,
            "net_income": 74284,
            "net_income_4q": null,
            "revenue": 627772,
            "revenue_4q": null,
            "common_shares": 523734,
            "book_valuer_per_share": 25.82,
            "book_valuer_per_share_4q_avg": 12.59,
            "equity": 1352286,
            "current_ratio": 236.14,
            "debt_ratio": 35.75,
            "inventory_turnover_ratio": 2.92,
            "account_receivable_turnover_ratio": 0.86,
            "reinvestment_rate": null,
            "research_to_sale_ratio": null,
            "price_fair": 0,
            "eps_avg_yearly": 0,
            "eps_latest_yearly": 0,
            "eps_growth_yearly": 0
        },
        "20094": {
            "year_quarter": 20094,
            "year": 2009,
            "quarter": 4,
            "eps": 0.77,
            "eps_growth_year": null,
            "eps_4q": null,
            "eps_4q_growth_year": null,
            "roe": 2.89,
            "roe_4q": 8.58,
            "gross_profit": 169503,
            "gross_margin": 27.54,
            "gross_margin_4q_avg": 15.28,
            "net_income": 39496,
            "net_income_4q": null,
            "revenue": 615556,
            "revenue_4q": null,
            "common_shares": 526734,
            "book_valuer_per_share": 26.28,
            "book_valuer_per_share_4q_avg": 13.03,
            "equity": 1384507,
            "current_ratio": 270.64,
            "debt_ratio": 34.51,
            "inventory_turnover_ratio": 2.86,
            "account_receivable_turnover_ratio": 1.55,
            "reinvestment_rate": null,
            "research_to_sale_ratio": null,
            "price_fair": 9.24,
            "eps_avg_yearly": 3.08,
            "eps_latest_yearly": 3.08,
            "eps_growth_yearly": -178.42
        },
        "20101": {
            "year_quarter": 20101,
            "year": 2010,
            "quarter": 1,
            "eps": null,
            "eps_growth_year": null,
            "eps_4q": null,
            "eps_4q_growth_year": null,
            "roe": null,
            "roe_4q": 8.58,
            "gross_profit": 151818,
            "gross_margin": null,
            "gross_margin_4q_avg": 15.28,
            "net_income": 46691,
            "net_income_4q": null,
            "revenue": 550146,
            "revenue_4q": null,
            "common_shares": 526734,
            "book_valuer_per_share": 27.09,
            "book_valuer_per_share_4q_avg": 19.8,
            "equity": 1426774,
            "current_ratio": 294.8,
            "debt_ratio": 32.93,
            "inventory_turnover_ratio": null,
            "account_receivable_turnover_ratio": null,
            "reinvestment_rate": null,
            "research_to_sale_ratio": null,
            "price_fair": 9.24,
            "eps_avg_yearly": 3.08,
            "eps_latest_yearly": 3.08,
            "eps_growth_yearly": -178.42
        },
        "20102": {
            "year_quarter": 20102,
            "year": 2010,
            "quarter": 2,
            "eps": 0.75,
            "eps_growth_year": null,
            "eps_4q": 2.81,
            "eps_4q_growth_year": null,
            "roe": 2.84,
            "roe_4q": 11.420000000000002,
            "gross_profit": 132688,
            "gross_margin": 24.4,
            "gross_margin_4q_avg": 21.38,
            "net_income": 41261,
            "net_income_4q": null,
            "revenue": 543710,
            "revenue_4q": null,
            "common_shares": 526734,
            "book_valuer_per_share": 28.04,
            "book_valuer_per_share_4q_avg": 26.81,
            "equity": 1477149,
            "current_ratio": 301.18,
            "debt_ratio": 31.35,
            "inventory_turnover_ratio": 2.54,
            "account_receivable_turnover_ratio": 1.49,
            "reinvestment_rate": null,
            "research_to_sale_ratio": null,
            "price_fair": 9.24,
            "eps_avg_yearly": 3.08,
            "eps_latest_yearly": 3.08,
            "eps_growth_yearly": -178.42
        },
        "20103": {
            "year_quarter": 20103,
            "year": 2010,
            "quarter": 3,
            "eps": 0.15,
            "eps_growth_year": -89.05,
            "eps_4q": 1.5,
            "eps_4q_growth_year": null,
            "roe": 0.59,
            "roe_4q": 6.32,
            "gross_profit": 103434,
            "gross_margin": 22.89,
            "gross_margin_4q_avg": 18.71,
            "net_income": 9131,
            "net_income_4q": null,
            "revenue": 451783,
            "revenue_4q": null,
            "common_shares": 600000,
            "book_valuer_per_share": 26.79,
            "book_valuer_per_share_4q_avg": 27.05,
            "equity": 1607613,
            "current_ratio": 372.33,
            "debt_ratio": 26.72,
            "inventory_turnover_ratio": 2.18,
            "account_receivable_turnover_ratio": 0.68,
            "reinvestment_rate": null,
            "research_to_sale_ratio": 1.2,
            "price_fair": 5.52,
            "eps_avg_yearly": 1.84,
            "eps_latest_yearly": 0.6,
            "eps_growth_yearly": -249.21
        },
        "20104": {
            "year_quarter": 20104,
            "year": 2010,
            "quarter": 4,
            "eps": -0.14,
            "eps_growth_year": -118.63,
            "eps_4q": 0.62,
            "eps_4q_growth_year": null,
            "roe": -0.57,
            "roe_4q": 2.86,
            "gross_profit": 71740,
            "gross_margin": 14.77,
            "gross_margin_4q_avg": 15.52,
            "net_income": -9416,
            "net_income_4q": null,
            "revenue": 485868,
            "revenue_4q": null,
            "common_shares": 656260,
            "book_valuer_per_share": 25.68,
            "book_valuer_per_share_4q_avg": 26.9,
            "equity": 1685190,
            "current_ratio": 443.83,
            "debt_ratio": 22.96,
            "inventory_turnover_ratio": 2.84,
            "account_receivable_turnover_ratio": 0.93,
            "reinvestment_rate": null,
            "research_to_sale_ratio": 1.14,
            "price_fair": 5.52,
            "eps_avg_yearly": 1.84,
            "eps_latest_yearly": 0.6,
            "eps_growth_yearly": -249.21
        },
        "20111": {
            "year_quarter": 20111,
            "year": 2011,
            "quarter": 1,
            "eps": -0.37,
            "eps_growth_year": null,
            "eps_4q": 0.25,
            "eps_4q_growth_year": null,
            "roe": -1.45,
            "roe_4q": 1.4099999999999997,
            "gross_profit": 29808,
            "gross_margin": 10.38,
            "gross_margin_4q_avg": 18.11,
            "net_income": -24302,
            "net_income_4q": null,
            "revenue": 287202,
            "revenue_4q": null,
            "common_shares": 656260,
            "book_valuer_per_share": 25.5,
            "book_valuer_per_share_4q_avg": 26.5,
            "equity": 1673297,
            "current_ratio": 479.63,
            "debt_ratio": 21.18,
            "inventory_turnover_ratio": 1.88,
            "account_receivable_turnover_ratio": 0.68,
            "reinvestment_rate": null,
            "research_to_sale_ratio": 1.95,
            "price_fair": 5.52,
            "eps_avg_yearly": 1.84,
            "eps_latest_yearly": 0.6,
            "eps_growth_yearly": -249.21
        },
        "20112": {
            "year_quarter": 20112,
            "year": 2011,
            "quarter": 2,
            "eps": -0.57,
            "eps_growth_year": -176.83,
            "eps_4q": -0.95,
            "eps_4q_growth_year": -133.79,
            "roe": -2.31,
            "roe_4q": -3.74,
            "gross_profit": 26823,
            "gross_margin": 9.19,
            "gross_margin_4q_avg": 14.31,
            "net_income": -37689,
            "net_income_4q": null,
            "revenue": 291785,
            "revenue_4q": null,
            "common_shares": 656260,
            "book_valuer_per_share": 24.17,
            "book_valuer_per_share_4q_avg": 25.54,
            "equity": 1585887,
            "current_ratio": 433.81,
            "debt_ratio": 22.26,
            "inventory_turnover_ratio": 2.02,
            "account_receivable_turnover_ratio": 0.74,
            "reinvestment_rate": null,
            "research_to_sale_ratio": 2.02,
            "price_fair": 5.52,
            "eps_avg_yearly": 1.84,
            "eps_latest_yearly": 0.6,
            "eps_growth_yearly": -249.21
        },
        "20113": {
            "year_quarter": 20113,
            "year": 2011,
            "quarter": 3,
            "eps": -0.35,
            "eps_growth_year": -331.08,
            "eps_4q": -1.44,
            "eps_4q_growth_year": -196.1,
            "roe": -1.43,
            "roe_4q": -5.760000000000001,
            "gross_profit": 31214,
            "gross_margin": 12.53,
            "gross_margin_4q_avg": 11.72,
            "net_income": -23078,
            "net_income_4q": null,
            "revenue": 249170,
            "revenue_4q": null,
            "common_shares": 656260,
            "book_valuer_per_share": 25.19,
            "book_valuer_per_share_4q_avg": 25.14,
            "equity": 1653009,
            "current_ratio": 432.41,
            "debt_ratio": 25.29,
            "inventory_turnover_ratio": 1.74,
            "account_receivable_turnover_ratio": 0.65,
            "reinvestment_rate": null,
            "research_to_sale_ratio": 2.05,
            "price_fair": 5.52,
            "eps_avg_yearly": 1.84,
            "eps_latest_yearly": 0.6,
            "eps_growth_yearly": -249.21
        },
        "20114": {
            "year_quarter": 20114,
            "year": 2011,
            "quarter": 4,
            "eps": -0.89,
            "eps_growth_year": null,
            "eps_4q": -2.19,
            "eps_4q_growth_year": -450.93,
            "roe": -3.62,
            "roe_4q": -8.809999999999999,
            "gross_profit": 1647,
            "gross_margin": 0.73,
            "gross_margin_4q_avg": 8.21,
            "net_income": -58728,
            "net_income_4q": null,
            "revenue": 225273,
            "revenue_4q": null,
            "common_shares": 656260,
            "book_valuer_per_share": 24.26,
            "book_valuer_per_share_4q_avg": 24.78,
            "equity": 1591919,
            "current_ratio": 412.51,
            "debt_ratio": 24.25,
            "inventory_turnover_ratio": 1.91,
            "account_receivable_turnover_ratio": 0.64,
            "reinvestment_rate": null,
            "research_to_sale_ratio": 4.51,
            "price_fair": 5.52,
            "eps_avg_yearly": 1.84,
            "eps_latest_yearly": 0.6,
            "eps_growth_yearly": -249.21
        },
        "20121": {
            "year_quarter": 20121,
            "year": 2012,
            "quarter": 1,
            "eps": -0.59,
            "eps_growth_year": null,
            "eps_4q": -2.41,
            "eps_4q_growth_year": -1050.36,
            "roe": -2.5,
            "roe_4q": -9.86,
            "gross_profit": 14411,
            "gross_margin": 7.1,
            "gross_margin_4q_avg": 7.39,
            "net_income": -38968,
            "net_income_4q": null,
            "revenue": 202856,
            "revenue_4q": null,
            "common_shares": 656260,
            "book_valuer_per_share": 23.22,
            "book_valuer_per_share_4q_avg": 24.21,
            "equity": 1523977,
            "current_ratio": 466.43,
            "debt_ratio": 26.36,
            "inventory_turnover_ratio": 2.01,
            "account_receivable_turnover_ratio": 0.67,
            "reinvestment_rate": null,
            "research_to_sale_ratio": 3.88,
            "price_fair": 5.52,
            "eps_avg_yearly": 1.84,
            "eps_latest_yearly": 0.6,
            "eps_growth_yearly": -249.21
        },
        "20122": {
            "year_quarter": 20122,
            "year": 2012,
            "quarter": 2,
            "eps": -0.33,
            "eps_growth_year": null,
            "eps_4q": -2.17,
            "eps_4q_growth_year": null,
            "roe": -1.42,
            "roe_4q": -8.97,
            "gross_profit": 29187,
            "gross_margin": 14,
            "gross_margin_4q_avg": 8.59,
            "net_income": -21621,
            "net_income_4q": null,
            "revenue": 208438,
            "revenue_4q": null,
            "common_shares": 656260,
            "book_valuer_per_share": 23.08,
            "book_valuer_per_share_4q_avg": 23.94,
            "equity": 1514556,
            "current_ratio": 427.41,
            "debt_ratio": 26.57,
            "inventory_turnover_ratio": 2.05,
            "account_receivable_turnover_ratio": 0.73,
            "reinvestment_rate": null,
            "research_to_sale_ratio": 2.74,
            "price_fair": 5.52,
            "eps_avg_yearly": 1.84,
            "eps_latest_yearly": 0.6,
            "eps_growth_yearly": -249.21
        },
        "20123": {
            "year_quarter": 20123,
            "year": 2012,
            "quarter": 3,
            "eps": -0.51,
            "eps_growth_year": null,
            "eps_4q": -2.32,
            "eps_4q_growth_year": null,
            "roe": -2.23,
            "roe_4q": -9.77,
            "gross_profit": 26294,
            "gross_margin": 12.63,
            "gross_margin_4q_avg": 8.62,
            "net_income": -33205,
            "net_income_4q": null,
            "revenue": 208122,
            "revenue_4q": null,
            "common_shares": 656260,
            "book_valuer_per_share": 22.21,
            "book_valuer_per_share_4q_avg": 23.19,
            "equity": 1457699,
            "current_ratio": 546.83,
            "debt_ratio": 23.1,
            "inventory_turnover_ratio": 1.88,
            "account_receivable_turnover_ratio": 0.73,
            "reinvestment_rate": null,
            "research_to_sale_ratio": 3.11,
            "price_fair": 5.52,
            "eps_avg_yearly": 1.84,
            "eps_latest_yearly": 0.6,
            "eps_growth_yearly": -249.21
        },
        "20124": {
            "year_quarter": 20124,
            "year": 2012,
            "quarter": 4,
            "eps": -0.78,
            "eps_growth_year": null,
            "eps_4q": -2.21,
            "eps_4q_growth_year": null,
            "roe": -3.57,
            "roe_4q": -9.719999999999999,
            "gross_profit": 18694,
            "gross_margin": 7.32,
            "gross_margin_4q_avg": 10.26,
            "net_income": -51074,
            "net_income_4q": null,
            "revenue": 255525,
            "revenue_4q": null,
            "common_shares": 656260,
            "book_valuer_per_share": 21.41,
            "book_valuer_per_share_4q_avg": 22.48,
            "equity": 1405332,
            "current_ratio": 394.84,
            "debt_ratio": 26.41,
            "inventory_turnover_ratio": 2.66,
            "account_receivable_turnover_ratio": 0.89,
            "reinvestment_rate": null,
            "research_to_sale_ratio": 3.16,
            "price_fair": 5.52,
            "eps_avg_yearly": 1.84,
            "eps_latest_yearly": 0.6,
            "eps_growth_yearly": -249.21
        },
        "20131": {
            "year_quarter": 20131,
            "year": 2013,
            "quarter": 1,
            "eps": -0.43,
            "eps_growth_year": null,
            "eps_4q": -2.04,
            "eps_4q_growth_year": null,
            "roe": -2,
            "roe_4q": -9.22,
            "gross_profit": 31141,
            "gross_margin": 11.01,
            "gross_margin_4q_avg": 11.24,
            "net_income": -28077,
            "net_income_4q": null,
            "revenue": 282891,
            "revenue_4q": null,
            "common_shares": 656260,
            "book_valuer_per_share": 21.44,
            "book_valuer_per_share_4q_avg": 22.04,
            "equity": 1406993,
            "current_ratio": 355.56,
            "debt_ratio": 27.35,
            "inventory_turnover_ratio": 2.87,
            "account_receivable_turnover_ratio": 0.89,
            "reinvestment_rate": null,
            "research_to_sale_ratio": 3,
            "price_fair": 5.52,
            "eps_avg_yearly": 1.84,
            "eps_latest_yearly": 0.6,
            "eps_growth_yearly": -249.21
        },
        "20132": {
            "year_quarter": 20132,
            "year": 2013,
            "quarter": 2,
            "eps": -0.42,
            "eps_growth_year": null,
            "eps_4q": -2.13,
            "eps_4q_growth_year": null,
            "roe": -1.98,
            "roe_4q": -9.78,
            "gross_profit": 44472,
            "gross_margin": 14.11,
            "gross_margin_4q_avg": 11.27,
            "net_income": -27744,
            "net_income_4q": null,
            "revenue": 315215,
            "revenue_4q": null,
            "common_shares": 656260,
            "book_valuer_per_share": 21.31,
            "book_valuer_per_share_4q_avg": 21.59,
            "equity": 1398298,
            "current_ratio": 316.26,
            "debt_ratio": 28.41,
            "inventory_turnover_ratio": 2.79,
            "account_receivable_turnover_ratio": 0.91,
            "reinvestment_rate": null,
            "research_to_sale_ratio": 2.86,
            "price_fair": 5.52,
            "eps_avg_yearly": 1.84,
            "eps_latest_yearly": 0.6,
            "eps_growth_yearly": -249.21
        },
        "20133": {
            "year_quarter": 20133,
            "year": 2013,
            "quarter": 3,
            "eps": -0.08,
            "eps_growth_year": null,
            "eps_4q": -1.71,
            "eps_4q_growth_year": null,
            "roe": -0.37,
            "roe_4q": -7.92,
            "gross_profit": 59436,
            "gross_margin": 18.92,
            "gross_margin_4q_avg": 12.84,
            "net_income": -5145,
            "net_income_4q": null,
            "revenue": 314112,
            "revenue_4q": null,
            "common_shares": 656260,
            "book_valuer_per_share": 21.09,
            "book_valuer_per_share_4q_avg": 21.31,
            "equity": 1383936,
            "current_ratio": 305.39,
            "debt_ratio": 27.1,
            "inventory_turnover_ratio": 2.76,
            "account_receivable_turnover_ratio": 0.84,
            "reinvestment_rate": null,
            "research_to_sale_ratio": 2.57,
            "price_fair": 5.52,
            "eps_avg_yearly": 1.84,
            "eps_latest_yearly": 0.6,
            "eps_growth_yearly": -249.21
        },
        "20134": {
            "year_quarter": 20134,
            "year": 2013,
            "quarter": 4,
            "eps": 0.09,
            "eps_growth_year": null,
            "eps_4q": -0.84,
            "eps_4q_growth_year": null,
            "roe": 0.42,
            "roe_4q": -3.9299999999999997,
            "gross_profit": 81541,
            "gross_margin": 23.97,
            "gross_margin_4q_avg": 17,
            "net_income": 5879,
            "net_income_4q": null,
            "revenue": 340156,
            "revenue_4q": null,
            "common_shares": 656260,
            "book_valuer_per_share": 21.42,
            "book_valuer_per_share_4q_avg": 21.32,
            "equity": 1405506,
            "current_ratio": 310.06,
            "debt_ratio": 27.83,
            "inventory_turnover_ratio": 3.03,
            "account_receivable_turnover_ratio": 0.86,
            "reinvestment_rate": null,
            "research_to_sale_ratio": 1.57,
            "price_fair": 1.8,
            "eps_avg_yearly": 0.6,
            "eps_latest_yearly": 0.6,
            "eps_growth_yearly": -320
        },
        "20141": {
            "year_quarter": 20141,
            "year": 2014,
            "quarter": 1,
            "eps": -0.18,
            "eps_growth_year": null,
            "eps_4q": -0.59,
            "eps_4q_growth_year": null,
            "roe": -0.84,
            "roe_4q": -2.77,
            "gross_profit": 59092,
            "gross_margin": 21.92,
            "gross_margin_4q_avg": 19.73,
            "net_income": -11767,
            "net_income_4q": null,
            "revenue": 269576,
            "revenue_4q": null,
            "common_shares": 656260,
            "book_valuer_per_share": 21.49,
            "book_valuer_per_share_4q_avg": 21.33,
            "equity": 1410535,
            "current_ratio": 335.71,
            "debt_ratio": 28.85,
            "inventory_turnover_ratio": 2.58,
            "account_receivable_turnover_ratio": 0.69,
            "reinvestment_rate": null,
            "research_to_sale_ratio": 2.65,
            "price_fair": 1.8,
            "eps_avg_yearly": 0.6,
            "eps_latest_yearly": 0.6,
            "eps_growth_yearly": -320
        },
        "20142": {
            "year_quarter": 20142,
            "year": 2014,
            "quarter": 2,
            "eps": 0.15,
            "eps_growth_year": null,
            "eps_4q": -0.02,
            "eps_4q_growth_year": null,
            "roe": 0.69,
            "roe_4q": -0.10000000000000003,
            "gross_profit": 81458,
            "gross_margin": 23.98,
            "gross_margin_4q_avg": 22.2,
            "net_income": 9645,
            "net_income_4q": null,
            "revenue": 339666,
            "revenue_4q": null,
            "common_shares": 656260,
            "book_valuer_per_share": 21.33,
            "book_valuer_per_share_4q_avg": 21.33,
            "equity": 1399856,
            "current_ratio": 304.95,
            "debt_ratio": 30.14,
            "inventory_turnover_ratio": 3.47,
            "account_receivable_turnover_ratio": 0.91,
            "reinvestment_rate": null,
            "research_to_sale_ratio": 1.75,
            "price_fair": 1.8,
            "eps_avg_yearly": 0.6,
            "eps_latest_yearly": 0.6,
            "eps_growth_yearly": -320
        },
        "20143": {
            "year_quarter": 20143,
            "year": 2014,
            "quarter": 3,
            "eps": 0.32,
            "eps_growth_year": null,
            "eps_4q": 0.38,
            "eps_4q_growth_year": null,
            "roe": 1.47,
            "roe_4q": 1.7400000000000002,
            "gross_profit": 91384,
            "gross_margin": 26.25,
            "gross_margin_4q_avg": 24.03,
            "net_income": 20856,
            "net_income_4q": null,
            "revenue": 348192,
            "revenue_4q": null,
            "common_shares": 656260,
            "book_valuer_per_share": 21.95,
            "book_valuer_per_share_4q_avg": 21.55,
            "equity": 1440587,
            "current_ratio": 316.59,
            "debt_ratio": 28.69,
            "inventory_turnover_ratio": 2.91,
            "account_receivable_turnover_ratio": 0.87,
            "reinvestment_rate": null,
            "research_to_sale_ratio": 1.57,
            "price_fair": 44.8,
            "eps_avg_yearly": 1.28,
            "eps_latest_yearly": 1.28,
            "eps_growth_yearly": 453.33
        },
        "20144": {
            "year_quarter": 20144,
            "year": 2014,
            "quarter": 4,
            "eps": 0.34,
            "eps_growth_year": 277.39,
            "eps_4q": 0.62,
            "eps_4q_growth_year": null,
            "roe": 1.52,
            "roe_4q": 2.8400000000000003,
            "gross_profit": 93282,
            "gross_margin": 25.03,
            "gross_margin_4q_avg": 24.3,
            "net_income": 22511,
            "net_income_4q": null,
            "revenue": 372636,
            "revenue_4q": null,
            "common_shares": 665860,
            "book_valuer_per_share": 22.88,
            "book_valuer_per_share_4q_avg": 21.91,
            "equity": 1523240,
            "current_ratio": 327.15,
            "debt_ratio": 27.38,
            "inventory_turnover_ratio": 2.99,
            "account_receivable_turnover_ratio": 0.87,
            "reinvestment_rate": null,
            "research_to_sale_ratio": 2.05,
            "price_fair": 46.2,
            "eps_avg_yearly": 1.32,
            "eps_latest_yearly": 1.36,
            "eps_growth_yearly": 239.17
        },
        "20151": {
            "year_quarter": 20151,
            "year": 2015,
            "quarter": 1,
            "eps": -0.02,
            "eps_growth_year": null,
            "eps_4q": 0.77,
            "eps_4q_growth_year": null,
            "roe": -0.1,
            "roe_4q": 3.5799999999999996,
            "gross_profit": 57808,
            "gross_margin": 25.67,
            "gross_margin_4q_avg": 25.23,
            "net_income": -1533,
            "net_income_4q": null,
            "revenue": 225157,
            "revenue_4q": null,
            "common_shares": 665860,
            "book_valuer_per_share": 22.63,
            "book_valuer_per_share_4q_avg": 22.2,
            "equity": 1506905,
            "current_ratio": 352.51,
            "debt_ratio": 27.54,
            "inventory_turnover_ratio": 2.23,
            "account_receivable_turnover_ratio": 0.63,
            "reinvestment_rate": null,
            "research_to_sale_ratio": 2.14,
            "price_fair": 46.2,
            "eps_avg_yearly": 1.32,
            "eps_latest_yearly": 1.36,
            "eps_growth_yearly": 239.17
        },
        "20152": {
            "year_quarter": 20152,
            "year": 2015,
            "quarter": 2,
            "eps": -0.18,
            "eps_growth_year": -220,
            "eps_4q": 0.45,
            "eps_4q_growth_year": null,
            "roe": -0.8,
            "roe_4q": 2.09,
            "gross_profit": 41166,
            "gross_margin": 23.23,
            "gross_margin_4q_avg": 25.05,
            "net_income": -11901,
            "net_income_4q": null,
            "revenue": 177189,
            "revenue_4q": null,
            "common_shares": 665860,
            "book_valuer_per_share": 21.79,
            "book_valuer_per_share_4q_avg": 22.31,
            "equity": 1450619,
            "current_ratio": 321.25,
            "debt_ratio": 27.84,
            "inventory_turnover_ratio": 2.08,
            "account_receivable_turnover_ratio": 0.65,
            "reinvestment_rate": null,
            "research_to_sale_ratio": 3.46,
            "price_fair": 46.2,
            "eps_avg_yearly": 1.32,
            "eps_latest_yearly": 1.36,
            "eps_growth_yearly": 239.17
        },
        "20153": {
            "year_quarter": 20153,
            "year": 2015,
            "quarter": 3,
            "eps": 0.33,
            "eps_growth_year": 3.12,
            "eps_4q": 0.47,
            "eps_4q_growth_year": 24.2,
            "roe": 1.48,
            "roe_4q": 2.1,
            "gross_profit": 52551,
            "gross_margin": 29.44,
            "gross_margin_4q_avg": 25.84,
            "net_income": 21939,
            "net_income_4q": null,
            "revenue": 178474,
            "revenue_4q": null,
            "common_shares": 665860,
            "book_valuer_per_share": 22.65,
            "book_valuer_per_share_4q_avg": 22.49,
            "equity": 1508349,
            "current_ratio": 336.11,
            "debt_ratio": 26.48,
            "inventory_turnover_ratio": 2.16,
            "account_receivable_turnover_ratio": 0.72,
            "reinvestment_rate": null,
            "research_to_sale_ratio": 2.97,
            "price_fair": 46.2,
            "eps_avg_yearly": 1.32,
            "eps_latest_yearly": 1.36,
            "eps_growth_yearly": 239.17
        },
        "20154": {
            "year_quarter": 20154,
            "year": 2015,
            "quarter": 4,
            "eps": 0.04,
            "eps_growth_year": -88.46,
            "eps_4q": 0.17,
            "eps_4q_growth_year": -73.08,
            "roe": 0.17,
            "roe_4q": 0.7499999999999999,
            "gross_profit": 49741,
            "gross_margin": 34.56,
            "gross_margin_4q_avg": 28.23,
            "net_income": 2597,
            "net_income_4q": null,
            "revenue": 143934,
            "revenue_4q": null,
            "common_shares": 665860,
            "book_valuer_per_share": 22.42,
            "book_valuer_per_share_4q_avg": 22.37,
            "equity": 1492554,
            "current_ratio": 324.78,
            "debt_ratio": 26.46,
            "inventory_turnover_ratio": 1.85,
            "account_receivable_turnover_ratio": 0.62,
            "reinvestment_rate": null,
            "research_to_sale_ratio": 4.6,
            "price_fair": 32.67,
            "eps_avg_yearly": 0.93,
            "eps_latest_yearly": 0.16,
            "eps_growth_yearly": 42.27
        },
        "20161": {
            "year_quarter": 20161,
            "year": 2016,
            "quarter": 1,
            "eps": -0.01,
            "eps_growth_year": null,
            "eps_4q": 0.18,
            "eps_4q_growth_year": -77.18,
            "roe": -0.06,
            "roe_4q": 0.79,
            "gross_profit": 40054,
            "gross_margin": 33.43,
            "gross_margin_4q_avg": 30.17,
            "net_income": -890,
            "net_income_4q": null,
            "revenue": 119830,
            "revenue_4q": null,
            "common_shares": 665860,
            "book_valuer_per_share": 22.15,
            "book_valuer_per_share_4q_avg": 22.25,
            "equity": 1474760,
            "current_ratio": 342.13,
            "debt_ratio": 24.31,
            "inventory_turnover_ratio": 1.88,
            "account_receivable_turnover_ratio": 0.6,
            "reinvestment_rate": null,
            "research_to_sale_ratio": 3.38,
            "price_fair": 32.67,
            "eps_avg_yearly": 0.93,
            "eps_latest_yearly": 0.16,
            "eps_growth_yearly": 42.27
        },
        "20162": {
            "year_quarter": 20162,
            "year": 2016,
            "quarter": 2,
            "eps": 0,
            "eps_growth_year": null,
            "eps_4q": 0.36,
            "eps_4q_growth_year": -20.46,
            "roe": 0.01,
            "roe_4q": 1.6,
            "gross_profit": 29240,
            "gross_margin": 26.26,
            "gross_margin_4q_avg": 30.92,
            "net_income": 163,
            "net_income_4q": null,
            "revenue": 111337,
            "revenue_4q": null,
            "common_shares": 665860,
            "book_valuer_per_share": 21.7,
            "book_valuer_per_share_4q_avg": 22.23,
            "equity": 1444685,
            "current_ratio": 364.75,
            "debt_ratio": 22.73,
            "inventory_turnover_ratio": 2.33,
            "account_receivable_turnover_ratio": 0.64,
            "reinvestment_rate": null,
            "research_to_sale_ratio": 4.57,
            "price_fair": 32.67,
            "eps_avg_yearly": 0.93,
            "eps_latest_yearly": 0.16,
            "eps_growth_yearly": 42.27
        },
        "20163": {
            "year_quarter": 20163,
            "year": 2016,
            "quarter": 3,
            "eps": -0.07,
            "eps_growth_year": -121.21,
            "eps_4q": -0.04,
            "eps_4q_growth_year": -108.54,
            "roe": -0.32,
            "roe_4q": -0.19999999999999998,
            "gross_profit": 39905,
            "gross_margin": 37.09,
            "gross_margin_4q_avg": 32.84,
            "net_income": -4519,
            "net_income_4q": null,
            "revenue": 107594,
            "revenue_4q": null,
            "common_shares": 665860,
            "book_valuer_per_share": 21.11,
            "book_valuer_per_share_4q_avg": 21.85,
            "equity": 1405896,
            "current_ratio": 389.28,
            "debt_ratio": 25.48,
            "inventory_turnover_ratio": 2.18,
            "account_receivable_turnover_ratio": 0.7,
            "reinvestment_rate": null,
            "research_to_sale_ratio": 3.1,
            "price_fair": 32.67,
            "eps_avg_yearly": 0.93,
            "eps_latest_yearly": 0.16,
            "eps_growth_yearly": 42.27
        },
        "20164": {
            "year_quarter": 20164,
            "year": 2016,
            "quarter": 4,
            "eps": 0.19,
            "eps_growth_year": 379.9,
            "eps_4q": 0.11,
            "eps_4q_growth_year": -34.99,
            "roe": 0.88,
            "roe_4q": 0.51,
            "gross_profit": 21113,
            "gross_margin": 30.61,
            "gross_margin_4q_avg": 31.85,
            "net_income": 12463,
            "net_income_4q": null,
            "revenue": 68985,
            "revenue_4q": null,
            "common_shares": 665860,
            "book_valuer_per_share": 21.31,
            "book_valuer_per_share_4q_avg": 21.57,
            "equity": 1419058,
            "current_ratio": 399.73,
            "debt_ratio": 24.59,
            "inventory_turnover_ratio": 1.54,
            "account_receivable_turnover_ratio": 0.52,
            "reinvestment_rate": -25811.55,
            "research_to_sale_ratio": 7.56,
            "price_fair": 32.67,
            "eps_avg_yearly": 0.93,
            "eps_latest_yearly": 0.16,
            "eps_growth_yearly": 42.27
        },
        "20171": {
            "year_quarter": 20171,
            "year": 2017,
            "quarter": 1,
            "eps": -0.47,
            "eps_growth_year": null,
            "eps_4q": -0.35,
            "eps_4q_growth_year": -299.9,
            "roe": -2.3,
            "roe_4q": -1.73,
            "gross_profit": 21120,
            "gross_margin": 33.83,
            "gross_margin_4q_avg": 31.95,
            "net_income": -31585,
            "net_income_4q": null,
            "revenue": 62429,
            "revenue_4q": null,
            "common_shares": 665860,
            "book_valuer_per_share": 19.99,
            "book_valuer_per_share_4q_avg": 21.03,
            "equity": 1330879,
            "current_ratio": 438.46,
            "debt_ratio": 25,
            "inventory_turnover_ratio": 1.42,
            "account_receivable_turnover_ratio": 0.59,
            "reinvestment_rate": -20356.35,
            "research_to_sale_ratio": 11.07,
            "price_fair": 32.67,
            "eps_avg_yearly": 0.93,
            "eps_latest_yearly": 0.16,
            "eps_growth_yearly": 42.27
        },
        "20172": {
            "year_quarter": 20172,
            "year": 2017,
            "quarter": 2,
            "eps": 0.16,
            "eps_growth_year": null,
            "eps_4q": -0.19,
            "eps_4q_growth_year": -154.19,
            "roe": 0.8,
            "roe_4q": -0.9399999999999997,
            "gross_profit": 22210,
            "gross_margin": 36.04,
            "gross_margin_4q_avg": 34.39,
            "net_income": 10740,
            "net_income_4q": null,
            "revenue": 61631,
            "revenue_4q": null,
            "common_shares": 665860,
            "book_valuer_per_share": 20.22,
            "book_valuer_per_share_4q_avg": 20.66,
            "equity": 1346693,
            "current_ratio": 472.3,
            "debt_ratio": 23.21,
            "inventory_turnover_ratio": 2.03,
            "account_receivable_turnover_ratio": 0.69,
            "reinvestment_rate": -549.16,
            "research_to_sale_ratio": 4.04,
            "price_fair": 32.67,
            "eps_avg_yearly": 0.93,
            "eps_latest_yearly": 0.16,
            "eps_growth_yearly": 42.27
        },
        "20173": {
            "year_quarter": 20173,
            "year": 2017,
            "quarter": 3,
            "eps": 0.08,
            "eps_growth_year": null,
            "eps_4q": -0.04,
            "eps_4q_growth_year": null,
            "roe": 0.42,
            "roe_4q": -0.19999999999999984,
            "gross_profit": 15511,
            "gross_margin": 34.98,
            "gross_margin_4q_avg": 33.87,
            "net_income": 5620,
            "net_income_4q": null,
            "revenue": 44345,
            "revenue_4q": null,
            "common_shares": 665860,
            "book_valuer_per_share": 20.39,
            "book_valuer_per_share_4q_avg": 20.48,
            "equity": 1357603,
            "current_ratio": 525.77,
            "debt_ratio": 20.15,
            "inventory_turnover_ratio": 2.06,
            "account_receivable_turnover_ratio": 0.55,
            "reinvestment_rate": -525.54,
            "research_to_sale_ratio": 2.4,
            "price_fair": 2.34,
            "eps_avg_yearly": 0.78,
            "eps_latest_yearly": 0.32,
            "eps_growth_yearly": -18.3
        },
        "20174": {
            "year_quarter": 20174,
            "year": 2017,
            "quarter": 4,
            "eps": -0.11,
            "eps_growth_year": -157.06,
            "eps_4q": -0.34,
            "eps_4q_growth_year": -409.49,
            "roe": -0.53,
            "roe_4q": -1.6099999999999999,
            "gross_profit": 19216,
            "gross_margin": 47.28,
            "gross_margin_4q_avg": 38.03,
            "net_income": -7111,
            "net_income_4q": null,
            "revenue": 40647,
            "revenue_4q": null,
            "common_shares": 665860,
            "book_valuer_per_share": 20.16,
            "book_valuer_per_share_4q_avg": 20.19,
            "equity": 1342252,
            "current_ratio": 985.74,
            "debt_ratio": 13.62,
            "inventory_turnover_ratio": 1.98,
            "account_receivable_turnover_ratio": 0.62,
            "reinvestment_rate": -712.99,
            "research_to_sale_ratio": 3.97,
            "price_fair": 2.34,
            "eps_avg_yearly": 0.78,
            "eps_latest_yearly": 0.32,
            "eps_growth_yearly": -18.3
        },
        "20181": {
            "year_quarter": 20181,
            "year": 2018,
            "quarter": 1,
            "eps": -0.06,
            "eps_growth_year": null,
            "eps_4q": 0.08,
            "eps_4q_growth_year": null,
            "roe": -0.28,
            "roe_4q": 0.41,
            "gross_profit": 14642,
            "gross_margin": 50.12,
            "gross_margin_4q_avg": 42.11,
            "net_income": -3732,
            "net_income_4q": null,
            "revenue": 29211,
            "revenue_4q": null,
            "common_shares": 665860,
            "book_valuer_per_share": 20.07,
            "book_valuer_per_share_4q_avg": 20.21,
            "equity": 1336276,
            "current_ratio": 971.87,
            "debt_ratio": 13.19,
            "inventory_turnover_ratio": 1.7,
            "account_receivable_turnover_ratio": 0.63,
            "reinvestment_rate": -569.84,
            "research_to_sale_ratio": 5.14,
            "price_fair": 2.34,
            "eps_avg_yearly": 0.78,
            "eps_latest_yearly": 0.32,
            "eps_growth_yearly": -18.3
        },
        "20182": {
            "year_quarter": 20182,
            "year": 2018,
            "quarter": 2,
            "eps": 3.55,
            "eps_growth_year": 2118.75,
            "eps_4q": 3.47,
            "eps_4q_growth_year": null,
            "roe": 16.8,
            "roe_4q": 16.41,
            "gross_profit": 12936,
            "gross_margin": 40.63,
            "gross_margin_4q_avg": 43.25,
            "net_income": 236453,
            "net_income_4q": null,
            "revenue": 31840,
            "revenue_4q": null,
            "common_shares": 665860,
            "book_valuer_per_share": 22.21,
            "book_valuer_per_share_4q_avg": 20.71,
            "equity": 1478992,
            "current_ratio": 764.75,
            "debt_ratio": 20.2,
            "inventory_turnover_ratio": 2.24,
            "account_receivable_turnover_ratio": 0.86,
            "reinvestment_rate": -221.15,
            "research_to_sale_ratio": 5.39,
            "price_fair": 2.34,
            "eps_avg_yearly": 0.78,
            "eps_latest_yearly": 0.32,
            "eps_growth_yearly": -18.3
        },
        "20183": {
            "year_quarter": 20183,
            "year": 2018,
            "quarter": 3,
            "eps": 0.43,
            "eps_growth_year": 437.5,
            "eps_4q": 3.82,
            "eps_4q_growth_year": null,
            "roe": 1.93,
            "roe_4q": 17.919999999999998,
            "gross_profit": 7350,
            "gross_margin": 24.32,
            "gross_margin_4q_avg": 40.59,
            "net_income": 28832,
            "net_income_4q": null,
            "revenue": 30225,
            "revenue_4q": null,
            "common_shares": 665860,
            "book_valuer_per_share": 22.55,
            "book_valuer_per_share_4q_avg": 21.25,
            "equity": 1501529,
            "current_ratio": 731.02,
            "debt_ratio": 20.44,
            "inventory_turnover_ratio": 3.35,
            "account_receivable_turnover_ratio": 0.75,
            "reinvestment_rate": -214.23,
            "research_to_sale_ratio": 7.42,
            "price_fair": 2.67,
            "eps_avg_yearly": 0.89,
            "eps_latest_yearly": 1.72,
            "eps_growth_yearly": -219.52
        },
        "20184": {
            "year_quarter": 20184,
            "year": 2018,
            "quarter": 4,
            "eps": 0.27,
            "eps_growth_year": null,
            "eps_4q": 4.2,
            "eps_4q_growth_year": null,
            "roe": 1.2,
            "roe_4q": 19.65,
            "gross_profit": 10407,
            "gross_margin": 45.75,
            "gross_margin_4q_avg": 40.21,
            "net_income": 18070,
            "net_income_4q": null,
            "revenue": 22746,
            "revenue_4q": null,
            "common_shares": 665860,
            "book_valuer_per_share": 22.87,
            "book_valuer_per_share_4q_avg": 21.93,
            "equity": 1522643,
            "current_ratio": 713.91,
            "debt_ratio": 20.33,
            "inventory_turnover_ratio": 2.1,
            "account_receivable_turnover_ratio": 0.6,
            "reinvestment_rate": -219.92,
            "research_to_sale_ratio": 10.11,
            "price_fair": 2.46,
            "eps_avg_yearly": 0.82,
            "eps_latest_yearly": 1.08,
            "eps_growth_yearly": -262.98
        },
        "20191": {
            "year_quarter": 20191,
            "year": 2019,
            "quarter": 1,
            "eps": 0.33,
            "eps_growth_year": null,
            "eps_4q": 4.58,
            "eps_4q_growth_year": 5430.03,
            "roe": 1.42,
            "roe_4q": 21.35,
            "gross_profit": 7588,
            "gross_margin": 37.35,
            "gross_margin_4q_avg": 37.01,
            "net_income": 21736,
            "net_income_4q": null,
            "revenue": 20318,
            "revenue_4q": null,
            "common_shares": 665860,
            "book_valuer_per_share": 23.27,
            "book_valuer_per_share_4q_avg": 22.73,
            "equity": 1549393,
            "current_ratio": 781.44,
            "debt_ratio": 20.65,
            "inventory_turnover_ratio": 3.1,
            "account_receivable_turnover_ratio": 0.74,
            "reinvestment_rate": -192.99,
            "research_to_sale_ratio": 3.93,
            "price_fair": 2.76,
            "eps_avg_yearly": 0.92,
            "eps_latest_yearly": 1.32,
            "eps_growth_yearly": -192.6
        },
        "20192": {
            "year_quarter": 20192,
            "year": 2019,
            "quarter": 2,
            "eps": 0.2,
            "eps_growth_year": -94.37,
            "eps_4q": 1.23,
            "eps_4q_growth_year": -64.49,
            "roe": 0.87,
            "roe_4q": 5.42,
            "gross_profit": 3787,
            "gross_margin": 31.73,
            "gross_margin_4q_avg": 34.79,
            "net_income": 13474,
            "net_income_4q": null,
            "revenue": 11934,
            "revenue_4q": null,
            "common_shares": 665860,
            "book_valuer_per_share": 23.03,
            "book_valuer_per_share_4q_avg": 22.93,
            "equity": 1533397,
            "current_ratio": 640.49,
            "debt_ratio": 23.01,
            "inventory_turnover_ratio": 4.8,
            "account_receivable_turnover_ratio": 0.74,
            "reinvestment_rate": -175.21,
            "research_to_sale_ratio": 8.08,
            "price_fair": 2.7,
            "eps_avg_yearly": 0.9,
            "eps_latest_yearly": 0.8,
            "eps_growth_yearly": -186.76
        },
        "20193": {
            "year_quarter": 20193,
            "year": 2019,
            "quarter": 3,
            "eps": 0.29,
            "eps_growth_year": -32.56,
            "eps_4q": 1.09,
            "eps_4q_growth_year": -71.55,
            "roe": 1.24,
            "roe_4q": 4.7299999999999995,
            "gross_profit": 4277,
            "gross_margin": 35.6,
            "gross_margin_4q_avg": 37.61,
            "net_income": 19097,
            "net_income_4q": null,
            "revenue": 12013,
            "revenue_4q": null,
            "common_shares": 665860,
            "book_valuer_per_share": 23.25,
            "book_valuer_per_share_4q_avg": 23.11,
            "equity": 1548331,
            "current_ratio": 621.58,
            "debt_ratio": 23.13,
            "inventory_turnover_ratio": 6.58,
            "account_receivable_turnover_ratio": 1.1,
            "reinvestment_rate": -173.44,
            "research_to_sale_ratio": 5.94,
            "price_fair": 2.81,
            "eps_avg_yearly": 0.94,
            "eps_latest_yearly": 1.16,
            "eps_growth_yearly": -134.37
        },
        "20194": {
            "year_quarter": 20194,
            "year": 2019,
            "quarter": 4,
            "eps": -0.13,
            "eps_growth_year": -149.57,
            "eps_4q": 0.68,
            "eps_4q_growth_year": -83.78,
            "roe": -0.59,
            "roe_4q": 2.94,
            "gross_profit": 2698,
            "gross_margin": 30.01,
            "gross_margin_4q_avg": 33.67,
            "net_income": -8957,
            "net_income_4q": null,
            "revenue": 8989,
            "revenue_4q": null,
            "common_shares": 665860,
            "book_valuer_per_share": 22.7,
            "book_valuer_per_share_4q_avg": 23.06,
            "equity": 1511294,
            "current_ratio": 569.18,
            "debt_ratio": 24.3,
            "inventory_turnover_ratio": 4.96,
            "account_receivable_turnover_ratio": 0.89,
            "reinvestment_rate": -169.75,
            "research_to_sale_ratio": 7.49,
            "price_fair": 3.2,
            "eps_avg_yearly": 1.07,
            "eps_latest_yearly": 1.16,
            "eps_growth_yearly": -98.18
        },
        "20201": {
            "year_quarter": 20201,
            "year": 2020,
            "quarter": 1,
            "eps": 0.37,
            "eps_growth_year": 12.12,
            "eps_4q": 0.73,
            "eps_4q_growth_year": -84.14,
            "roe": 1.62,
            "roe_4q": 3.1400000000000006,
            "gross_profit": 1982,
            "gross_margin": 30.49,
            "gross_margin_4q_avg": 31.96,
            "net_income": 24774,
            "net_income_4q": null,
            "revenue": 6501,
            "revenue_4q": null,
            "common_shares": 665860,
            "book_valuer_per_share": 23.15,
            "book_valuer_per_share_4q_avg": 23.03,
            "equity": 1541596,
            "current_ratio": 562.75,
            "debt_ratio": 24.15,
            "inventory_turnover_ratio": 3.77,
            "account_receivable_turnover_ratio": 0.8,
            "reinvestment_rate": -151.77,
            "research_to_sale_ratio": 10.04,
            "price_fair": 3.2,
            "eps_avg_yearly": 1.07,
            "eps_latest_yearly": 1.16,
            "eps_growth_yearly": -98.18
        },
        "20202": {
            "year_quarter": 20202,
            "year": 2020,
            "quarter": 2,
            "eps": 0.08,
            "eps_growth_year": -60,
            "eps_4q": 0.6,
            "eps_4q_growth_year": -50.99,
            "roe": 0.35,
            "roe_4q": 2.62,
            "gross_profit": 2561,
            "gross_margin": 35.9,
            "gross_margin_4q_avg": 33,
            "net_income": 5333,
            "net_income_4q": null,
            "revenue": 7134,
            "revenue_4q": null,
            "common_shares": 665860,
            "book_valuer_per_share": 22.68,
            "book_valuer_per_share_4q_avg": 22.95,
            "equity": 1509934,
            "current_ratio": 792.39,
            "debt_ratio": 19.53,
            "inventory_turnover_ratio": 4.95,
            "account_receivable_turnover_ratio": 1.06,
            "reinvestment_rate": -141.38,
            "research_to_sale_ratio": 9.9,
            "price_fair": 2.88,
            "eps_avg_yearly": 0.96,
            "eps_latest_yearly": 0.32,
            "eps_growth_yearly": -128.94
        },
        "20203": {
            "year_quarter": 20203,
            "year": 2020,
            "quarter": 3,
            "eps": 0.04,
            "eps_growth_year": -86.21,
            "eps_4q": 0.35,
            "eps_4q_growth_year": -67.41,
            "roe": 0.16,
            "roe_4q": 1.54,
            "gross_profit": 3065,
            "gross_margin": 29.39,
            "gross_margin_4q_avg": 31.45,
            "net_income": 2435,
            "net_income_4q": null,
            "revenue": 10429,
            "revenue_4q": null,
            "common_shares": 665860,
            "book_valuer_per_share": 22.53,
            "book_valuer_per_share_4q_avg": 22.77,
            "equity": 1500275,
            "current_ratio": 1380.12,
            "debt_ratio": 14.5,
            "inventory_turnover_ratio": 10.62,
            "account_receivable_turnover_ratio": 1.39,
            "reinvestment_rate": -127.94,
            "research_to_sale_ratio": 4.18,
            "price_fair": 2.58,
            "eps_avg_yearly": 0.86,
            "eps_latest_yearly": 0.16,
            "eps_growth_yearly": -137.82
        },
        "20204": {
            "year_quarter": 20204,
            "year": 2020,
            "quarter": 4,
            "eps": 0,
            "eps_growth_year": null,
            "eps_4q": 0.49,
            "eps_4q_growth_year": -28.21,
            "roe": 0,
            "roe_4q": 2.13,
            "gross_profit": 1784,
            "gross_margin": 23.89,
            "gross_margin_4q_avg": 29.92,
            "net_income": 16,
            "net_income_4q": null,
            "revenue": 7469,
            "revenue_4q": null,
            "common_shares": 665860,
            "book_valuer_per_share": 22.98,
            "book_valuer_per_share_4q_avg": 22.84,
            "equity": 1530434,
            "current_ratio": 1787.69,
            "debt_ratio": 12.77,
            "inventory_turnover_ratio": 7.59,
            "account_receivable_turnover_ratio": 0.96,
            "reinvestment_rate": -127.73,
            "research_to_sale_ratio": 5.89,
            "price_fair": 2.58,
            "eps_avg_yearly": 0.86,
            "eps_latest_yearly": 0.16,
            "eps_growth_yearly": -137.82
        },
        "20211": {
            "year_quarter": 20211,
            "year": 2021,
            "quarter": 1,
            "eps": 0.34,
            "eps_growth_year": -8.11,
            "eps_4q": 0.46,
            "eps_4q_growth_year": -37.28,
            "roe": 1.45,
            "roe_4q": 1.96,
            "gross_profit": 2480,
            "gross_margin": 27.9,
            "gross_margin_4q_avg": 29.27,
            "net_income": 22564,
            "net_income_4q": null,
            "revenue": 8889,
            "revenue_4q": null,
            "common_shares": 665860,
            "book_valuer_per_share": 23.76,
            "book_valuer_per_share_4q_avg": 22.99,
            "equity": 1582215,
            "current_ratio": 1970.13,
            "debt_ratio": 11.95,
            "inventory_turnover_ratio": 6.97,
            "account_receivable_turnover_ratio": 1.17,
            "reinvestment_rate": -95.33,
            "research_to_sale_ratio": 5.12,
            "price_fair": 2.58,
            "eps_avg_yearly": 0.86,
            "eps_latest_yearly": 0.16,
            "eps_growth_yearly": -137.82
        },
        "20212": {
            "year_quarter": 20212,
            "year": 2021,
            "quarter": 2,
            "eps": 0.05,
            "eps_growth_year": -37.5,
            "eps_4q": 0.43,
            "eps_4q_growth_year": -29.34,
            "roe": 0.22,
            "roe_4q": 1.8299999999999998,
            "gross_profit": 3652,
            "gross_margin": 28.53,
            "gross_margin_4q_avg": 27.43,
            "net_income": 3422,
            "net_income_4q": null,
            "revenue": 12802,
            "revenue_4q": null,
            "common_shares": 665860,
            "book_valuer_per_share": 23.51,
            "book_valuer_per_share_4q_avg": 23.2,
            "equity": 1565462,
            "current_ratio": 2553.08,
            "debt_ratio": 11.24,
            "inventory_turnover_ratio": 8.14,
            "account_receivable_turnover_ratio": 1.29,
            "reinvestment_rate": -95.64,
            "research_to_sale_ratio": 9.21,
            "price_fair": 2.36,
            "eps_avg_yearly": 0.79,
            "eps_latest_yearly": 0.2,
            "eps_growth_yearly": -160.42
        },
        "20213": {
            "year_quarter": 20213,
            "year": 2021,
            "quarter": 3,
            "eps": 0.26,
            "eps_growth_year": 550,
            "eps_4q": 0.65,
            "eps_4q_growth_year": 83.93,
            "roe": 1.11,
            "roe_4q": 2.7800000000000002,
            "gross_profit": 2205,
            "gross_margin": 25.6,
            "gross_margin_4q_avg": 26.48,
            "net_income": 17378,
            "net_income_4q": null,
            "revenue": 8614,
            "revenue_4q": null,
            "common_shares": 665860,
            "book_valuer_per_share": 23.53,
            "book_valuer_per_share_4q_avg": 23.45,
            "equity": 1567045,
            "current_ratio": 1377.68,
            "debt_ratio": 14.17,
            "inventory_turnover_ratio": 5.16,
            "account_receivable_turnover_ratio": 0.75,
            "reinvestment_rate": -95.6,
            "research_to_sale_ratio": 6.54,
            "price_fair": 30.33,
            "eps_avg_yearly": 0.87,
            "eps_latest_yearly": 1.04,
            "eps_growth_yearly": 48.47
        },
        "20214": {
            "year_quarter": 20214,
            "year": 2021,
            "quarter": 4,
            "eps": 0.2,
            "eps_growth_year": 85077.92,
            "eps_4q": 0.86,
            "eps_4q_growth_year": 75,
            "roe": 0.86,
            "roe_4q": 3.6400000000000006,
            "gross_profit": 3580,
            "gross_margin": 55.74,
            "gross_margin_4q_avg": 34.44,
            "net_income": 13612,
            "net_income_4q": null,
            "revenue": 6423,
            "revenue_4q": null,
            "common_shares": 665860,
            "book_valuer_per_share": 23.91,
            "book_valuer_per_share_4q_avg": 23.68,
            "equity": 1591784,
            "current_ratio": 3169.58,
            "debt_ratio": 10.74,
            "inventory_turnover_ratio": 2.87,
            "account_receivable_turnover_ratio": 0.77,
            "reinvestment_rate": -89.39,
            "research_to_sale_ratio": 7.27,
            "price_fair": 30.1,
            "eps_avg_yearly": 0.86,
            "eps_latest_yearly": 0.8,
            "eps_growth_yearly": 34.39
        },
        "20221": {
            "year_quarter": 20221,
            "year": 2022,
            "quarter": 1,
            "eps": 0.56,
            "eps_growth_year": 64.71,
            "eps_4q": 1.08,
            "eps_4q_growth_year": 136.96,
            "roe": 2.3,
            "roe_4q": 4.489999999999999,
            "gross_profit": 1135,
            "gross_margin": 36.86,
            "gross_margin_4q_avg": 36.68,
            "net_income": 37501,
            "net_income_4q": null,
            "revenue": 3079,
            "revenue_4q": null,
            "common_shares": 665860,
            "book_valuer_per_share": 25.11,
            "book_valuer_per_share_4q_avg": 24.02,
            "equity": 1671734,
            "current_ratio": 3281.36,
            "debt_ratio": 10.53,
            "inventory_turnover_ratio": 1.95,
            "account_receivable_turnover_ratio": 0.66,
            "reinvestment_rate": -81.95,
            "research_to_sale_ratio": 15.17,
            "price_fair": 34.49,
            "eps_avg_yearly": 0.99,
            "eps_latest_yearly": 2.24,
            "eps_growth_yearly": 96.72
        },
        "20222": {
            "year_quarter": 20222,
            "year": 2022,
            "quarter": 2,
            "eps": 0.62,
            "eps_growth_year": 1140,
            "eps_4q": 1.64,
            "eps_4q_growth_year": 285.08,
            "roe": 2.45,
            "roe_4q": 6.720000000000001,
            "gross_profit": 1496,
            "gross_margin": 24.83,
            "gross_margin_4q_avg": 35.76,
            "net_income": 41015,
            "net_income_4q": null,
            "revenue": 6025,
            "revenue_4q": null,
            "common_shares": 665860,
            "book_valuer_per_share": 25.23,
            "book_valuer_per_share_4q_avg": 24.45,
            "equity": 1680230,
            "current_ratio": 1999.38,
            "debt_ratio": 12.56,
            "inventory_turnover_ratio": 4.31,
            "account_receivable_turnover_ratio": 1.3,
            "reinvestment_rate": -1.19,
            "research_to_sale_ratio": 7.62,
            "price_fair": 38.85,
            "eps_avg_yearly": 1.11,
            "eps_latest_yearly": 2.48,
            "eps_growth_yearly": 92.23
        },
        "20223": {
            "year_quarter": 20223,
            "year": 2022,
            "quarter": 3,
            "eps": 1.11,
            "eps_growth_year": 326.92,
            "eps_4q": 2.49,
            "eps_4q_growth_year": 282.27,
            "roe": 4.24,
            "roe_4q": 9.85,
            "gross_profit": 2153,
            "gross_margin": 33.23,
            "gross_margin_4q_avg": 37.67,
            "net_income": 73699,
            "net_income_4q": null,
            "revenue": 6479,
            "revenue_4q": null,
            "common_shares": 665860,
            "book_valuer_per_share": 26.98,
            "book_valuer_per_share_4q_avg": 25.31,
            "equity": 1796752,
            "current_ratio": 3262.71,
            "debt_ratio": 11.18,
            "inventory_turnover_ratio": 6.62,
            "account_receivable_turnover_ratio": 1.05,
            "reinvestment_rate": -0.38,
            "research_to_sale_ratio": 8.78,
            "price_fair": 46.78,
            "eps_avg_yearly": 1.34,
            "eps_latest_yearly": 4.44,
            "eps_growth_yearly": 147.87
        },
        "20224": {
            "year_quarter": 20224,
            "year": 2022,
            "quarter": 4,
            "eps": -19.86,
            "eps_growth_year": -9815.3,
            "eps_4q": -17.57,
            "eps_4q_growth_year": -2153.9,
            "roe": -118.1,
            "roe_4q": -109.11,
            "gross_profit": -20,
            "gross_margin": -0.6,
            "gross_margin_4q_avg": 23.58,
            "net_income": -1322445,
            "net_income_4q": null,
            "revenue": 3349,
            "revenue_4q": null,
            "common_shares": 665860,
            "book_valuer_per_share": 6.65,
            "book_valuer_per_share_4q_avg": 20.99,
            "equity": 442802,
            "current_ratio": 464.87,
            "debt_ratio": 9.31,
            "inventory_turnover_ratio": 7.92,
            "account_receivable_turnover_ratio": 0.66,
            "reinvestment_rate": null,
            "research_to_sale_ratio": 15.86,
            "price_fair": 47.6,
            "eps_avg_yearly": 1.36,
            "eps_latest_yearly": 4.44,
            "eps_growth_yearly": 174.85
        },
        "20231": {
            "year_quarter": 20231,
            "year": 2023,
            "quarter": 1,
            "eps": -0.03,
            "eps_growth_year": -105.36,
            "eps_4q": -18.17,
            "eps_4q_growth_year": -1782.3,
            "roe": -0.47,
            "roe_4q": -111.88,
            "gross_profit": 1520,
            "gross_margin": 35.24,
            "gross_margin_4q_avg": 23.18,
            "net_income": -2060,
            "net_income_4q": null,
            "revenue": 4313,
            "revenue_4q": null,
            "common_shares": 665860,
            "book_valuer_per_share": 6.54,
            "book_valuer_per_share_4q_avg": 16.35,
            "equity": 435562,
            "current_ratio": 602.37,
            "debt_ratio": 6.99,
            "inventory_turnover_ratio": 6.71,
            "account_receivable_turnover_ratio": 1.07,
            "reinvestment_rate": null,
            "research_to_sale_ratio": 10.87,
            "price_fair": 47.74,
            "eps_avg_yearly": 1.36,
            "eps_latest_yearly": 4.44,
            "eps_growth_yearly": 183.44
        },
        "20232": {
            "year_quarter": 20232,
            "year": 2023,
            "quarter": 2,
            "eps": -0.07,
            "eps_growth_year": -111.29,
            "eps_4q": -18.85,
            "eps_4q_growth_year": -1246.41,
            "roe": -1.05,
            "roe_4q": -115.38,
            "gross_profit": 1507,
            "gross_margin": 30.63,
            "gross_margin_4q_avg": 24.63,
            "net_income": -4584,
            "net_income_4q": null,
            "revenue": 4920,
            "revenue_4q": null,
            "common_shares": 665860,
            "book_valuer_per_share": 6.6,
            "book_valuer_per_share_4q_avg": 11.69,
            "equity": 439767,
            "current_ratio": 730.37,
            "debt_ratio": 5.93,
            "inventory_turnover_ratio": 10.92,
            "account_receivable_turnover_ratio": 1.05,
            "reinvestment_rate": null,
            "research_to_sale_ratio": 9.23,
            "price_fair": 49.93,
            "eps_avg_yearly": 1.43,
            "eps_latest_yearly": 4.44,
            "eps_growth_yearly": 221.33
        }
    },
    "months": {
        "2009-12": {
            "month": "2009-12",
            "price": "43.27",
            "revenue": 153330
        },
        "2010-01": {
            "month": "2010-01",
            "price": "43.73",
            "revenue": 173156
        },
        "2010-02": {
            "month": "2010-02",
            "price": "33.25",
            "revenue": 98060
        },
        "2010-03": {
            "month": "2010-03",
            "price": "32.24",
            "revenue": 161206
        },
        "2010-04": {
            "month": "2010-04",
            "price": "33.79",
            "revenue": 139533
        },
        "2010-05": {
            "month": "2010-05",
            "price": "32.30",
            "revenue": 139783
        },
        "2010-06": {
            "month": "2010-06",
            "price": "30.18",
            "revenue": 119347
        },
        "2010-07": {
            "month": "2010-07",
            "price": "28.01",
            "revenue": 96011
        },
        "2010-08": {
            "month": "2010-08",
            "price": "29.22",
            "revenue": 98077
        },
        "2010-09": {
            "month": "2010-09",
            "price": "33.83",
            "revenue": 120028
        },
        "2010-10": {
            "month": "2010-10",
            "price": "33.52",
            "revenue": 96965
        },
        "2010-11": {
            "month": "2010-11",
            "price": "30.61",
            "revenue": 79747
        },
        "2010-12": {
            "month": "2010-12",
            "price": "33.22",
            "revenue": 83218
        },
        "2011-01": {
            "month": "2011-01",
            "price": "41.66",
            "revenue": 68340
        },
        "2011-02": {
            "month": "2011-02",
            "price": "39.90",
            "revenue": 42953
        },
        "2011-03": {
            "month": "2011-03",
            "price": "38.89",
            "revenue": 74265
        },
        "2011-04": {
            "month": "2011-04",
            "price": "32.47",
            "revenue": 74309
        },
        "2011-05": {
            "month": "2011-05",
            "price": "24.35",
            "revenue": 72550
        },
        "2011-06": {
            "month": "2011-06",
            "price": "20.36",
            "revenue": 64415
        },
        "2011-07": {
            "month": "2011-07",
            "price": "16.55",
            "revenue": 54777
        },
        "2011-08": {
            "month": "2011-08",
            "price": "12.85",
            "revenue": 51684
        },
        "2011-09": {
            "month": "2011-09",
            "price": "12.37",
            "revenue": 72148
        },
        "2011-10": {
            "month": "2011-10",
            "price": "13.32",
            "revenue": 50941
        },
        "2011-11": {
            "month": "2011-11",
            "price": "11.80",
            "revenue": 54696
        },
        "2011-12": {
            "month": "2011-12",
            "price": "10.27",
            "revenue": 51083
        },
        "2012-01": {
            "month": "2012-01",
            "price": "10.55",
            "revenue": 45269
        },
        "2012-02": {
            "month": "2012-02",
            "price": "13.70",
            "revenue": 46767
        },
        "2012-03": {
            "month": "2012-03",
            "price": "13.02",
            "revenue": 56895
        },
        "2012-04": {
            "month": "2012-04",
            "price": "10.88",
            "revenue": 51049
        },
        "2012-05": {
            "month": "2012-05",
            "price": "9.96",
            "revenue": 57368
        },
        "2012-06": {
            "month": "2012-06",
            "price": "9.15",
            "revenue": 41476
        },
        "2012-07": {
            "month": "2012-07",
            "price": "9.08",
            "revenue": 42359
        },
        "2012-08": {
            "month": "2012-08",
            "price": "9.20",
            "revenue": 55093
        },
        "2012-09": {
            "month": "2012-09",
            "price": "10.76",
            "revenue": 59720
        },
        "2012-10": {
            "month": "2012-10",
            "price": "10.67",
            "revenue": 63363
        },
        "2012-11": {
            "month": "2012-11",
            "price": "9.21",
            "revenue": 63775
        },
        "2012-12": {
            "month": "2012-12",
            "price": "9.88",
            "revenue": 69926
        },
        "2013-01": {
            "month": "2013-01",
            "price": "10.39",
            "revenue": 105878
        },
        "2013-02": {
            "month": "2013-02",
            "price": "10.45",
            "revenue": 72300
        },
        "2013-03": {
            "month": "2013-03",
            "price": "12.47",
            "revenue": 104715
        },
        "2013-04": {
            "month": "2013-04",
            "price": "13.20",
            "revenue": 102530
        },
        "2013-05": {
            "month": "2013-05",
            "price": "13.99",
            "revenue": 110053
        },
        "2013-06": {
            "month": "2013-06",
            "price": "12.36",
            "revenue": 103025
        },
        "2013-07": {
            "month": "2013-07",
            "price": "11.81",
            "revenue": 99194
        },
        "2013-08": {
            "month": "2013-08",
            "price": "11.80",
            "revenue": 100689
        },
        "2013-09": {
            "month": "2013-09",
            "price": "11.34",
            "revenue": 113836
        },
        "2013-10": {
            "month": "2013-10",
            "price": "11.81",
            "revenue": 107800
        },
        "2013-11": {
            "month": "2013-11",
            "price": "11.05",
            "revenue": 129991
        },
        "2013-12": {
            "month": "2013-12",
            "price": "13.35",
            "revenue": 102334
        },
        "2014-01": {
            "month": "2014-01",
            "price": "16.64",
            "revenue": 90396
        },
        "2014-02": {
            "month": "2014-02",
            "price": "17.52",
            "revenue": 75625
        },
        "2014-03": {
            "month": "2014-03",
            "price": "17.17",
            "revenue": 103554
        },
        "2014-04": {
            "month": "2014-04",
            "price": "15.22",
            "revenue": 108678
        },
        "2014-05": {
            "month": "2014-05",
            "price": "14.62",
            "revenue": 120120
        },
        "2014-06": {
            "month": "2014-06",
            "price": "15.42",
            "revenue": 110873
        },
        "2014-07": {
            "month": "2014-07",
            "price": "15.66",
            "revenue": 104829
        },
        "2014-08": {
            "month": "2014-08",
            "price": "15.92",
            "revenue": 112381
        },
        "2014-09": {
            "month": "2014-09",
            "price": "18.74",
            "revenue": 130977
        },
        "2014-10": {
            "month": "2014-10",
            "price": "24.11",
            "revenue": 110772
        },
        "2014-11": {
            "month": "2014-11",
            "price": "21.15",
            "revenue": 160702
        },
        "2014-12": {
            "month": "2014-12",
            "price": "26.51",
            "revenue": 101155
        },
        "2015-01": {
            "month": "2015-01",
            "price": "25.98",
            "revenue": 92559
        },
        "2015-02": {
            "month": "2015-02",
            "price": "24.64",
            "revenue": 63363
        },
        "2015-03": {
            "month": "2015-03",
            "price": "24.65",
            "revenue": 69038
        },
        "2015-04": {
            "month": "2015-04",
            "price": "21.73",
            "revenue": 59780
        },
        "2015-05": {
            "month": "2015-05",
            "price": "17.14",
            "revenue": 58939
        },
        "2015-06": {
            "month": "2015-06",
            "price": "15.21",
            "revenue": 58668
        },
        "2015-07": {
            "month": "2015-07",
            "price": "14.74",
            "revenue": 54094
        },
        "2015-08": {
            "month": "2015-08",
            "price": "11.83",
            "revenue": 57264
        },
        "2015-09": {
            "month": "2015-09",
            "price": "12.56",
            "revenue": 67112
        },
        "2015-10": {
            "month": "2015-10",
            "price": "13.48",
            "revenue": 46640
        },
        "2015-11": {
            "month": "2015-11",
            "price": "13.59",
            "revenue": 48220
        },
        "2015-12": {
            "month": "2015-12",
            "price": "13.52",
            "revenue": 49074
        },
        "2016-01": {
            "month": "2016-01",
            "price": "11.67",
            "revenue": 41266
        },
        "2016-02": {
            "month": "2016-02",
            "price": "11.67",
            "revenue": 31303
        },
        "2016-03": {
            "month": "2016-03",
            "price": "12.33",
            "revenue": 47262
        },
        "2016-04": {
            "month": "2016-04",
            "price": "11.30",
            "revenue": 34579
        },
        "2016-05": {
            "month": "2016-05",
            "price": "10.43",
            "revenue": 43254
        },
        "2016-06": {
            "month": "2016-06",
            "price": "10.73",
            "revenue": 33502
        },
        "2016-07": {
            "month": "2016-07",
            "price": "11.74",
            "revenue": 34410
        },
        "2016-08": {
            "month": "2016-08",
            "price": "11.31",
            "revenue": 37827
        },
        "2016-09": {
            "month": "2016-09",
            "price": "11.88",
            "revenue": 35359
        },
        "2016-10": {
            "month": "2016-10",
            "price": "12.77",
            "revenue": 21570
        },
        "2016-11": {
            "month": "2016-11",
            "price": "12.38",
            "revenue": 26029
        },
        "2016-12": {
            "month": "2016-12",
            "price": "12.31",
            "revenue": 21385
        },
        "2017-01": {
            "month": "2017-01",
            "price": "11.92",
            "revenue": 21098
        },
        "2017-02": {
            "month": "2017-02",
            "price": "11.71",
            "revenue": 17064
        },
        "2017-03": {
            "month": "2017-03",
            "price": "12.81",
            "revenue": 24267
        },
        "2017-04": {
            "month": "2017-04",
            "price": "12.18",
            "revenue": 20934
        },
        "2017-05": {
            "month": "2017-05",
            "price": "11.72",
            "revenue": 22141
        },
        "2017-06": {
            "month": "2017-06",
            "price": "13.40",
            "revenue": 18556
        },
        "2017-07": {
            "month": "2017-07",
            "price": "13.63",
            "revenue": 14222
        },
        "2017-08": {
            "month": "2017-08",
            "price": "12.78",
            "revenue": 14515
        },
        "2017-09": {
            "month": "2017-09",
            "price": "13.15",
            "revenue": 15609
        },
        "2017-10": {
            "month": "2017-10",
            "price": "12.88",
            "revenue": 15982
        },
        "2017-11": {
            "month": "2017-11",
            "price": "12.38",
            "revenue": 13807
        },
        "2017-12": {
            "month": "2017-12",
            "price": "11.07",
            "revenue": 10857
        },
        "2018-01": {
            "month": "2018-01",
            "price": "11.74",
            "revenue": 10929
        },
        "2018-02": {
            "month": "2018-02",
            "price": "11.10",
            "revenue": 6470
        },
        "2018-03": {
            "month": "2018-03",
            "price": "12.63",
            "revenue": 11812
        },
        "2018-04": {
            "month": "2018-04",
            "price": "14.73",
            "revenue": 9916
        },
        "2018-05": {
            "month": "2018-05",
            "price": "14.37",
            "revenue": 12113
        },
        "2018-06": {
            "month": "2018-06",
            "price": "15.63",
            "revenue": 9811
        },
        "2018-07": {
            "month": "2018-07",
            "price": "17.48",
            "revenue": 8498
        },
        "2018-08": {
            "month": "2018-08",
            "price": "15.97",
            "revenue": 11765
        },
        "2018-09": {
            "month": "2018-09",
            "price": "15.68",
            "revenue": 9964
        },
        "2018-10": {
            "month": "2018-10",
            "price": "14.03",
            "revenue": 8878
        },
        "2018-11": {
            "month": "2018-11",
            "price": "14.00",
            "revenue": 8097
        },
        "2018-12": {
            "month": "2018-12",
            "price": "15.08",
            "revenue": 5772
        },
        "2019-01": {
            "month": "2019-01",
            "price": "14.98",
            "revenue": 8898
        },
        "2019-02": {
            "month": "2019-02",
            "price": "15.85",
            "revenue": 3916
        },
        "2019-03": {
            "month": "2019-03",
            "price": "15.80",
            "revenue": 7505
        },
        "2019-04": {
            "month": "2019-04",
            "price": "15.34",
            "revenue": 4372
        },
        "2019-05": {
            "month": "2019-05",
            "price": "14.96",
            "revenue": 4043
        },
        "2019-06": {
            "month": "2019-06",
            "price": "14.12",
            "revenue": 3518
        },
        "2019-07": {
            "month": "2019-07",
            "price": "14.17",
            "revenue": 4692
        },
        "2019-08": {
            "month": "2019-08",
            "price": "14.01",
            "revenue": 4328
        },
        "2019-09": {
            "month": "2019-09",
            "price": "14.08",
            "revenue": 2993
        },
        "2019-10": {
            "month": "2019-10",
            "price": "13.08",
            "revenue": 2447
        },
        "2019-11": {
            "month": "2019-11",
            "price": "12.97",
            "revenue": 3482
        },
        "2019-12": {
            "month": "2019-12",
            "price": "13.13",
            "revenue": 3060
        },
        "2020-01": {
            "month": "2020-01",
            "price": "12.88",
            "revenue": 2886
        },
        "2020-02": {
            "month": "2020-02",
            "price": "12.08",
            "revenue": 1244
        },
        "2020-03": {
            "month": "2020-03",
            "price": "10.05",
            "revenue": 2371
        },
        "2020-04": {
            "month": "2020-04",
            "price": "9.95",
            "revenue": 2715
        },
        "2020-05": {
            "month": "2020-05",
            "price": "11.20",
            "revenue": 2456
        },
        "2020-06": {
            "month": "2020-06",
            "price": "12.16",
            "revenue": 1963
        },
        "2020-07": {
            "month": "2020-07",
            "price": "12.77",
            "revenue": 4390
        },
        "2020-08": {
            "month": "2020-08",
            "price": "12.68",
            "revenue": 2271
        },
        "2020-09": {
            "month": "2020-09",
            "price": "12.84",
            "revenue": 3768
        },
        "2020-10": {
            "month": "2020-10",
            "price": "13.09",
            "revenue": 1896
        },
        "2020-11": {
            "month": "2020-11",
            "price": "12.74",
            "revenue": 2929
        },
        "2020-12": {
            "month": "2020-12",
            "price": "13.19",
            "revenue": 2644
        },
        "2021-01": {
            "month": "2021-01",
            "price": "13.31",
            "revenue": 3648
        },
        "2021-02": {
            "month": "2021-02",
            "price": "13.02",
            "revenue": 1351
        },
        "2021-03": {
            "month": "2021-03",
            "price": "13.39",
            "revenue": 3890
        },
        "2021-04": {
            "month": "2021-04",
            "price": "14.81",
            "revenue": 4283
        },
        "2021-05": {
            "month": "2021-05",
            "price": "13.29",
            "revenue": 4170
        },
        "2021-06": {
            "month": "2021-06",
            "price": "13.07",
            "revenue": 4349
        },
        "2021-07": {
            "month": "2021-07",
            "price": "14.23",
            "revenue": 2268
        },
        "2021-08": {
            "month": "2021-08",
            "price": "13.39",
            "revenue": 4331
        },
        "2021-09": {
            "month": "2021-09",
            "price": "13.07",
            "revenue": 2015
        },
        "2021-10": {
            "month": "2021-10",
            "price": "12.62",
            "revenue": 809
        },
        "2021-11": {
            "month": "2021-11",
            "price": "14.74",
            "revenue": 2575
        },
        "2021-12": {
            "month": "2021-12",
            "price": "14.76",
            "revenue": 3039
        },
        "2022-01": {
            "month": "2022-01",
            "price": "14.55",
            "revenue": 1499
        },
        "2022-02": {
            "month": "2022-02",
            "price": "14.32",
            "revenue": 496
        },
        "2022-03": {
            "month": "2022-03",
            "price": "14.20",
            "revenue": 1084
        },
        "2022-04": {
            "month": "2022-04",
            "price": "13.74",
            "revenue": 1970
        },
        "2022-05": {
            "month": "2022-05",
            "price": "13.80",
            "revenue": 1455
        },
        "2022-06": {
            "month": "2022-06",
            "price": "13.77",
            "revenue": 2600
        },
        "2022-07": {
            "month": "2022-07",
            "price": "13.91",
            "revenue": 3916
        },
        "2022-08": {
            "month": "2022-08",
            "price": "22.17",
            "revenue": 1001
        },
        "2022-09": {
            "month": "2022-09",
            "price": "21.85",
            "revenue": 1562
        },
        "2022-10": {
            "month": "2022-10",
            "price": "18.33",
            "revenue": 1188
        },
        "2022-11": {
            "month": "2022-11",
            "price": "21.36",
            "revenue": 1218
        },
        "2022-12": {
            "month": "2022-12",
            "price": "20.01",
            "revenue": 943
        },
        "2023-01": {
            "month": "2023-01",
            "price": "18.89",
            "revenue": 619
        },
        "2023-02": {
            "month": "2023-02",
            "price": "18.96",
            "revenue": 1561
        },
        "2023-03": {
            "month": "2023-03",
            "price": "19.95",
            "revenue": 2133
        },
        "2023-04": {
            "month": "2023-04",
            "price": "14.22",
            "revenue": 1706
        },
        "2023-05": {
            "month": "2023-05",
            "price": "12.95",
            "revenue": 1619
        },
        "2023-06": {
            "month": "2023-06",
            "price": "12.16",
            "revenue": 1595
        },
        "2023-07": {
            "month": "2023-07",
            "price": "11.81",
            "revenue": 1940
        },
        "2023-08": {
            "month": "2023-08",
            "price": "11.20",
            "revenue": 1057
        },
        "2023-09": {
            "month": "2023-09",
            "price": "11.75",
            "revenue": 1298
        }
    }
}
