{
    "summary": {
        "stock_name": "哲固",
        "stock_id": "3434",
        "category": "光電",
        "main_business": "安全監控產品系列，工業電腦產品系列及週邊產品",
        "website_url": "http://www.acula.com",
        "ceo": "簡豊輝",
        "pe_ratio": 24,
        "report_year_from": 2004,
        "report_year_to": 2023,
        "age": 19,
        "eps_negative_percentage": 28,
        "eps_growth_avg": {
            "last_all": 20.96,
            "last_2y": 0,
            "last_4y": 50,
            "last_8y": 39.42,
            "last_12y": 39.42,
            "last_16y": null,
            "last_20y": null,
            "at_2006_last_3y": null,
            "at_2007_last_3y": null,
            "at_2008_last_3y": null,
            "at_2009_last_3y": null,
            "at_2010_last_3y": -28.29,
            "at_2011_last_3y": -92.43,
            "at_2012_last_3y": -100,
            "at_2013_last_3y": null,
            "at_2014_last_3y": 100,
            "at_2015_last_3y": 100,
            "at_2016_last_3y": 70.33,
            "at_2017_last_3y": 28.84,
            "at_2018_last_3y": 28.84,
            "at_2019_last_3y": 28.84,
            "at_2020_last_3y": 1.1,
            "at_2021_last_3y": 33.33,
            "at_2022_last_3y": 33.33,
            "at_2023_last_3y": 33.33,
            "at_2006_last_all": null,
            "at_2007_last_all": null,
            "at_2008_last_all": 7.57,
            "at_2009_last_all": -28.29,
            "at_2010_last_all": -28.29,
            "at_2011_last_all": -28.29,
            "at_2012_last_all": -28.29,
            "at_2013_last_all": -28.29,
            "at_2014_last_all": 3.78,
            "at_2015_last_all": 23.03,
            "at_2016_last_all": 21.02,
            "at_2017_last_all": 4.36,
            "at_2018_last_all": 16.31,
            "at_2019_last_all": 25.61,
            "at_2020_last_all": 13.05,
            "at_2021_last_all": 13.05,
            "at_2022_last_all": 20.96,
            "at_2023_last_all": 20.96
        },
        "latest_eps": 1.26,
        "latest_price": 30.15,
        "latest_roe": 10.71,
        "latest_gross_margin": 16.06,
        "latest_equity": 297522,
        "latest_revenue": 148026,
        "latest_gross_profit": 23776,
        "latest_net_income": 784,
        "latest_debt_ratio": 44.29,
        "latest_current_ratio": 201.02,
        "latest_account_receivable_turnover_ratio": 1.39,
        "latest_inventory_turnover_ratio": 0.65,
        "latest_reinvestment_rate": 1.45,
        "latest_research_to_sale_ratio": 6.09
    },
    "eps_dividends": {
        "2001": {
            "cash": 0,
            "stock": 0,
            "eps": 0
        },
        "2002": {
            "cash": 0,
            "stock": 0,
            "eps": 0
        },
        "2003": {
            "cash": 0,
            "stock": 0,
            "eps": 0
        },
        "2004": {
            "cash": 0,
            "stock": 0.82,
            "eps": 0
        },
        "2005": {
            "cash": 0.75,
            "stock": 0.75,
            "eps": 0
        },
        "2006": {
            "cash": 0.75,
            "stock": 0.75,
            "eps": 1.2
        },
        "2007": {
            "cash": 0.8,
            "stock": 0.85,
            "eps": 2.51
        },
        "2008": {
            "cash": 0.8,
            "stock": 0.55,
            "eps": 0.38
        },
        "2009": {
            "cash": 0.25,
            "stock": 0,
            "eps": -1.3
        },
        "2010": {
            "cash": 0,
            "stock": 0,
            "eps": -1.79
        },
        "2011": {
            "cash": 0,
            "stock": 0,
            "eps": -1.03
        },
        "2012": {
            "cash": 0,
            "stock": 0,
            "eps": -2.28
        },
        "2013": {
            "cash": 0,
            "stock": 0,
            "eps": 0.06
        },
        "2014": {
            "cash": 0,
            "stock": 0,
            "eps": 0.34
        },
        "2015": {
            "cash": 0,
            "stock": 0,
            "eps": 0.82
        },
        "2016": {
            "cash": 0.35,
            "stock": 0,
            "eps": 0.91
        },
        "2017": {
            "cash": 0.55,
            "stock": 0,
            "eps": 0.04
        },
        "2018": {
            "cash": 0,
            "stock": 0,
            "eps": 0.32
        },
        "2019": {
            "cash": 0.3,
            "stock": 0,
            "eps": 0.84
        },
        "2020": {
            "cash": 0.3,
            "stock": 0,
            "eps": -0.44
        },
        "2021": {
            "cash": 0,
            "stock": 0,
            "eps": 0.83
        },
        "2022": {
            "cash": 0.2,
            "stock": 0.6,
            "eps": 1.71
        },
        "2023": {
            "cash": 0.35,
            "stock": 1.25,
            "eps": 0.03
        }
    },
    "dividends": {
        "2004-06-03": {
            "cash": 0,
            "stock": 0.82
        },
        "2005-04-13": {
            "cash": 0.75,
            "stock": 0.75
        },
        "2006-04-12": {
            "cash": 0.75,
            "stock": 0.75
        },
        "2007-04-12": {
            "cash": 0.8,
            "stock": 0.85
        },
        "2008-04-01": {
            "cash": 0.8,
            "stock": 0.55
        },
        "2009-03-24": {
            "cash": 0.25,
            "stock": 0
        },
        "2016-09-19": {
            "cash": 0.35,
            "stock": 0
        },
        "2017-09-20": {
            "cash": 0.55,
            "stock": 0
        },
        "2019-09-11": {
            "cash": 0.3,
            "stock": 0
        },
        "2020-09-16": {
            "cash": 0.3,
            "stock": 0
        },
        "2022-08-15": {
            "cash": 0.2,
            "stock": 0.6
        },
        "2023-03-14": {
            "cash": 0.35,
            "stock": 1.25
        }
    },
    "prices": {
        "200101": "無",
        "200102": "無",
        "200103": "無",
        "200104": "無",
        "200105": "無",
        "200106": "無",
        "200107": "無",
        "200108": "無",
        "200109": "無",
        "200110": "無",
        "200111": "無",
        "200112": "無",
        "200201": "無",
        "200202": "無",
        "200203": "無",
        "200204": "無",
        "200205": "無",
        "200206": "無",
        "200207": "無",
        "200208": "無",
        "200209": "無",
        "200210": "無",
        "200211": "無",
        "200212": "無",
        "200301": "無",
        "200302": "無",
        "200303": "無",
        "200304": "無",
        "200305": "無",
        "200306": "無",
        "200307": "無",
        "200308": "無",
        "200309": "無",
        "200310": "無",
        "200311": "無",
        "200312": "無",
        "200401": "無",
        "200402": "無",
        "200403": "無",
        "200404": "無",
        "200405": "無",
        "200406": "無",
        "200407": "無",
        "200408": "無",
        "200409": "無",
        "200410": "無",
        "200411": "無",
        "200412": "無",
        "200501": "無",
        "200502": "無",
        "200503": "無",
        "200504": "無",
        "200505": "無",
        "200506": "無",
        "200507": "無",
        "200508": "無",
        "200509": "無",
        "200510": "無",
        "200511": "無",
        "200512": "無",
        "200601": "無",
        "200602": "無",
        "200603": "無",
        "200604": "無",
        "200605": "無",
        "200606": "無",
        "200607": "無",
        "200608": "無",
        "200609": "無",
        "200610": "無",
        "200611": "無",
        "200612": "無",
        "200701": "無",
        "200702": "25.13",
        "200703": "25.83",
        "200704": "27.07",
        "200705": "26.83",
        "200706": "29.05",
        "200707": "43.41",
        "200708": "41.39",
        "200709": "34.33",
        "200710": "29.74",
        "200711": "27.68",
        "200712": "24.82",
        "200801": "16.75",
        "200802": "18.59",
        "200803": "19.57",
        "200804": "21.53",
        "200805": "20.98",
        "200806": "16.56",
        "200807": "13.20",
        "200808": "11.72",
        "200809": "9.87",
        "200810": "9.41",
        "200811": "7.57",
        "200812": "6.73",
        "200901": "6.48",
        "200902": "6.83",
        "200903": "8.84",
        "200904": "11.62",
        "200905": "13.68",
        "200906": "14.02",
        "200907": "13.28",
        "200908": "13.44",
        "200909": "14.31",
        "200910": "18.18",
        "200911": "16.70",
        "200912": "17.45",
        "201001": "17.08",
        "201002": "13.95",
        "201003": "15.56",
        "201004": "16.29",
        "201005": "14.63",
        "201006": "14.66",
        "201007": "15.42",
        "201008": "15.17",
        "201009": "13.61",
        "201010": "12.43",
        "201011": "11.88",
        "201012": "11.30",
        "201101": "11.06",
        "201102": "10.81",
        "201103": "10.89",
        "201104": "11.76",
        "201105": "11.60",
        "201106": "11.50",
        "201107": "10.95",
        "201108": "10.06",
        "201109": "10.30",
        "201110": "9.81",
        "201111": "9.60",
        "201112": "9.86",
        "201201": "9.77",
        "201202": "10.05",
        "201203": "9.52",
        "201204": "9.77",
        "201205": "9.52",
        "201206": "9.30",
        "201207": "9.42",
        "201208": "9.41",
        "201209": "9.41",
        "201210": "9.08",
        "201211": "8.50",
        "201212": "8.47",
        "201301": "8.58",
        "201302": "8.63",
        "201303": "8.87",
        "201304": "8.85",
        "201305": "9.38",
        "201306": "9.72",
        "201307": "10.00",
        "201308": "9.84",
        "201309": "10.00",
        "201310": "10.02",
        "201311": "10.04",
        "201312": "9.90",
        "201401": "10.17",
        "201402": "10.18",
        "201403": "10.19",
        "201404": "10.14",
        "201405": "9.97",
        "201406": "9.34",
        "201407": "11.56",
        "201408": "12.20",
        "201409": "12.30",
        "201410": "11.85",
        "201411": "12.10",
        "201412": "12.40",
        "201501": "12.56",
        "201502": "13.15",
        "201503": "12.70",
        "201504": "13.42",
        "201505": "12.51",
        "201506": "12.29",
        "201507": "11.73",
        "201508": "9.09",
        "201509": "8.52",
        "201510": "8.61",
        "201511": "11.77",
        "201512": "12.75",
        "201601": "12.94",
        "201602": "13.23",
        "201603": "13.36",
        "201604": "15.01",
        "201605": "15.53",
        "201606": "14.95",
        "201607": "14.79",
        "201608": "14.74",
        "201609": "14.06",
        "201610": "12.91",
        "201611": "11.87",
        "201612": "12.17",
        "201701": "12.22",
        "201702": "12.96",
        "201703": "13.73",
        "201704": "15.35",
        "201705": "14.23",
        "201706": "14.86",
        "201707": "14.56",
        "201708": "13.84",
        "201709": "13.30",
        "201710": "13.07",
        "201711": "12.88",
        "201712": "12.24",
        "201801": "12.01",
        "201802": "13.35",
        "201803": "17.25",
        "201804": "17.73",
        "201805": "13.78",
        "201806": "13.11",
        "201807": "13.06",
        "201808": "12.89",
        "201809": "14.23",
        "201810": "14.93",
        "201811": "15.05",
        "201812": "14.25",
        "201901": "13.40",
        "201902": "13.48",
        "201903": "15.05",
        "201904": "15.24",
        "201905": "14.42",
        "201906": "15.27",
        "201907": "15.49",
        "201908": "14.72",
        "201909": "14.56",
        "201910": "14.02",
        "201911": "13.62",
        "201912": "13.51",
        "202001": "14.30",
        "202002": "13.67",
        "202003": "11.94",
        "202004": "10.97",
        "202005": "11.22",
        "202006": "11.04",
        "202007": "11.98",
        "202008": "12.56",
        "202009": "13.39",
        "202010": "13.28",
        "202011": "14.00",
        "202012": "14.00",
        "202101": "13.81",
        "202102": "13.42",
        "202103": "13.54",
        "202104": "13.97",
        "202105": "13.73",
        "202106": "13.95",
        "202107": "13.92",
        "202108": "13.54",
        "202109": "13.58",
        "202110": "15.88",
        "202111": "16.44",
        "202112": "17.91",
        "202201": "18.33",
        "202202": "18.61",
        "202203": "21.51",
        "202204": "30.05",
        "202205": "37.25",
        "202206": "30.31",
        "202207": "24.80",
        "202208": "30.23",
        "202209": "28.39",
        "202210": "22.26",
        "202211": "27.47",
        "202212": "26.40",
        "202301": "25.03",
        "202302": "24.86",
        "202303": "28.13",
        "202304": "29.41",
        "202305": "27.92",
        "202306": "29.05"
    },
    "quarters": {
        "20011": {
            "year_quarter": 20011,
            "year": 2001,
            "quarter": 1,
            "eps": null,
            "eps_growth_year": null,
            "eps_4q": null,
            "eps_4q_growth_year": null,
            "roe": null,
            "roe_4q": 0,
            "gross_profit": null,
            "gross_margin": null,
            "gross_margin_4q_avg": 0,
            "net_income": null,
            "revenue": null,
            "common_shares": null,
            "book_valuer_per_share": null,
            "book_valuer_per_share_4q_avg": 0,
            "equity": null,
            "current_ratio": null,
            "debt_ratio": null,
            "inventory_turnover_ratio": null,
            "account_receivable_turnover_ratio": null,
            "reinvestment_rate": null,
            "research_to_sale_ratio": null,
            "price_fair": 0,
            "eps_avg_yearly": 0,
            "eps_latest_yearly": 0,
            "eps_growth_yearly": 0
        },
        "20012": {
            "year_quarter": 20012,
            "year": 2001,
            "quarter": 2,
            "eps": null,
            "eps_growth_year": null,
            "eps_4q": null,
            "eps_4q_growth_year": null,
            "roe": null,
            "roe_4q": 0,
            "gross_profit": null,
            "gross_margin": null,
            "gross_margin_4q_avg": 0,
            "net_income": null,
            "revenue": null,
            "common_shares": null,
            "book_valuer_per_share": null,
            "book_valuer_per_share_4q_avg": 0,
            "equity": null,
            "current_ratio": null,
            "debt_ratio": null,
            "inventory_turnover_ratio": null,
            "account_receivable_turnover_ratio": null,
            "reinvestment_rate": null,
            "research_to_sale_ratio": null,
            "price_fair": 0,
            "eps_avg_yearly": 0,
            "eps_latest_yearly": 0,
            "eps_growth_yearly": 0
        },
        "20013": {
            "year_quarter": 20013,
            "year": 2001,
            "quarter": 3,
            "eps": null,
            "eps_growth_year": null,
            "eps_4q": null,
            "eps_4q_growth_year": null,
            "roe": null,
            "roe_4q": 0,
            "gross_profit": null,
            "gross_margin": null,
            "gross_margin_4q_avg": 0,
            "net_income": null,
            "revenue": null,
            "common_shares": null,
            "book_valuer_per_share": null,
            "book_valuer_per_share_4q_avg": 0,
            "equity": null,
            "current_ratio": null,
            "debt_ratio": null,
            "inventory_turnover_ratio": null,
            "account_receivable_turnover_ratio": null,
            "reinvestment_rate": null,
            "research_to_sale_ratio": null,
            "price_fair": 0,
            "eps_avg_yearly": 0,
            "eps_latest_yearly": 0,
            "eps_growth_yearly": 0
        },
        "20014": {
            "year_quarter": 20014,
            "year": 2001,
            "quarter": 4,
            "eps": null,
            "eps_growth_year": null,
            "eps_4q": null,
            "eps_4q_growth_year": null,
            "roe": null,
            "roe_4q": 0,
            "gross_profit": null,
            "gross_margin": null,
            "gross_margin_4q_avg": 0,
            "net_income": null,
            "revenue": null,
            "common_shares": 128000,
            "book_valuer_per_share": 10.29,
            "book_valuer_per_share_4q_avg": 2.57,
            "equity": 131773,
            "current_ratio": 133.42,
            "debt_ratio": 57.33,
            "inventory_turnover_ratio": null,
            "account_receivable_turnover_ratio": null,
            "reinvestment_rate": null,
            "research_to_sale_ratio": null,
            "price_fair": 0,
            "eps_avg_yearly": 0,
            "eps_latest_yearly": 0,
            "eps_growth_yearly": 0
        },
        "20021": {
            "year_quarter": 20021,
            "year": 2002,
            "quarter": 1,
            "eps": null,
            "eps_growth_year": null,
            "eps_4q": null,
            "eps_4q_growth_year": null,
            "roe": null,
            "roe_4q": 0,
            "gross_profit": null,
            "gross_margin": null,
            "gross_margin_4q_avg": 0,
            "net_income": null,
            "revenue": null,
            "common_shares": null,
            "book_valuer_per_share": null,
            "book_valuer_per_share_4q_avg": 2.57,
            "equity": null,
            "current_ratio": null,
            "debt_ratio": null,
            "inventory_turnover_ratio": null,
            "account_receivable_turnover_ratio": null,
            "reinvestment_rate": null,
            "research_to_sale_ratio": null,
            "price_fair": 0,
            "eps_avg_yearly": 0,
            "eps_latest_yearly": 0,
            "eps_growth_yearly": 0
        },
        "20022": {
            "year_quarter": 20022,
            "year": 2002,
            "quarter": 2,
            "eps": null,
            "eps_growth_year": null,
            "eps_4q": null,
            "eps_4q_growth_year": null,
            "roe": null,
            "roe_4q": 0,
            "gross_profit": null,
            "gross_margin": null,
            "gross_margin_4q_avg": 0,
            "net_income": null,
            "revenue": null,
            "common_shares": null,
            "book_valuer_per_share": null,
            "book_valuer_per_share_4q_avg": 2.57,
            "equity": null,
            "current_ratio": null,
            "debt_ratio": null,
            "inventory_turnover_ratio": null,
            "account_receivable_turnover_ratio": null,
            "reinvestment_rate": null,
            "research_to_sale_ratio": null,
            "price_fair": 0,
            "eps_avg_yearly": 0,
            "eps_latest_yearly": 0,
            "eps_growth_yearly": 0
        },
        "20023": {
            "year_quarter": 20023,
            "year": 2002,
            "quarter": 3,
            "eps": null,
            "eps_growth_year": null,
            "eps_4q": null,
            "eps_4q_growth_year": null,
            "roe": null,
            "roe_4q": 0,
            "gross_profit": null,
            "gross_margin": null,
            "gross_margin_4q_avg": 0,
            "net_income": null,
            "revenue": null,
            "common_shares": null,
            "book_valuer_per_share": null,
            "book_valuer_per_share_4q_avg": 2.57,
            "equity": null,
            "current_ratio": null,
            "debt_ratio": null,
            "inventory_turnover_ratio": null,
            "account_receivable_turnover_ratio": null,
            "reinvestment_rate": null,
            "research_to_sale_ratio": null,
            "price_fair": 0,
            "eps_avg_yearly": 0,
            "eps_latest_yearly": 0,
            "eps_growth_yearly": 0
        },
        "20024": {
            "year_quarter": 20024,
            "year": 2002,
            "quarter": 4,
            "eps": null,
            "eps_growth_year": null,
            "eps_4q": null,
            "eps_4q_growth_year": null,
            "roe": null,
            "roe_4q": 0,
            "gross_profit": null,
            "gross_margin": null,
            "gross_margin_4q_avg": 0,
            "net_income": null,
            "revenue": null,
            "common_shares": 150560,
            "book_valuer_per_share": 11.36,
            "book_valuer_per_share_4q_avg": 2.84,
            "equity": 170986,
            "current_ratio": 141.42,
            "debt_ratio": 52.27,
            "inventory_turnover_ratio": null,
            "account_receivable_turnover_ratio": null,
            "reinvestment_rate": null,
            "research_to_sale_ratio": null,
            "price_fair": 0,
            "eps_avg_yearly": 0,
            "eps_latest_yearly": 0,
            "eps_growth_yearly": 0
        },
        "20031": {
            "year_quarter": 20031,
            "year": 2003,
            "quarter": 1,
            "eps": null,
            "eps_growth_year": null,
            "eps_4q": null,
            "eps_4q_growth_year": null,
            "roe": null,
            "roe_4q": 0,
            "gross_profit": null,
            "gross_margin": null,
            "gross_margin_4q_avg": 0,
            "net_income": null,
            "revenue": null,
            "common_shares": null,
            "book_valuer_per_share": null,
            "book_valuer_per_share_4q_avg": 2.84,
            "equity": null,
            "current_ratio": null,
            "debt_ratio": null,
            "inventory_turnover_ratio": null,
            "account_receivable_turnover_ratio": null,
            "reinvestment_rate": null,
            "research_to_sale_ratio": null,
            "price_fair": 0,
            "eps_avg_yearly": 0,
            "eps_latest_yearly": 0,
            "eps_growth_yearly": 0
        },
        "20032": {
            "year_quarter": 20032,
            "year": 2003,
            "quarter": 2,
            "eps": null,
            "eps_growth_year": null,
            "eps_4q": null,
            "eps_4q_growth_year": null,
            "roe": null,
            "roe_4q": 0,
            "gross_profit": null,
            "gross_margin": null,
            "gross_margin_4q_avg": 0,
            "net_income": null,
            "revenue": null,
            "common_shares": null,
            "book_valuer_per_share": null,
            "book_valuer_per_share_4q_avg": 2.84,
            "equity": null,
            "current_ratio": null,
            "debt_ratio": null,
            "inventory_turnover_ratio": null,
            "account_receivable_turnover_ratio": null,
            "reinvestment_rate": null,
            "research_to_sale_ratio": null,
            "price_fair": 0,
            "eps_avg_yearly": 0,
            "eps_latest_yearly": 0,
            "eps_growth_yearly": 0
        },
        "20033": {
            "year_quarter": 20033,
            "year": 2003,
            "quarter": 3,
            "eps": null,
            "eps_growth_year": null,
            "eps_4q": null,
            "eps_4q_growth_year": null,
            "roe": null,
            "roe_4q": 0,
            "gross_profit": null,
            "gross_margin": null,
            "gross_margin_4q_avg": 0,
            "net_income": null,
            "revenue": null,
            "common_shares": null,
            "book_valuer_per_share": null,
            "book_valuer_per_share_4q_avg": 2.84,
            "equity": null,
            "current_ratio": null,
            "debt_ratio": null,
            "inventory_turnover_ratio": null,
            "account_receivable_turnover_ratio": null,
            "reinvestment_rate": null,
            "research_to_sale_ratio": null,
            "price_fair": 0,
            "eps_avg_yearly": 0,
            "eps_latest_yearly": 0,
            "eps_growth_yearly": 0
        },
        "20034": {
            "year_quarter": 20034,
            "year": 2003,
            "quarter": 4,
            "eps": null,
            "eps_growth_year": null,
            "eps_4q": null,
            "eps_4q_growth_year": null,
            "roe": null,
            "roe_4q": 0,
            "gross_profit": null,
            "gross_margin": null,
            "gross_margin_4q_avg": 0,
            "net_income": null,
            "revenue": null,
            "common_shares": 163260,
            "book_valuer_per_share": 11.43,
            "book_valuer_per_share_4q_avg": 2.86,
            "equity": 186551,
            "current_ratio": 123.06,
            "debt_ratio": 59.51,
            "inventory_turnover_ratio": null,
            "account_receivable_turnover_ratio": null,
            "reinvestment_rate": null,
            "research_to_sale_ratio": null,
            "price_fair": 0,
            "eps_avg_yearly": 0,
            "eps_latest_yearly": 0,
            "eps_growth_yearly": 0
        },
        "20041": {
            "year_quarter": 20041,
            "year": 2004,
            "quarter": 1,
            "eps": null,
            "eps_growth_year": null,
            "eps_4q": null,
            "eps_4q_growth_year": null,
            "roe": null,
            "roe_4q": 0,
            "gross_profit": null,
            "gross_margin": null,
            "gross_margin_4q_avg": 0,
            "net_income": null,
            "revenue": null,
            "common_shares": null,
            "book_valuer_per_share": null,
            "book_valuer_per_share_4q_avg": 2.86,
            "equity": null,
            "current_ratio": null,
            "debt_ratio": null,
            "inventory_turnover_ratio": null,
            "account_receivable_turnover_ratio": null,
            "reinvestment_rate": null,
            "research_to_sale_ratio": null,
            "price_fair": 0,
            "eps_avg_yearly": 0,
            "eps_latest_yearly": 0,
            "eps_growth_yearly": 0
        },
        "20042": {
            "year_quarter": 20042,
            "year": 2004,
            "quarter": 2,
            "eps": null,
            "eps_growth_year": null,
            "eps_4q": null,
            "eps_4q_growth_year": null,
            "roe": null,
            "roe_4q": 0,
            "gross_profit": null,
            "gross_margin": null,
            "gross_margin_4q_avg": 0,
            "net_income": null,
            "revenue": null,
            "common_shares": null,
            "book_valuer_per_share": null,
            "book_valuer_per_share_4q_avg": 2.86,
            "equity": null,
            "current_ratio": null,
            "debt_ratio": null,
            "inventory_turnover_ratio": null,
            "account_receivable_turnover_ratio": null,
            "reinvestment_rate": null,
            "research_to_sale_ratio": null,
            "price_fair": 0,
            "eps_avg_yearly": 0,
            "eps_latest_yearly": 0,
            "eps_growth_yearly": 0
        },
        "20043": {
            "year_quarter": 20043,
            "year": 2004,
            "quarter": 3,
            "eps": null,
            "eps_growth_year": null,
            "eps_4q": null,
            "eps_4q_growth_year": null,
            "roe": null,
            "roe_4q": 0,
            "gross_profit": null,
            "gross_margin": null,
            "gross_margin_4q_avg": 0,
            "net_income": null,
            "revenue": null,
            "common_shares": null,
            "book_valuer_per_share": null,
            "book_valuer_per_share_4q_avg": 2.86,
            "equity": null,
            "current_ratio": null,
            "debt_ratio": null,
            "inventory_turnover_ratio": null,
            "account_receivable_turnover_ratio": null,
            "reinvestment_rate": null,
            "research_to_sale_ratio": null,
            "price_fair": 0,
            "eps_avg_yearly": 0,
            "eps_latest_yearly": 0,
            "eps_growth_yearly": 0
        },
        "20044": {
            "year_quarter": 20044,
            "year": 2004,
            "quarter": 4,
            "eps": null,
            "eps_growth_year": null,
            "eps_4q": null,
            "eps_4q_growth_year": null,
            "roe": null,
            "roe_4q": 0,
            "gross_profit": null,
            "gross_margin": null,
            "gross_margin_4q_avg": 0,
            "net_income": null,
            "revenue": null,
            "common_shares": 185800,
            "book_valuer_per_share": 12.57,
            "book_valuer_per_share_4q_avg": 3.14,
            "equity": 233518,
            "current_ratio": 159.84,
            "debt_ratio": 50.43,
            "inventory_turnover_ratio": null,
            "account_receivable_turnover_ratio": null,
            "reinvestment_rate": null,
            "research_to_sale_ratio": null,
            "price_fair": 0,
            "eps_avg_yearly": 0,
            "eps_latest_yearly": 0,
            "eps_growth_yearly": 0
        },
        "20051": {
            "year_quarter": 20051,
            "year": 2005,
            "quarter": 1,
            "eps": null,
            "eps_growth_year": null,
            "eps_4q": null,
            "eps_4q_growth_year": null,
            "roe": null,
            "roe_4q": 0,
            "gross_profit": null,
            "gross_margin": null,
            "gross_margin_4q_avg": 0,
            "net_income": null,
            "revenue": null,
            "common_shares": null,
            "book_valuer_per_share": null,
            "book_valuer_per_share_4q_avg": 3.14,
            "equity": null,
            "current_ratio": null,
            "debt_ratio": null,
            "inventory_turnover_ratio": null,
            "account_receivable_turnover_ratio": null,
            "reinvestment_rate": null,
            "research_to_sale_ratio": null,
            "price_fair": 0,
            "eps_avg_yearly": 0,
            "eps_latest_yearly": 0,
            "eps_growth_yearly": 0
        },
        "20052": {
            "year_quarter": 20052,
            "year": 2005,
            "quarter": 2,
            "eps": null,
            "eps_growth_year": null,
            "eps_4q": null,
            "eps_4q_growth_year": null,
            "roe": null,
            "roe_4q": 0,
            "gross_profit": null,
            "gross_margin": null,
            "gross_margin_4q_avg": 0,
            "net_income": null,
            "revenue": null,
            "common_shares": null,
            "book_valuer_per_share": null,
            "book_valuer_per_share_4q_avg": 3.14,
            "equity": null,
            "current_ratio": null,
            "debt_ratio": null,
            "inventory_turnover_ratio": null,
            "account_receivable_turnover_ratio": null,
            "reinvestment_rate": null,
            "research_to_sale_ratio": null,
            "price_fair": 0,
            "eps_avg_yearly": 0,
            "eps_latest_yearly": 0,
            "eps_growth_yearly": 0
        },
        "20053": {
            "year_quarter": 20053,
            "year": 2005,
            "quarter": 3,
            "eps": null,
            "eps_growth_year": null,
            "eps_4q": null,
            "eps_4q_growth_year": null,
            "roe": null,
            "roe_4q": 0,
            "gross_profit": null,
            "gross_margin": null,
            "gross_margin_4q_avg": 0,
            "net_income": null,
            "revenue": null,
            "common_shares": null,
            "book_valuer_per_share": null,
            "book_valuer_per_share_4q_avg": 3.14,
            "equity": null,
            "current_ratio": null,
            "debt_ratio": null,
            "inventory_turnover_ratio": null,
            "account_receivable_turnover_ratio": null,
            "reinvestment_rate": null,
            "research_to_sale_ratio": null,
            "price_fair": 0,
            "eps_avg_yearly": 0,
            "eps_latest_yearly": 0,
            "eps_growth_yearly": 0
        },
        "20054": {
            "year_quarter": 20054,
            "year": 2005,
            "quarter": 4,
            "eps": null,
            "eps_growth_year": null,
            "eps_4q": null,
            "eps_4q_growth_year": null,
            "roe": null,
            "roe_4q": 0,
            "gross_profit": null,
            "gross_margin": null,
            "gross_margin_4q_avg": 0,
            "net_income": null,
            "revenue": null,
            "common_shares": 200880,
            "book_valuer_per_share": 12.56,
            "book_valuer_per_share_4q_avg": 3.14,
            "equity": 252238,
            "current_ratio": 137.03,
            "debt_ratio": 57.47,
            "inventory_turnover_ratio": null,
            "account_receivable_turnover_ratio": null,
            "reinvestment_rate": null,
            "research_to_sale_ratio": null,
            "price_fair": 0,
            "eps_avg_yearly": 0,
            "eps_latest_yearly": 0,
            "eps_growth_yearly": 0
        },
        "20061": {
            "year_quarter": 20061,
            "year": 2006,
            "quarter": 1,
            "eps": null,
            "eps_growth_year": null,
            "eps_4q": null,
            "eps_4q_growth_year": null,
            "roe": null,
            "roe_4q": 0,
            "gross_profit": null,
            "gross_margin": null,
            "gross_margin_4q_avg": 0,
            "net_income": null,
            "revenue": null,
            "common_shares": null,
            "book_valuer_per_share": null,
            "book_valuer_per_share_4q_avg": 3.14,
            "equity": null,
            "current_ratio": null,
            "debt_ratio": null,
            "inventory_turnover_ratio": null,
            "account_receivable_turnover_ratio": null,
            "reinvestment_rate": null,
            "research_to_sale_ratio": null,
            "price_fair": 0,
            "eps_avg_yearly": 0,
            "eps_latest_yearly": 0,
            "eps_growth_yearly": 0
        },
        "20062": {
            "year_quarter": 20062,
            "year": 2006,
            "quarter": 2,
            "eps": null,
            "eps_growth_year": null,
            "eps_4q": null,
            "eps_4q_growth_year": null,
            "roe": null,
            "roe_4q": 0,
            "gross_profit": null,
            "gross_margin": null,
            "gross_margin_4q_avg": 0,
            "net_income": null,
            "revenue": null,
            "common_shares": null,
            "book_valuer_per_share": null,
            "book_valuer_per_share_4q_avg": 3.14,
            "equity": null,
            "current_ratio": null,
            "debt_ratio": null,
            "inventory_turnover_ratio": null,
            "account_receivable_turnover_ratio": null,
            "reinvestment_rate": null,
            "research_to_sale_ratio": null,
            "price_fair": 0,
            "eps_avg_yearly": 0,
            "eps_latest_yearly": 0,
            "eps_growth_yearly": 0
        },
        "20063": {
            "year_quarter": 20063,
            "year": 2006,
            "quarter": 3,
            "eps": 0.54,
            "eps_growth_year": null,
            "eps_4q": null,
            "eps_4q_growth_year": null,
            "roe": 4.25,
            "roe_4q": 4.25,
            "gross_profit": 34756,
            "gross_margin": 17.66,
            "gross_margin_4q_avg": 4.42,
            "net_income": 11674,
            "revenue": 196846,
            "common_shares": 216800,
            "book_valuer_per_share": 12.67,
            "book_valuer_per_share_4q_avg": 6.31,
            "equity": 274751,
            "current_ratio": 151.77,
            "debt_ratio": 56.74,
            "inventory_turnover_ratio": 1.07,
            "account_receivable_turnover_ratio": null,
            "reinvestment_rate": null,
            "research_to_sale_ratio": null,
            "price_fair": 0,
            "eps_avg_yearly": 0,
            "eps_latest_yearly": 0,
            "eps_growth_yearly": 0
        },
        "20064": {
            "year_quarter": 20064,
            "year": 2006,
            "quarter": 4,
            "eps": 0.66,
            "eps_growth_year": null,
            "eps_4q": null,
            "eps_4q_growth_year": null,
            "roe": 5.09,
            "roe_4q": 9.34,
            "gross_profit": 40766,
            "gross_margin": 20.53,
            "gross_margin_4q_avg": 9.55,
            "net_income": 14363,
            "revenue": 198530,
            "common_shares": 216800,
            "book_valuer_per_share": 13.37,
            "book_valuer_per_share_4q_avg": 6.51,
            "equity": 289962,
            "current_ratio": 143.31,
            "debt_ratio": 55.82,
            "inventory_turnover_ratio": 0.91,
            "account_receivable_turnover_ratio": null,
            "reinvestment_rate": null,
            "research_to_sale_ratio": null,
            "price_fair": 92.4,
            "eps_avg_yearly": 2.64,
            "eps_latest_yearly": 2.64,
            "eps_growth_yearly": 88.89
        },
        "20071": {
            "year_quarter": 20071,
            "year": 2007,
            "quarter": 1,
            "eps": 0.53,
            "eps_growth_year": null,
            "eps_4q": null,
            "eps_4q_growth_year": null,
            "roe": 4.16,
            "roe_4q": 13.5,
            "gross_profit": 39876,
            "gross_margin": 17.54,
            "gross_margin_4q_avg": 13.93,
            "net_income": 12319,
            "revenue": 227338,
            "common_shares": 216800,
            "book_valuer_per_share": 13.94,
            "book_valuer_per_share_4q_avg": 10,
            "equity": 302282,
            "current_ratio": 149.15,
            "debt_ratio": 55.1,
            "inventory_turnover_ratio": 1.19,
            "account_receivable_turnover_ratio": null,
            "reinvestment_rate": null,
            "research_to_sale_ratio": null,
            "price_fair": 35.82,
            "eps_avg_yearly": 2.38,
            "eps_latest_yearly": 2.12,
            "eps_growth_yearly": 5.05
        },
        "20072": {
            "year_quarter": 20072,
            "year": 2007,
            "quarter": 2,
            "eps": 0.66,
            "eps_growth_year": null,
            "eps_4q": 2.43,
            "eps_4q_growth_year": null,
            "roe": 4.77,
            "roe_4q": 18.27,
            "gross_profit": 50242,
            "gross_margin": 18.98,
            "gross_margin_4q_avg": 18.68,
            "net_income": 14312,
            "revenue": 264715,
            "common_shares": 216800,
            "book_valuer_per_share": 13.75,
            "book_valuer_per_share_4q_avg": 13.43,
            "equity": 298032,
            "current_ratio": 141.43,
            "debt_ratio": 57.23,
            "inventory_turnover_ratio": 1.75,
            "account_receivable_turnover_ratio": null,
            "reinvestment_rate": null,
            "research_to_sale_ratio": null,
            "price_fair": 86.33,
            "eps_avg_yearly": 2.47,
            "eps_latest_yearly": 2.64,
            "eps_growth_yearly": 36.07
        },
        "20073": {
            "year_quarter": 20073,
            "year": 2007,
            "quarter": 3,
            "eps": 0.66,
            "eps_growth_year": 22.22,
            "eps_4q": 2.36,
            "eps_4q_growth_year": null,
            "roe": 4.74,
            "roe_4q": 18.759999999999998,
            "gross_profit": 48585,
            "gross_margin": 19.62,
            "gross_margin_4q_avg": 19.17,
            "net_income": 15869,
            "revenue": 247597,
            "common_shares": 268800,
            "book_valuer_per_share": 13.83,
            "book_valuer_per_share_4q_avg": 13.72,
            "equity": 371723,
            "current_ratio": 178.42,
            "debt_ratio": 46.97,
            "inventory_turnover_ratio": 1.5,
            "account_receivable_turnover_ratio": null,
            "reinvestment_rate": null,
            "research_to_sale_ratio": null,
            "price_fair": 87.85,
            "eps_avg_yearly": 2.51,
            "eps_latest_yearly": 2.64,
            "eps_growth_yearly": 27.05
        },
        "20074": {
            "year_quarter": 20074,
            "year": 2007,
            "quarter": 4,
            "eps": 0.66,
            "eps_growth_year": 0,
            "eps_4q": 2.36,
            "eps_4q_growth_year": null,
            "roe": 4.33,
            "roe_4q": 18,
            "gross_profit": 48382,
            "gross_margin": 18.5,
            "gross_margin_4q_avg": 18.66,
            "net_income": 16501,
            "revenue": 261514,
            "common_shares": 268800,
            "book_valuer_per_share": 14.54,
            "book_valuer_per_share_4q_avg": 14.02,
            "equity": 390939,
            "current_ratio": 179.13,
            "debt_ratio": 44.96,
            "inventory_turnover_ratio": 1.15,
            "account_receivable_turnover_ratio": null,
            "reinvestment_rate": null,
            "research_to_sale_ratio": null,
            "price_fair": 80.25,
            "eps_avg_yearly": 2.54,
            "eps_latest_yearly": 2.64,
            "eps_growth_yearly": 21.64
        },
        "20081": {
            "year_quarter": 20081,
            "year": 2008,
            "quarter": 1,
            "eps": 0.17,
            "eps_growth_year": -67.92,
            "eps_4q": 1.7,
            "eps_4q_growth_year": null,
            "roe": 1.22,
            "roe_4q": 15.059999999999999,
            "gross_profit": 37109,
            "gross_margin": 18.37,
            "gross_margin_4q_avg": 18.87,
            "net_income": 5195,
            "revenue": 201956,
            "common_shares": 310880,
            "book_valuer_per_share": 14.82,
            "book_valuer_per_share_4q_avg": 14.24,
            "equity": 460578,
            "current_ratio": 214.41,
            "debt_ratio": 38.91,
            "inventory_turnover_ratio": 0.66,
            "account_receivable_turnover_ratio": null,
            "reinvestment_rate": null,
            "research_to_sale_ratio": null,
            "price_fair": 6.68,
            "eps_avg_yearly": 2.23,
            "eps_latest_yearly": 0.68,
            "eps_growth_yearly": -31.46
        },
        "20082": {
            "year_quarter": 20082,
            "year": 2008,
            "quarter": 2,
            "eps": -0.05,
            "eps_growth_year": -107.58,
            "eps_4q": 1.16,
            "eps_4q_growth_year": -52.3,
            "roe": -0.35,
            "roe_4q": 9.940000000000001,
            "gross_profit": 34864,
            "gross_margin": 18.32,
            "gross_margin_4q_avg": 18.7,
            "net_income": -1548,
            "revenue": 190355,
            "common_shares": 310880,
            "book_valuer_per_share": 13.84,
            "book_valuer_per_share_4q_avg": 14.26,
            "equity": 430368,
            "current_ratio": 215.79,
            "debt_ratio": 37.48,
            "inventory_turnover_ratio": 0.61,
            "account_receivable_turnover_ratio": null,
            "reinvestment_rate": null,
            "research_to_sale_ratio": null,
            "price_fair": 6.68,
            "eps_avg_yearly": 2.23,
            "eps_latest_yearly": 0.68,
            "eps_growth_yearly": -31.46
        },
        "20083": {
            "year_quarter": 20083,
            "year": 2008,
            "quarter": 3,
            "eps": 0.19,
            "eps_growth_year": -71.21,
            "eps_4q": 0.8,
            "eps_4q_growth_year": -66.12,
            "roe": 1.44,
            "roe_4q": 6.64,
            "gross_profit": 22599,
            "gross_margin": 16,
            "gross_margin_4q_avg": 17.8,
            "net_income": 6264,
            "revenue": 141228,
            "common_shares": 328000,
            "book_valuer_per_share": 13.35,
            "book_valuer_per_share_4q_avg": 14.14,
            "equity": 437999,
            "current_ratio": 229.66,
            "debt_ratio": 36.86,
            "inventory_turnover_ratio": 0.48,
            "account_receivable_turnover_ratio": null,
            "reinvestment_rate": null,
            "research_to_sale_ratio": null,
            "price_fair": 6.68,
            "eps_avg_yearly": 2.23,
            "eps_latest_yearly": 0.68,
            "eps_growth_yearly": -31.46
        },
        "20084": {
            "year_quarter": 20084,
            "year": 2008,
            "quarter": 4,
            "eps": 0.07,
            "eps_growth_year": -89.39,
            "eps_4q": 0.38,
            "eps_4q_growth_year": -83.93,
            "roe": 0.51,
            "roe_4q": 2.8200000000000003,
            "gross_profit": 28289,
            "gross_margin": 18.23,
            "gross_margin_4q_avg": 17.73,
            "net_income": 2244,
            "revenue": 155201,
            "common_shares": 328000,
            "book_valuer_per_share": 13.41,
            "book_valuer_per_share_4q_avg": 13.86,
            "equity": 439697,
            "current_ratio": 228.84,
            "debt_ratio": 36.81,
            "inventory_turnover_ratio": 0.5,
            "account_receivable_turnover_ratio": 2.17,
            "reinvestment_rate": null,
            "research_to_sale_ratio": null,
            "price_fair": 5.85,
            "eps_avg_yearly": 1.95,
            "eps_latest_yearly": 0.28,
            "eps_growth_yearly": -63.06
        },
        "20091": {
            "year_quarter": 20091,
            "year": 2009,
            "quarter": 1,
            "eps": 0.12,
            "eps_growth_year": -29.41,
            "eps_4q": 0.33,
            "eps_4q_growth_year": -80.7,
            "roe": 0.91,
            "roe_4q": 2.51,
            "gross_profit": 18273,
            "gross_margin": 13.39,
            "gross_margin_4q_avg": 16.49,
            "net_income": 4023,
            "revenue": 136508,
            "common_shares": 328000,
            "book_valuer_per_share": 13.54,
            "book_valuer_per_share_4q_avg": 13.54,
            "equity": 444034,
            "current_ratio": 294.84,
            "debt_ratio": 28.63,
            "inventory_turnover_ratio": 0.49,
            "account_receivable_turnover_ratio": 1,
            "reinvestment_rate": null,
            "research_to_sale_ratio": null,
            "price_fair": 5.3,
            "eps_avg_yearly": 1.77,
            "eps_latest_yearly": 0.48,
            "eps_growth_yearly": -19.46
        },
        "20092": {
            "year_quarter": 20092,
            "year": 2009,
            "quarter": 2,
            "eps": -0.52,
            "eps_growth_year": null,
            "eps_4q": -0.14,
            "eps_4q_growth_year": -111.89,
            "roe": -3.95,
            "roe_4q": -1.0900000000000003,
            "gross_profit": 21230,
            "gross_margin": 9.28,
            "gross_margin_4q_avg": 14.23,
            "net_income": -17050,
            "revenue": 228821,
            "common_shares": 328000,
            "book_valuer_per_share": 12.76,
            "book_valuer_per_share_4q_avg": 13.27,
            "equity": 418643,
            "current_ratio": 259.44,
            "debt_ratio": 31.57,
            "inventory_turnover_ratio": 0.99,
            "account_receivable_turnover_ratio": 1.7,
            "reinvestment_rate": null,
            "research_to_sale_ratio": null,
            "price_fair": 5.3,
            "eps_avg_yearly": 1.77,
            "eps_latest_yearly": 0.48,
            "eps_growth_yearly": -19.46
        },
        "20093": {
            "year_quarter": 20093,
            "year": 2009,
            "quarter": 3,
            "eps": -0.37,
            "eps_growth_year": -294.74,
            "eps_4q": -0.7,
            "eps_4q_growth_year": -187.52,
            "roe": -2.96,
            "roe_4q": -5.49,
            "gross_profit": 15579,
            "gross_margin": 14.97,
            "gross_margin_4q_avg": 13.97,
            "net_income": -12216,
            "revenue": 104050,
            "common_shares": 328000,
            "book_valuer_per_share": 12.39,
            "book_valuer_per_share_4q_avg": 13.03,
            "equity": 406427,
            "current_ratio": 250.62,
            "debt_ratio": 33.58,
            "inventory_turnover_ratio": 0.43,
            "account_receivable_turnover_ratio": 0.77,
            "reinvestment_rate": null,
            "research_to_sale_ratio": null,
            "price_fair": 5.3,
            "eps_avg_yearly": 1.77,
            "eps_latest_yearly": 0.48,
            "eps_growth_yearly": -19.46
        },
        "20094": {
            "year_quarter": 20094,
            "year": 2009,
            "quarter": 4,
            "eps": -0.53,
            "eps_growth_year": -857.14,
            "eps_4q": -1.3,
            "eps_4q_growth_year": -442.66,
            "roe": -4.37,
            "roe_4q": -10.370000000000001,
            "gross_profit": 17451,
            "gross_margin": 10.38,
            "gross_margin_4q_avg": 12.01,
            "net_income": -17372,
            "revenue": 168186,
            "common_shares": 328000,
            "book_valuer_per_share": 11.87,
            "book_valuer_per_share_4q_avg": 12.64,
            "equity": 389372,
            "current_ratio": 227.99,
            "debt_ratio": 36.27,
            "inventory_turnover_ratio": 0.69,
            "account_receivable_turnover_ratio": 2.75,
            "reinvestment_rate": null,
            "research_to_sale_ratio": null,
            "price_fair": 5.3,
            "eps_avg_yearly": 1.77,
            "eps_latest_yearly": 0.48,
            "eps_growth_yearly": -19.46
        },
        "20101": {
            "year_quarter": 20101,
            "year": 2010,
            "quarter": 1,
            "eps": -0.12,
            "eps_growth_year": -200,
            "eps_4q": -1.54,
            "eps_4q_growth_year": -570.83,
            "roe": -1.02,
            "roe_4q": -12.3,
            "gross_profit": 22276,
            "gross_margin": 14.33,
            "gross_margin_4q_avg": 12.24,
            "net_income": -3955,
            "revenue": 155449,
            "common_shares": 328000,
            "book_valuer_per_share": 11.75,
            "book_valuer_per_share_4q_avg": 12.19,
            "equity": 385417,
            "current_ratio": 213.11,
            "debt_ratio": 38.7,
            "inventory_turnover_ratio": 0.57,
            "account_receivable_turnover_ratio": 1.24,
            "reinvestment_rate": null,
            "research_to_sale_ratio": 5.02,
            "price_fair": 5.3,
            "eps_avg_yearly": 1.77,
            "eps_latest_yearly": 0.48,
            "eps_growth_yearly": -19.46
        },
        "20102": {
            "year_quarter": 20102,
            "year": 2010,
            "quarter": 2,
            "eps": -0.3,
            "eps_growth_year": null,
            "eps_4q": -1.33,
            "eps_4q_growth_year": null,
            "roe": -2.63,
            "roe_4q": -10.98,
            "gross_profit": 13574,
            "gross_margin": 10.6,
            "gross_margin_4q_avg": 12.57,
            "net_income": -9997,
            "revenue": 128090,
            "common_shares": 328000,
            "book_valuer_per_share": 11.45,
            "book_valuer_per_share_4q_avg": 11.87,
            "equity": 375542,
            "current_ratio": 191.73,
            "debt_ratio": 41.68,
            "inventory_turnover_ratio": 0.44,
            "account_receivable_turnover_ratio": 1.02,
            "reinvestment_rate": 337.5,
            "research_to_sale_ratio": 9.1,
            "price_fair": 5.3,
            "eps_avg_yearly": 1.77,
            "eps_latest_yearly": 0.48,
            "eps_growth_yearly": -19.46
        },
        "20103": {
            "year_quarter": 20103,
            "year": 2010,
            "quarter": 3,
            "eps": -0.57,
            "eps_growth_year": null,
            "eps_4q": -1.52,
            "eps_4q_growth_year": null,
            "roe": -5.1,
            "roe_4q": -13.120000000000001,
            "gross_profit": 15280,
            "gross_margin": 9.63,
            "gross_margin_4q_avg": 11.24,
            "net_income": -18693,
            "revenue": 158633,
            "common_shares": 328000,
            "book_valuer_per_share": 10.88,
            "book_valuer_per_share_4q_avg": 11.49,
            "equity": 356851,
            "current_ratio": 186.43,
            "debt_ratio": 42.9,
            "inventory_turnover_ratio": 0.54,
            "account_receivable_turnover_ratio": 1.27,
            "reinvestment_rate": -31.43,
            "research_to_sale_ratio": 6.37,
            "price_fair": 5.3,
            "eps_avg_yearly": 1.77,
            "eps_latest_yearly": 0.48,
            "eps_growth_yearly": -19.46
        },
        "20104": {
            "year_quarter": 20104,
            "year": 2010,
            "quarter": 4,
            "eps": -0.8,
            "eps_growth_year": null,
            "eps_4q": -1.79,
            "eps_4q_growth_year": null,
            "roe": -7.61,
            "roe_4q": -16.36,
            "gross_profit": 18940,
            "gross_margin": 12.57,
            "gross_margin_4q_avg": 11.78,
            "net_income": -26181,
            "revenue": 150664,
            "common_shares": 328000,
            "book_valuer_per_share": 10.1,
            "book_valuer_per_share_4q_avg": 11.05,
            "equity": 331250,
            "current_ratio": 183.9,
            "debt_ratio": 41.6,
            "inventory_turnover_ratio": 0.55,
            "account_receivable_turnover_ratio": 1.26,
            "reinvestment_rate": null,
            "research_to_sale_ratio": 6.18,
            "price_fair": 4.92,
            "eps_avg_yearly": 1.64,
            "eps_latest_yearly": 0.48,
            "eps_growth_yearly": -34.94
        },
        "20111": {
            "year_quarter": 20111,
            "year": 2011,
            "quarter": 1,
            "eps": 0.01,
            "eps_growth_year": null,
            "eps_4q": -1.67,
            "eps_4q_growth_year": null,
            "roe": 0.07,
            "roe_4q": -15.27,
            "gross_profit": 17384,
            "gross_margin": 11.5,
            "gross_margin_4q_avg": 11.08,
            "net_income": 218,
            "revenue": 151185,
            "common_shares": 328000,
            "book_valuer_per_share": 10.1,
            "book_valuer_per_share_4q_avg": 10.63,
            "equity": 331182,
            "current_ratio": 186.32,
            "debt_ratio": 41.21,
            "inventory_turnover_ratio": 0.6,
            "account_receivable_turnover_ratio": 1.41,
            "reinvestment_rate": null,
            "research_to_sale_ratio": 5.56,
            "price_fair": 4.68,
            "eps_avg_yearly": 1.56,
            "eps_latest_yearly": 0.48,
            "eps_growth_yearly": -27.63
        },
        "20112": {
            "year_quarter": 20112,
            "year": 2011,
            "quarter": 2,
            "eps": -0.51,
            "eps_growth_year": null,
            "eps_4q": -1.87,
            "eps_4q_growth_year": null,
            "roe": -5.17,
            "roe_4q": -17.810000000000002,
            "gross_profit": 11913,
            "gross_margin": 7.87,
            "gross_margin_4q_avg": 10.39,
            "net_income": -16689,
            "revenue": 151396,
            "common_shares": 328000,
            "book_valuer_per_share": 9.59,
            "book_valuer_per_share_4q_avg": 10.17,
            "equity": 314638,
            "current_ratio": 171.18,
            "debt_ratio": 44.37,
            "inventory_turnover_ratio": 0.61,
            "account_receivable_turnover_ratio": 1.53,
            "reinvestment_rate": null,
            "research_to_sale_ratio": 6.34,
            "price_fair": 4.03,
            "eps_avg_yearly": 1.34,
            "eps_latest_yearly": 0.48,
            "eps_growth_yearly": -52.78
        },
        "20113": {
            "year_quarter": 20113,
            "year": 2011,
            "quarter": 3,
            "eps": 0.02,
            "eps_growth_year": null,
            "eps_4q": -1.28,
            "eps_4q_growth_year": null,
            "roe": 0.2,
            "roe_4q": -12.51,
            "gross_profit": 10720,
            "gross_margin": 7.53,
            "gross_margin_4q_avg": 9.87,
            "net_income": 620,
            "revenue": 142377,
            "common_shares": 328000,
            "book_valuer_per_share": 9.6,
            "book_valuer_per_share_4q_avg": 9.85,
            "equity": 314943,
            "current_ratio": 162.8,
            "debt_ratio": 46.99,
            "inventory_turnover_ratio": 0.53,
            "account_receivable_turnover_ratio": 1.55,
            "reinvestment_rate": null,
            "research_to_sale_ratio": 5.84,
            "price_fair": 3.06,
            "eps_avg_yearly": 1.02,
            "eps_latest_yearly": 0.48,
            "eps_growth_yearly": -65.97
        },
        "20114": {
            "year_quarter": 20114,
            "year": 2011,
            "quarter": 4,
            "eps": -0.55,
            "eps_growth_year": null,
            "eps_4q": -1.03,
            "eps_4q_growth_year": null,
            "roe": -5.89,
            "roe_4q": -10.79,
            "gross_profit": 11902,
            "gross_margin": 7.76,
            "gross_margin_4q_avg": 8.67,
            "net_income": -17977,
            "revenue": 153457,
            "common_shares": 328000,
            "book_valuer_per_share": 9.02,
            "book_valuer_per_share_4q_avg": 9.58,
            "equity": 295836,
            "current_ratio": 155.78,
            "debt_ratio": 49.23,
            "inventory_turnover_ratio": 0.55,
            "account_receivable_turnover_ratio": 1.56,
            "reinvestment_rate": null,
            "research_to_sale_ratio": 5.87,
            "price_fair": 1.44,
            "eps_avg_yearly": 0.48,
            "eps_latest_yearly": 0.48,
            "eps_growth_yearly": -87.96
        },
        "20121": {
            "year_quarter": 20121,
            "year": 2012,
            "quarter": 1,
            "eps": -0.68,
            "eps_growth_year": -6900,
            "eps_4q": -1.72,
            "eps_4q_growth_year": null,
            "roe": -7.85,
            "roe_4q": -18.71,
            "gross_profit": 9619,
            "gross_margin": 6.57,
            "gross_margin_4q_avg": 7.43,
            "net_income": -22350,
            "revenue": 146351,
            "common_shares": 328000,
            "book_valuer_per_share": 8.35,
            "book_valuer_per_share_4q_avg": 9.14,
            "equity": 273808,
            "current_ratio": 146.57,
            "debt_ratio": 51.76,
            "inventory_turnover_ratio": 0.6,
            "account_receivable_turnover_ratio": 1.31,
            "reinvestment_rate": null,
            "research_to_sale_ratio": 5.42,
            "price_fair": 10.09,
            "eps_avg_yearly": 0.38,
            "eps_latest_yearly": 0.48,
            "eps_growth_yearly": 16.54
        },
        "20122": {
            "year_quarter": 20122,
            "year": 2012,
            "quarter": 2,
            "eps": -1.18,
            "eps_growth_year": null,
            "eps_4q": -2.39,
            "eps_4q_growth_year": null,
            "roe": -15.17,
            "roe_4q": -28.71,
            "gross_profit": 9294,
            "gross_margin": 6.05,
            "gross_margin_4q_avg": 6.98,
            "net_income": -38586,
            "revenue": 153617,
            "common_shares": 328000,
            "book_valuer_per_share": 7.17,
            "book_valuer_per_share_4q_avg": 8.54,
            "equity": 235017,
            "current_ratio": 132.54,
            "debt_ratio": 58.89,
            "inventory_turnover_ratio": 0.71,
            "account_receivable_turnover_ratio": 1.25,
            "reinvestment_rate": null,
            "research_to_sale_ratio": 8.14,
            "price_fair": 10.09,
            "eps_avg_yearly": 0.38,
            "eps_latest_yearly": 0.48,
            "eps_growth_yearly": 16.54
        },
        "20123": {
            "year_quarter": 20123,
            "year": 2012,
            "quarter": 3,
            "eps": -0.44,
            "eps_growth_year": -2444.73,
            "eps_4q": -2.85,
            "eps_4q_growth_year": null,
            "roe": -6.38,
            "roe_4q": -35.29,
            "gross_profit": 14484,
            "gross_margin": 9.09,
            "gross_margin_4q_avg": 7.37,
            "net_income": -14537,
            "revenue": 159338,
            "common_shares": 328000,
            "book_valuer_per_share": 6.74,
            "book_valuer_per_share_4q_avg": 7.82,
            "equity": 220929,
            "current_ratio": 129.94,
            "debt_ratio": 60.46,
            "inventory_turnover_ratio": 0.71,
            "account_receivable_turnover_ratio": 1.27,
            "reinvestment_rate": null,
            "research_to_sale_ratio": 4.57,
            "price_fair": 10.09,
            "eps_avg_yearly": 0.38,
            "eps_latest_yearly": 0.48,
            "eps_growth_yearly": 16.54
        },
        "20124": {
            "year_quarter": 20124,
            "year": 2012,
            "quarter": 4,
            "eps": 0.02,
            "eps_growth_year": null,
            "eps_4q": -2.28,
            "eps_4q_growth_year": null,
            "roe": 0.26,
            "roe_4q": -29.14,
            "gross_profit": 20850,
            "gross_margin": 10.48,
            "gross_margin_4q_avg": 8.05,
            "net_income": 578,
            "revenue": 198942,
            "common_shares": 328000,
            "book_valuer_per_share": 6.74,
            "book_valuer_per_share_4q_avg": 7.25,
            "equity": 220942,
            "current_ratio": 130.37,
            "debt_ratio": 60.61,
            "inventory_turnover_ratio": 0.94,
            "account_receivable_turnover_ratio": 1.38,
            "reinvestment_rate": null,
            "research_to_sale_ratio": 3.14,
            "price_fair": 16.8,
            "eps_avg_yearly": 0.48,
            "eps_latest_yearly": 0.48,
            "eps_growth_yearly": 285.71
        },
        "20131": {
            "year_quarter": 20131,
            "year": 2013,
            "quarter": 1,
            "eps": 0.07,
            "eps_growth_year": null,
            "eps_4q": -1.53,
            "eps_4q_growth_year": null,
            "roe": 1.04,
            "roe_4q": -20.25,
            "gross_profit": 20196,
            "gross_margin": 10.44,
            "gross_margin_4q_avg": 9.02,
            "net_income": 2270,
            "revenue": 193494,
            "common_shares": 328000,
            "book_valuer_per_share": 6.59,
            "book_valuer_per_share_4q_avg": 6.81,
            "equity": 216078,
            "current_ratio": 130.05,
            "debt_ratio": 61.29,
            "inventory_turnover_ratio": 0.97,
            "account_receivable_turnover_ratio": 1.21,
            "reinvestment_rate": null,
            "research_to_sale_ratio": 4.14,
            "price_fair": 9.8,
            "eps_avg_yearly": 0.28,
            "eps_latest_yearly": 0.28,
            "eps_growth_yearly": 1000
        },
        "20132": {
            "year_quarter": 20132,
            "year": 2013,
            "quarter": 2,
            "eps": 0.02,
            "eps_growth_year": null,
            "eps_4q": -0.34,
            "eps_4q_growth_year": null,
            "roe": 0.32,
            "roe_4q": -4.76,
            "gross_profit": 19858,
            "gross_margin": 9.07,
            "gross_margin_4q_avg": 9.77,
            "net_income": 686,
            "revenue": 219011,
            "common_shares": 328000,
            "book_valuer_per_share": 6.59,
            "book_valuer_per_share_4q_avg": 6.67,
            "equity": 216107,
            "current_ratio": 131.7,
            "debt_ratio": 60.35,
            "inventory_turnover_ratio": 1.08,
            "account_receivable_turnover_ratio": 1.48,
            "reinvestment_rate": null,
            "research_to_sale_ratio": 3.18,
            "price_fair": 6.3,
            "eps_avg_yearly": 0.18,
            "eps_latest_yearly": 0.08,
            "eps_growth_yearly": 357.14
        },
        "20133": {
            "year_quarter": 20133,
            "year": 2013,
            "quarter": 3,
            "eps": -0.04,
            "eps_growth_year": null,
            "eps_4q": 0.07,
            "eps_4q_growth_year": null,
            "roe": -0.57,
            "roe_4q": 1.05,
            "gross_profit": 22123,
            "gross_margin": 12.07,
            "gross_margin_4q_avg": 10.52,
            "net_income": -1232,
            "revenue": 183315,
            "common_shares": 328000,
            "book_valuer_per_share": 6.56,
            "book_valuer_per_share_4q_avg": 6.62,
            "equity": 215213,
            "current_ratio": 136.46,
            "debt_ratio": 57.5,
            "inventory_turnover_ratio": 0.93,
            "account_receivable_turnover_ratio": 1.36,
            "reinvestment_rate": null,
            "research_to_sale_ratio": 4.11,
            "price_fair": 6.3,
            "eps_avg_yearly": 0.18,
            "eps_latest_yearly": 0.08,
            "eps_growth_yearly": 357.14
        },
        "20134": {
            "year_quarter": 20134,
            "year": 2013,
            "quarter": 4,
            "eps": 0.01,
            "eps_growth_year": -64.53,
            "eps_4q": 0.06,
            "eps_4q_growth_year": null,
            "roe": 0.1,
            "roe_4q": 0.8900000000000001,
            "gross_profit": 20054,
            "gross_margin": 13.1,
            "gross_margin_4q_avg": 11.17,
            "net_income": 205,
            "revenue": 153066,
            "common_shares": 328000,
            "book_valuer_per_share": 6.53,
            "book_valuer_per_share_4q_avg": 6.57,
            "equity": 214244,
            "current_ratio": 139.37,
            "debt_ratio": 55.92,
            "inventory_turnover_ratio": 0.89,
            "account_receivable_turnover_ratio": 1.24,
            "reinvestment_rate": null,
            "research_to_sale_ratio": 4.74,
            "price_fair": 6.3,
            "eps_avg_yearly": 0.18,
            "eps_latest_yearly": 0.08,
            "eps_growth_yearly": 357.14
        },
        "20141": {
            "year_quarter": 20141,
            "year": 2014,
            "quarter": 1,
            "eps": 0.03,
            "eps_growth_year": -57.14,
            "eps_4q": 0.02,
            "eps_4q_growth_year": null,
            "roe": 0.47,
            "roe_4q": 0.32,
            "gross_profit": 22214,
            "gross_margin": 13.91,
            "gross_margin_4q_avg": 12.04,
            "net_income": 1003,
            "revenue": 159682,
            "common_shares": 328000,
            "book_valuer_per_share": 6.57,
            "book_valuer_per_share_4q_avg": 6.56,
            "equity": 215496,
            "current_ratio": 143.19,
            "debt_ratio": 54.38,
            "inventory_turnover_ratio": 1.05,
            "account_receivable_turnover_ratio": 1.37,
            "reinvestment_rate": null,
            "research_to_sale_ratio": 4.92,
            "price_fair": 5.6,
            "eps_avg_yearly": 0.16,
            "eps_latest_yearly": 0.12,
            "eps_growth_yearly": 504.76
        },
        "20142": {
            "year_quarter": 20142,
            "year": 2014,
            "quarter": 2,
            "eps": 0.04,
            "eps_growth_year": 100,
            "eps_4q": 0.04,
            "eps_4q_growth_year": null,
            "roe": 0.65,
            "roe_4q": 0.6500000000000002,
            "gross_profit": 25861,
            "gross_margin": 14.36,
            "gross_margin_4q_avg": 13.36,
            "net_income": 1404,
            "revenue": 180135,
            "common_shares": 328000,
            "book_valuer_per_share": 6.64,
            "book_valuer_per_share_4q_avg": 6.58,
            "equity": 217893,
            "current_ratio": 144.62,
            "debt_ratio": 54.42,
            "inventory_turnover_ratio": 1.26,
            "account_receivable_turnover_ratio": 1.51,
            "reinvestment_rate": null,
            "research_to_sale_ratio": 4.15,
            "price_fair": 5.6,
            "eps_avg_yearly": 0.16,
            "eps_latest_yearly": 0.16,
            "eps_growth_yearly": 411.9
        },
        "20143": {
            "year_quarter": 20143,
            "year": 2014,
            "quarter": 3,
            "eps": 0.17,
            "eps_growth_year": null,
            "eps_4q": 0.25,
            "eps_4q_growth_year": 262.77,
            "roe": 2.61,
            "roe_4q": 3.8299999999999996,
            "gross_profit": 25600,
            "gross_margin": 14.83,
            "gross_margin_4q_avg": 14.05,
            "net_income": 5739,
            "revenue": 172576,
            "common_shares": 328000,
            "book_valuer_per_share": 6.77,
            "book_valuer_per_share_4q_avg": 6.63,
            "equity": 222193,
            "current_ratio": 145.36,
            "debt_ratio": 55.13,
            "inventory_turnover_ratio": 1.21,
            "account_receivable_turnover_ratio": 1.31,
            "reinvestment_rate": null,
            "research_to_sale_ratio": 4.38,
            "price_fair": 9.24,
            "eps_avg_yearly": 0.26,
            "eps_latest_yearly": 0.68,
            "eps_growth_yearly": 589.52
        },
        "20144": {
            "year_quarter": 20144,
            "year": 2014,
            "quarter": 4,
            "eps": 0.1,
            "eps_growth_year": 1455.62,
            "eps_4q": 0.35,
            "eps_4q_growth_year": 487.61,
            "roe": 1.43,
            "roe_4q": 5.16,
            "gross_profit": 24347,
            "gross_margin": 12.77,
            "gross_margin_4q_avg": 13.97,
            "net_income": 3189,
            "revenue": 190598,
            "common_shares": 328000,
            "book_valuer_per_share": 6.79,
            "book_valuer_per_share_4q_avg": 6.69,
            "equity": 222789,
            "current_ratio": 148.42,
            "debt_ratio": 54.62,
            "inventory_turnover_ratio": 1.37,
            "account_receivable_turnover_ratio": 1.31,
            "reinvestment_rate": null,
            "research_to_sale_ratio": 5.05,
            "price_fair": 10.03,
            "eps_avg_yearly": 0.29,
            "eps_latest_yearly": 0.4,
            "eps_growth_yearly": 463.82
        },
        "20151": {
            "year_quarter": 20151,
            "year": 2015,
            "quarter": 1,
            "eps": 0.07,
            "eps_growth_year": 133.33,
            "eps_4q": 0.38,
            "eps_4q_growth_year": 1798.48,
            "roe": 1,
            "roe_4q": 5.6899999999999995,
            "gross_profit": 23508,
            "gross_margin": 13.96,
            "gross_margin_4q_avg": 13.98,
            "net_income": 2236,
            "revenue": 168396,
            "common_shares": 328000,
            "book_valuer_per_share": 6.86,
            "book_valuer_per_share_4q_avg": 6.77,
            "equity": 224961,
            "current_ratio": 156.78,
            "debt_ratio": 51.47,
            "inventory_turnover_ratio": 1.24,
            "account_receivable_turnover_ratio": 1.14,
            "reinvestment_rate": null,
            "research_to_sale_ratio": 5.02,
            "price_fair": 10,
            "eps_avg_yearly": 0.29,
            "eps_latest_yearly": 0.28,
            "eps_growth_yearly": 380.42
        },
        "20152": {
            "year_quarter": 20152,
            "year": 2015,
            "quarter": 2,
            "eps": 0.05,
            "eps_growth_year": 25,
            "eps_4q": 0.29,
            "eps_4q_growth_year": 581.89,
            "roe": -0.78,
            "roe_4q": 4.26,
            "gross_profit": 19863,
            "gross_margin": 12.78,
            "gross_margin_4q_avg": 13.59,
            "net_income": -1754,
            "revenue": 155371,
            "common_shares": 328000,
            "book_valuer_per_share": 6.8,
            "book_valuer_per_share_4q_avg": 6.81,
            "equity": 223122,
            "current_ratio": 163.3,
            "debt_ratio": 49.02,
            "inventory_turnover_ratio": 1.16,
            "account_receivable_turnover_ratio": 1.24,
            "reinvestment_rate": null,
            "research_to_sale_ratio": 4.31,
            "price_fair": 9.63,
            "eps_avg_yearly": 0.28,
            "eps_latest_yearly": 0.2,
            "eps_growth_yearly": 318.58
        },
        "20153": {
            "year_quarter": 20153,
            "year": 2015,
            "quarter": 3,
            "eps": 0.44,
            "eps_growth_year": 158.82,
            "eps_4q": 0.6,
            "eps_4q_growth_year": 134.71,
            "roe": 4.34,
            "roe_4q": 5.989999999999999,
            "gross_profit": 27574,
            "gross_margin": 14.85,
            "gross_margin_4q_avg": 13.59,
            "net_income": 9894,
            "revenue": 185715,
            "common_shares": 227000,
            "book_valuer_per_share": 10.27,
            "book_valuer_per_share_4q_avg": 7.68,
            "equity": 233209,
            "current_ratio": 159.58,
            "debt_ratio": 51.8,
            "inventory_turnover_ratio": 1.36,
            "account_receivable_turnover_ratio": 1.39,
            "reinvestment_rate": null,
            "research_to_sale_ratio": 4.46,
            "price_fair": 15.4,
            "eps_avg_yearly": 0.44,
            "eps_latest_yearly": 1.76,
            "eps_growth_yearly": 629.85
        },
        "20154": {
            "year_quarter": 20154,
            "year": 2015,
            "quarter": 4,
            "eps": 0.26,
            "eps_growth_year": 167.55,
            "eps_4q": 0.72,
            "eps_4q_growth_year": 107.54,
            "roe": 2.51,
            "roe_4q": 7.069999999999999,
            "gross_profit": 30748,
            "gross_margin": 16.06,
            "gross_margin_4q_avg": 14.41,
            "net_income": 5905,
            "revenue": 191517,
            "common_shares": 227000,
            "book_valuer_per_share": 10.47,
            "book_valuer_per_share_4q_avg": 8.6,
            "equity": 237762,
            "current_ratio": 162.99,
            "debt_ratio": 51.63,
            "inventory_turnover_ratio": 1.3,
            "account_receivable_turnover_ratio": 1.26,
            "reinvestment_rate": null,
            "research_to_sale_ratio": 4.79,
            "price_fair": 17.5,
            "eps_avg_yearly": 0.5,
            "eps_latest_yearly": 1.04,
            "eps_growth_yearly": 550.5
        },
        "20161": {
            "year_quarter": 20161,
            "year": 2016,
            "quarter": 1,
            "eps": 0.09,
            "eps_growth_year": 28.57,
            "eps_4q": 0.71,
            "eps_4q_growth_year": 85.65,
            "roe": 0.88,
            "roe_4q": 6.949999999999999,
            "gross_profit": 27066,
            "gross_margin": 16.64,
            "gross_margin_4q_avg": 15.08,
            "net_income": 2103,
            "revenue": 162613,
            "common_shares": 227000,
            "book_valuer_per_share": 10.57,
            "book_valuer_per_share_4q_avg": 9.53,
            "equity": 239857,
            "current_ratio": 183.73,
            "debt_ratio": 45.24,
            "inventory_turnover_ratio": 1.07,
            "account_receivable_turnover_ratio": 1.27,
            "reinvestment_rate": null,
            "research_to_sale_ratio": 5.57,
            "price_fair": 17.05,
            "eps_avg_yearly": 0.49,
            "eps_latest_yearly": 0.36,
            "eps_growth_yearly": 476.68
        },
        "20162": {
            "year_quarter": 20162,
            "year": 2016,
            "quarter": 2,
            "eps": 0.19,
            "eps_growth_year": 280,
            "eps_4q": 0.98,
            "eps_4q_growth_year": 241.23,
            "roe": 1.82,
            "roe_4q": 9.55,
            "gross_profit": 30948,
            "gross_margin": 17.89,
            "gross_margin_4q_avg": 16.36,
            "net_income": 4320,
            "revenue": 172966,
            "common_shares": 227000,
            "book_valuer_per_share": 10.4,
            "book_valuer_per_share_4q_avg": 10.43,
            "equity": 236178,
            "current_ratio": 170.58,
            "debt_ratio": 49.33,
            "inventory_turnover_ratio": 1.19,
            "account_receivable_turnover_ratio": 1.35,
            "reinvestment_rate": -112.55,
            "research_to_sale_ratio": 5.94,
            "price_fair": 17.85,
            "eps_avg_yearly": 0.51,
            "eps_latest_yearly": 0.76,
            "eps_growth_yearly": 473.99
        },
        "20163": {
            "year_quarter": 20163,
            "year": 2016,
            "quarter": 3,
            "eps": 0.2,
            "eps_growth_year": -54.55,
            "eps_4q": 0.74,
            "eps_4q_growth_year": 24.45,
            "roe": 1.91,
            "roe_4q": 7.12,
            "gross_profit": 35575,
            "gross_margin": 17.72,
            "gross_margin_4q_avg": 17.08,
            "net_income": 4553,
            "revenue": 200803,
            "common_shares": 227000,
            "book_valuer_per_share": 10.6,
            "book_valuer_per_share_4q_avg": 10.51,
            "equity": 240665,
            "current_ratio": 178.05,
            "debt_ratio": 47.64,
            "inventory_turnover_ratio": 1.43,
            "account_receivable_turnover_ratio": 1.41,
            "reinvestment_rate": -55.21,
            "research_to_sale_ratio": 4.64,
            "price_fair": 18.63,
            "eps_avg_yearly": 0.53,
            "eps_latest_yearly": 0.8,
            "eps_growth_yearly": 439.15
        },
        "20164": {
            "year_quarter": 20164,
            "year": 2016,
            "quarter": 4,
            "eps": 0.43,
            "eps_growth_year": 64.95,
            "eps_4q": 0.91,
            "eps_4q_growth_year": 27.24,
            "roe": 3.97,
            "roe_4q": 8.58,
            "gross_profit": 28800,
            "gross_margin": 16.12,
            "gross_margin_4q_avg": 17.09,
            "net_income": 9740,
            "revenue": 178650,
            "common_shares": 227000,
            "book_valuer_per_share": 11,
            "book_valuer_per_share_4q_avg": 10.64,
            "equity": 249645,
            "current_ratio": 187.67,
            "debt_ratio": 45.66,
            "inventory_turnover_ratio": 1.33,
            "account_receivable_turnover_ratio": 1.32,
            "reinvestment_rate": -43.47,
            "research_to_sale_ratio": 4.21,
            "price_fair": 21.6,
            "eps_avg_yearly": 0.62,
            "eps_latest_yearly": 1.72,
            "eps_growth_yearly": 440.64
        },
        "20171": {
            "year_quarter": 20171,
            "year": 2017,
            "quarter": 1,
            "eps": -0.25,
            "eps_growth_year": -377.78,
            "eps_4q": 0.57,
            "eps_4q_growth_year": -19.81,
            "roe": -2.29,
            "roe_4q": 5.41,
            "gross_profit": 27171,
            "gross_margin": 16.33,
            "gross_margin_4q_avg": 17.02,
            "net_income": -5664,
            "revenue": 166413,
            "common_shares": 227000,
            "book_valuer_per_share": 10.75,
            "book_valuer_per_share_4q_avg": 10.69,
            "equity": 243969,
            "current_ratio": 184.52,
            "debt_ratio": 46.44,
            "inventory_turnover_ratio": 1.19,
            "account_receivable_turnover_ratio": 1.24,
            "reinvestment_rate": -50.91,
            "research_to_sale_ratio": 5.79,
            "price_fair": 22.51,
            "eps_avg_yearly": 0.64,
            "eps_latest_yearly": 1.72,
            "eps_growth_yearly": 397.61
        },
        "20172": {
            "year_quarter": 20172,
            "year": 2017,
            "quarter": 2,
            "eps": 0.1,
            "eps_growth_year": -47.37,
            "eps_4q": 0.48,
            "eps_4q_growth_year": -50.62,
            "roe": 0.98,
            "roe_4q": 4.57,
            "gross_profit": 24053,
            "gross_margin": 14.46,
            "gross_margin_4q_avg": 16.16,
            "net_income": 2345,
            "revenue": 166375,
            "common_shares": 227000,
            "book_valuer_per_share": 10.3,
            "book_valuer_per_share_4q_avg": 10.66,
            "equity": 233829,
            "current_ratio": 161.07,
            "debt_ratio": 53.66,
            "inventory_turnover_ratio": 1.19,
            "account_receivable_turnover_ratio": 1.24,
            "reinvestment_rate": -46.63,
            "research_to_sale_ratio": 5.7,
            "price_fair": 24.15,
            "eps_avg_yearly": 0.69,
            "eps_latest_yearly": 1.72,
            "eps_growth_yearly": 454.56
        },
        "20173": {
            "year_quarter": 20173,
            "year": 2017,
            "quarter": 3,
            "eps": -0.02,
            "eps_growth_year": -110,
            "eps_4q": 0.27,
            "eps_4q_growth_year": -64.31,
            "roe": -0.17,
            "roe_4q": 2.49,
            "gross_profit": 23645,
            "gross_margin": 14.13,
            "gross_margin_4q_avg": 15.26,
            "net_income": -396,
            "revenue": 167359,
            "common_shares": 227000,
            "book_valuer_per_share": 10.28,
            "book_valuer_per_share_4q_avg": 10.58,
            "equity": 233432,
            "current_ratio": 160.03,
            "debt_ratio": 54.08,
            "inventory_turnover_ratio": 1.29,
            "account_receivable_turnover_ratio": 1.13,
            "reinvestment_rate": -42.46,
            "research_to_sale_ratio": 5.95,
            "price_fair": 24.15,
            "eps_avg_yearly": 0.69,
            "eps_latest_yearly": 1.72,
            "eps_growth_yearly": 454.56
        },
        "20174": {
            "year_quarter": 20174,
            "year": 2017,
            "quarter": 4,
            "eps": 0.21,
            "eps_growth_year": -51.52,
            "eps_4q": 0.04,
            "eps_4q_growth_year": -95.14,
            "roe": 2.01,
            "roe_4q": 0.5299999999999998,
            "gross_profit": 28848,
            "gross_margin": 16.1,
            "gross_margin_4q_avg": 15.26,
            "net_income": 4722,
            "revenue": 179189,
            "common_shares": 227000,
            "book_valuer_per_share": 10.43,
            "book_valuer_per_share_4q_avg": 10.44,
            "equity": 236650,
            "current_ratio": 154.71,
            "debt_ratio": 56.72,
            "inventory_turnover_ratio": 1.29,
            "account_receivable_turnover_ratio": 1.08,
            "reinvestment_rate": -37.5,
            "research_to_sale_ratio": 3.16,
            "price_fair": 24.15,
            "eps_avg_yearly": 0.69,
            "eps_latest_yearly": 1.72,
            "eps_growth_yearly": 454.56
        },
        "20181": {
            "year_quarter": 20181,
            "year": 2018,
            "quarter": 1,
            "eps": -0.61,
            "eps_growth_year": null,
            "eps_4q": -0.31,
            "eps_4q_growth_year": -154.64,
            "roe": -5.98,
            "roe_4q": -3.1600000000000006,
            "gross_profit": 17449,
            "gross_margin": 10.13,
            "gross_margin_4q_avg": 13.71,
            "net_income": -13746,
            "revenue": 172303,
            "common_shares": 227000,
            "book_valuer_per_share": 9.82,
            "book_valuer_per_share_4q_avg": 10.21,
            "equity": 222962,
            "current_ratio": 149.66,
            "debt_ratio": 58.02,
            "inventory_turnover_ratio": 1.16,
            "account_receivable_turnover_ratio": 1.07,
            "reinvestment_rate": -47.89,
            "research_to_sale_ratio": 6.19,
            "price_fair": 25.96,
            "eps_avg_yearly": 0.74,
            "eps_latest_yearly": 1.72,
            "eps_growth_yearly": 423.15
        },
        "20182": {
            "year_quarter": 20182,
            "year": 2018,
            "quarter": 2,
            "eps": 0.3,
            "eps_growth_year": 200,
            "eps_4q": -0.11,
            "eps_4q_growth_year": -122.9,
            "roe": 3.05,
            "roe_4q": -1.0900000000000007,
            "gross_profit": 22814,
            "gross_margin": 12.72,
            "gross_margin_4q_avg": 13.27,
            "net_income": 6907,
            "revenue": 179404,
            "common_shares": 227000,
            "book_valuer_per_share": 10.13,
            "book_valuer_per_share_4q_avg": 10.17,
            "equity": 229883,
            "current_ratio": 157.59,
            "debt_ratio": 55.17,
            "inventory_turnover_ratio": 1.21,
            "account_receivable_turnover_ratio": 1.13,
            "reinvestment_rate": -39.3,
            "research_to_sale_ratio": 5.75,
            "price_fair": 28,
            "eps_avg_yearly": 0.8,
            "eps_latest_yearly": 1.72,
            "eps_growth_yearly": 452.13
        },
        "20183": {
            "year_quarter": 20183,
            "year": 2018,
            "quarter": 3,
            "eps": 0.27,
            "eps_growth_year": null,
            "eps_4q": 0.18,
            "eps_4q_growth_year": -32.51,
            "roe": 2.65,
            "roe_4q": 1.7299999999999986,
            "gross_profit": 28520,
            "gross_margin": 16.04,
            "gross_margin_4q_avg": 13.75,
            "net_income": 6183,
            "revenue": 177830,
            "common_shares": 227000,
            "book_valuer_per_share": 10.4,
            "book_valuer_per_share_4q_avg": 10.2,
            "equity": 236123,
            "current_ratio": 159.48,
            "debt_ratio": 54.52,
            "inventory_turnover_ratio": 1.25,
            "account_receivable_turnover_ratio": 1.05,
            "reinvestment_rate": -34.89,
            "research_to_sale_ratio": 5.33,
            "price_fair": 29.4,
            "eps_avg_yearly": 0.84,
            "eps_latest_yearly": 1.08,
            "eps_growth_yearly": 318.13
        },
        "20184": {
            "year_quarter": 20184,
            "year": 2018,
            "quarter": 4,
            "eps": 0.36,
            "eps_growth_year": 71.16,
            "eps_4q": 0.33,
            "eps_4q_growth_year": 637.44,
            "roe": 3.36,
            "roe_4q": 3.0799999999999983,
            "gross_profit": 32879,
            "gross_margin": 16.11,
            "gross_margin_4q_avg": 13.75,
            "net_income": 8082,
            "revenue": 204145,
            "common_shares": 227000,
            "book_valuer_per_share": 10.77,
            "book_valuer_per_share_4q_avg": 10.28,
            "equity": 244579,
            "current_ratio": 163.59,
            "debt_ratio": 53.14,
            "inventory_turnover_ratio": 1.46,
            "account_receivable_turnover_ratio": 1.13,
            "reinvestment_rate": -28.41,
            "research_to_sale_ratio": 4.58,
            "price_fair": 33.04,
            "eps_avg_yearly": 0.94,
            "eps_latest_yearly": 1.44,
            "eps_growth_yearly": 347.94
        },
        "20191": {
            "year_quarter": 20191,
            "year": 2019,
            "quarter": 1,
            "eps": 0.31,
            "eps_growth_year": null,
            "eps_4q": 1.24,
            "eps_4q_growth_year": null,
            "roe": 2.82,
            "roe_4q": 11.879999999999999,
            "gross_profit": 31786,
            "gross_margin": 17.87,
            "gross_margin_4q_avg": 15.69,
            "net_income": 6986,
            "revenue": 177881,
            "common_shares": 227000,
            "book_valuer_per_share": 11.08,
            "book_valuer_per_share_4q_avg": 10.6,
            "equity": 251525,
            "current_ratio": 170.83,
            "debt_ratio": 51.35,
            "inventory_turnover_ratio": 1.2,
            "account_receivable_turnover_ratio": 1.06,
            "reinvestment_rate": -24.76,
            "research_to_sale_ratio": 5.02,
            "price_fair": 36.4,
            "eps_avg_yearly": 1.04,
            "eps_latest_yearly": 1.24,
            "eps_growth_yearly": 354.38
        },
        "20192": {
            "year_quarter": 20192,
            "year": 2019,
            "quarter": 2,
            "eps": 0.25,
            "eps_growth_year": -16.67,
            "eps_4q": 1.19,
            "eps_4q_growth_year": null,
            "roe": 2.26,
            "roe_4q": 11.09,
            "gross_profit": 29159,
            "gross_margin": 16.62,
            "gross_margin_4q_avg": 16.66,
            "net_income": 5660,
            "revenue": 175479,
            "common_shares": 227000,
            "book_valuer_per_share": 11.03,
            "book_valuer_per_share_4q_avg": 10.82,
            "equity": 250402,
            "current_ratio": 172.55,
            "debt_ratio": 50.85,
            "inventory_turnover_ratio": 1.16,
            "account_receivable_turnover_ratio": 1.11,
            "reinvestment_rate": -18.88,
            "research_to_sale_ratio": 5.3,
            "price_fair": 39.2,
            "eps_avg_yearly": 1.12,
            "eps_latest_yearly": 1,
            "eps_growth_yearly": 358.07
        },
        "20193": {
            "year_quarter": 20193,
            "year": 2019,
            "quarter": 3,
            "eps": 0.14,
            "eps_growth_year": -48.15,
            "eps_4q": 1.05,
            "eps_4q_growth_year": 486.74,
            "roe": 1.24,
            "roe_4q": 9.68,
            "gross_profit": 28683,
            "gross_margin": 18.23,
            "gross_margin_4q_avg": 17.21,
            "net_income": 3129,
            "revenue": 157356,
            "common_shares": 227000,
            "book_valuer_per_share": 11.17,
            "book_valuer_per_share_4q_avg": 11.01,
            "equity": 253644,
            "current_ratio": 177.42,
            "debt_ratio": 50.19,
            "inventory_turnover_ratio": 0.89,
            "account_receivable_turnover_ratio": 0.97,
            "reinvestment_rate": -20.45,
            "research_to_sale_ratio": 5.83,
            "price_fair": 35,
            "eps_avg_yearly": 1,
            "eps_latest_yearly": 0.56,
            "eps_growth_yearly": 28.47
        },
        "20194": {
            "year_quarter": 20194,
            "year": 2019,
            "quarter": 4,
            "eps": 0.14,
            "eps_growth_year": -60.81,
            "eps_4q": 0.83,
            "eps_4q_growth_year": 155.08,
            "roe": 1.24,
            "roe_4q": 7.5600000000000005,
            "gross_profit": 32229,
            "gross_margin": 17.63,
            "gross_margin_4q_avg": 17.59,
            "net_income": 3167,
            "revenue": 182822,
            "common_shares": 227000,
            "book_valuer_per_share": 11.31,
            "book_valuer_per_share_4q_avg": 11.15,
            "equity": 256770,
            "current_ratio": 178.43,
            "debt_ratio": 49.72,
            "inventory_turnover_ratio": 0.99,
            "account_receivable_turnover_ratio": 1.19,
            "reinvestment_rate": -14.16,
            "research_to_sale_ratio": 5.26,
            "price_fair": 33.32,
            "eps_avg_yearly": 0.95,
            "eps_latest_yearly": 0.56,
            "eps_growth_yearly": 44.83
        },
        "20201": {
            "year_quarter": 20201,
            "year": 2020,
            "quarter": 1,
            "eps": -0.06,
            "eps_growth_year": -119.35,
            "eps_4q": 0.47,
            "eps_4q_growth_year": -62.42,
            "roe": -0.54,
            "roe_4q": 4.199999999999999,
            "gross_profit": 19007,
            "gross_margin": 15,
            "gross_margin_4q_avg": 16.87,
            "net_income": -1373,
            "revenue": 126705,
            "common_shares": 227000,
            "book_valuer_per_share": 11.25,
            "book_valuer_per_share_4q_avg": 11.19,
            "equity": 255437,
            "current_ratio": 188.62,
            "debt_ratio": 47.17,
            "inventory_turnover_ratio": 0.7,
            "account_receivable_turnover_ratio": 0.93,
            "reinvestment_rate": -13.14,
            "research_to_sale_ratio": 7.12,
            "price_fair": 35.62,
            "eps_avg_yearly": 1.02,
            "eps_latest_yearly": 0.56,
            "eps_growth_yearly": 78.87
        },
        "20202": {
            "year_quarter": 20202,
            "year": 2020,
            "quarter": 2,
            "eps": -0.16,
            "eps_growth_year": -164,
            "eps_4q": 0.06,
            "eps_4q_growth_year": -95.15,
            "roe": -1.45,
            "roe_4q": 0.49,
            "gross_profit": 15018,
            "gross_margin": 14.62,
            "gross_margin_4q_avg": 16.37,
            "net_income": -3618,
            "revenue": 102690,
            "common_shares": 227000,
            "book_valuer_per_share": 10.8,
            "book_valuer_per_share_4q_avg": 11.13,
            "equity": 245055,
            "current_ratio": 192.89,
            "debt_ratio": 46.26,
            "inventory_turnover_ratio": 0.56,
            "account_receivable_turnover_ratio": 0.91,
            "reinvestment_rate": -18.24,
            "research_to_sale_ratio": 8.03,
            "price_fair": 36.75,
            "eps_avg_yearly": 1.05,
            "eps_latest_yearly": 0.56,
            "eps_growth_yearly": 33.18
        },
        "20203": {
            "year_quarter": 20203,
            "year": 2020,
            "quarter": 3,
            "eps": -0.27,
            "eps_growth_year": -292.86,
            "eps_4q": -0.35,
            "eps_4q_growth_year": -133.76,
            "roe": -2.58,
            "roe_4q": -3.33,
            "gross_profit": 17328,
            "gross_margin": 14.06,
            "gross_margin_4q_avg": 15.33,
            "net_income": -6230,
            "revenue": 123237,
            "common_shares": 227000,
            "book_valuer_per_share": 10.52,
            "book_valuer_per_share_4q_avg": 10.97,
            "equity": 238764,
            "current_ratio": 191.57,
            "debt_ratio": 46.44,
            "inventory_turnover_ratio": 0.73,
            "account_receivable_turnover_ratio": 1.25,
            "reinvestment_rate": -22.77,
            "research_to_sale_ratio": 7.9,
            "price_fair": 38,
            "eps_avg_yearly": 1.09,
            "eps_latest_yearly": 0.56,
            "eps_growth_yearly": 34.91
        },
        "20204": {
            "year_quarter": 20204,
            "year": 2020,
            "quarter": 4,
            "eps": 0.05,
            "eps_growth_year": -66.18,
            "eps_4q": -0.45,
            "eps_4q_growth_year": -153.58,
            "roe": 0.45,
            "roe_4q": -4.12,
            "gross_profit": 22360,
            "gross_margin": 13.23,
            "gross_margin_4q_avg": 14.23,
            "net_income": 1071,
            "revenue": 168973,
            "common_shares": 227000,
            "book_valuer_per_share": 10.55,
            "book_valuer_per_share_4q_avg": 10.78,
            "equity": 239423,
            "current_ratio": 167.14,
            "debt_ratio": 53.29,
            "inventory_turnover_ratio": 1.03,
            "account_receivable_turnover_ratio": 1.33,
            "reinvestment_rate": -27.01,
            "research_to_sale_ratio": 6.12,
            "price_fair": 2.94,
            "eps_avg_yearly": 0.98,
            "eps_latest_yearly": 0.56,
            "eps_growth_yearly": -35.94
        },
        "20211": {
            "year_quarter": 20211,
            "year": 2021,
            "quarter": 1,
            "eps": 0.08,
            "eps_growth_year": null,
            "eps_4q": -0.31,
            "eps_4q_growth_year": -166.11,
            "roe": 0.74,
            "roe_4q": -2.84,
            "gross_profit": 24246,
            "gross_margin": 14.02,
            "gross_margin_4q_avg": 13.98,
            "net_income": 1781,
            "revenue": 172974,
            "common_shares": 227000,
            "book_valuer_per_share": 10.63,
            "book_valuer_per_share_4q_avg": 10.63,
            "equity": 241225,
            "current_ratio": 164.78,
            "debt_ratio": 54.2,
            "inventory_turnover_ratio": 0.92,
            "account_receivable_turnover_ratio": 1.18,
            "reinvestment_rate": -14.43,
            "research_to_sale_ratio": 5.2,
            "price_fair": 11.94,
            "eps_avg_yearly": 0.89,
            "eps_latest_yearly": 0.32,
            "eps_growth_yearly": 3.48
        },
        "20212": {
            "year_quarter": 20212,
            "year": 2021,
            "quarter": 2,
            "eps": 0.09,
            "eps_growth_year": null,
            "eps_4q": -0.06,
            "eps_4q_growth_year": -200.46,
            "roe": 0.85,
            "roe_4q": -0.54,
            "gross_profit": 31225,
            "gross_margin": 14.32,
            "gross_margin_4q_avg": 13.91,
            "net_income": 2067,
            "revenue": 218000,
            "common_shares": 227000,
            "book_valuer_per_share": 10.72,
            "book_valuer_per_share_4q_avg": 10.61,
            "equity": 243254,
            "current_ratio": 153.23,
            "debt_ratio": 58.72,
            "inventory_turnover_ratio": 1.06,
            "account_receivable_turnover_ratio": 1.29,
            "reinvestment_rate": -15.87,
            "research_to_sale_ratio": 4.18,
            "price_fair": 15.82,
            "eps_avg_yearly": 0.82,
            "eps_latest_yearly": 0.36,
            "eps_growth_yearly": 9.29
        },
        "20213": {
            "year_quarter": 20213,
            "year": 2021,
            "quarter": 3,
            "eps": 0.31,
            "eps_growth_year": null,
            "eps_4q": 0.52,
            "eps_4q_growth_year": null,
            "roe": 2.82,
            "roe_4q": 4.86,
            "gross_profit": 30008,
            "gross_margin": 15.21,
            "gross_margin_4q_avg": 14.2,
            "net_income": 6946,
            "revenue": 197231,
            "common_shares": 227000,
            "book_valuer_per_share": 11.02,
            "book_valuer_per_share_4q_avg": 10.73,
            "equity": 250214,
            "current_ratio": 166.25,
            "debt_ratio": 54.06,
            "inventory_turnover_ratio": 0.94,
            "account_receivable_turnover_ratio": 1.07,
            "reinvestment_rate": -11.79,
            "research_to_sale_ratio": 4.6,
            "price_fair": 30.33,
            "eps_avg_yearly": 0.87,
            "eps_latest_yearly": 1.24,
            "eps_growth_yearly": 116.9
        },
        "20214": {
            "year_quarter": 20214,
            "year": 2021,
            "quarter": 4,
            "eps": 0.35,
            "eps_growth_year": 632.3,
            "eps_4q": 0.82,
            "eps_4q_growth_year": null,
            "roe": 3.08,
            "roe_4q": 7.49,
            "gross_profit": 35090,
            "gross_margin": 16.65,
            "gross_margin_4q_avg": 15.05,
            "net_income": 7843,
            "revenue": 210788,
            "common_shares": 227000,
            "book_valuer_per_share": 11.41,
            "book_valuer_per_share_4q_avg": 10.95,
            "equity": 258965,
            "current_ratio": 173.07,
            "debt_ratio": 51.91,
            "inventory_turnover_ratio": 0.97,
            "account_receivable_turnover_ratio": 1.26,
            "reinvestment_rate": -6.42,
            "research_to_sale_ratio": 4.26,
            "price_fair": 32.2,
            "eps_avg_yearly": 0.92,
            "eps_latest_yearly": 1.4,
            "eps_growth_yearly": 110.37
        },
        "20221": {
            "year_quarter": 20221,
            "year": 2022,
            "quarter": 1,
            "eps": 0.47,
            "eps_growth_year": 487.5,
            "eps_4q": 1.21,
            "eps_4q_growth_year": null,
            "roe": 4.05,
            "roe_4q": 10.799999999999999,
            "gross_profit": 32943,
            "gross_margin": 15.34,
            "gross_margin_4q_avg": 15.38,
            "net_income": 10695,
            "revenue": 214809,
            "common_shares": 227000,
            "book_valuer_per_share": 11.88,
            "book_valuer_per_share_4q_avg": 11.26,
            "equity": 269783,
            "current_ratio": 165.87,
            "debt_ratio": 54.56,
            "inventory_turnover_ratio": 0.94,
            "account_receivable_turnover_ratio": 1.18,
            "reinvestment_rate": -2.47,
            "research_to_sale_ratio": 4.47,
            "price_fair": 35.25,
            "eps_avg_yearly": 1.01,
            "eps_latest_yearly": 1.88,
            "eps_growth_yearly": 112.81
        },
        "20222": {
            "year_quarter": 20222,
            "year": 2022,
            "quarter": 2,
            "eps": 0.52,
            "eps_growth_year": 477.78,
            "eps_4q": 1.58,
            "eps_4q_growth_year": null,
            "roe": 4.55,
            "roe_4q": 14.5,
            "gross_profit": 33497,
            "gross_margin": 15.97,
            "gross_margin_4q_avg": 15.79,
            "net_income": 12442,
            "revenue": 209688,
            "common_shares": 227000,
            "book_valuer_per_share": 12.23,
            "book_valuer_per_share_4q_avg": 11.64,
            "equity": 277635,
            "current_ratio": 180.37,
            "debt_ratio": 49.96,
            "inventory_turnover_ratio": 0.92,
            "account_receivable_turnover_ratio": 1.06,
            "reinvestment_rate": 0.53,
            "research_to_sale_ratio": 4.81,
            "price_fair": 38.38,
            "eps_avg_yearly": 1.1,
            "eps_latest_yearly": 2.08,
            "eps_growth_yearly": 106.95
        },
        "20223": {
            "year_quarter": 20223,
            "year": 2022,
            "quarter": 3,
            "eps": 0.75,
            "eps_growth_year": 141.94,
            "eps_4q": 2.03,
            "eps_4q_growth_year": 289.09,
            "roe": 6.26,
            "roe_4q": 17.939999999999998,
            "gross_profit": 35994,
            "gross_margin": 17.67,
            "gross_margin_4q_avg": 16.41,
            "net_income": 17955,
            "revenue": 203648,
            "common_shares": 240620,
            "book_valuer_per_share": 12.29,
            "book_valuer_per_share_4q_avg": 11.95,
            "equity": 295610,
            "current_ratio": 171.61,
            "debt_ratio": 53.15,
            "inventory_turnover_ratio": 0.87,
            "account_receivable_turnover_ratio": 1,
            "reinvestment_rate": 2.18,
            "research_to_sale_ratio": 5.49,
            "price_fair": 43.98,
            "eps_avg_yearly": 1.26,
            "eps_latest_yearly": 3,
            "eps_growth_yearly": 125.03
        },
        "20224": {
            "year_quarter": 20224,
            "year": 2022,
            "quarter": 4,
            "eps": -0.03,
            "eps_growth_year": -109.48,
            "eps_4q": 1.68,
            "eps_4q_growth_year": 104.02,
            "roe": -0.27,
            "roe_4q": 14.59,
            "gross_profit": 29577,
            "gross_margin": 21.64,
            "gross_margin_4q_avg": 17.66,
            "net_income": -788,
            "revenue": 136652,
            "common_shares": 240620,
            "book_valuer_per_share": 12.33,
            "book_valuer_per_share_4q_avg": 12.18,
            "equity": 296723,
            "current_ratio": 193.92,
            "debt_ratio": 46.09,
            "inventory_turnover_ratio": 0.54,
            "account_receivable_turnover_ratio": 0.88,
            "reinvestment_rate": 0.67,
            "research_to_sale_ratio": 5.35,
            "price_fair": 43.4,
            "eps_avg_yearly": 1.24,
            "eps_latest_yearly": 3,
            "eps_growth_yearly": 124.28
        },
        "20231": {
            "year_quarter": 20231,
            "year": 2023,
            "quarter": 1,
            "eps": 0.03,
            "eps_growth_year": -93.62,
            "eps_4q": 1.26,
            "eps_4q_growth_year": 4.07,
            "roe": 0.26,
            "roe_4q": 10.8,
            "gross_profit": 23776,
            "gross_margin": 16.06,
            "gross_margin_4q_avg": 17.84,
            "net_income": 784,
            "revenue": 148026,
            "common_shares": 240620,
            "book_valuer_per_share": 12.36,
            "book_valuer_per_share_4q_avg": 12.3,
            "equity": 297522,
            "current_ratio": 201.02,
            "debt_ratio": 44.29,
            "inventory_turnover_ratio": 0.65,
            "account_receivable_turnover_ratio": 1.39,
            "reinvestment_rate": 1.45,
            "research_to_sale_ratio": 6.09,
            "price_fair": 43.4,
            "eps_avg_yearly": 1.24,
            "eps_latest_yearly": 3,
            "eps_growth_yearly": 142.26
        }
    },
    "months": {
        "2007-02": {
            "month": "2007-02",
            "price": "25.13",
            "revenue": 66847
        },
        "2007-03": {
            "month": "2007-03",
            "price": "25.83",
            "revenue": 101095
        },
        "2007-04": {
            "month": "2007-04",
            "price": "27.07",
            "revenue": 82442
        },
        "2007-05": {
            "month": "2007-05",
            "price": "26.83",
            "revenue": 84275
        },
        "2007-06": {
            "month": "2007-06",
            "price": "29.05",
            "revenue": 102001
        },
        "2007-07": {
            "month": "2007-07",
            "price": "43.41",
            "revenue": 80058
        },
        "2007-08": {
            "month": "2007-08",
            "price": "41.39",
            "revenue": 83527
        },
        "2007-09": {
            "month": "2007-09",
            "price": "34.33",
            "revenue": 84013
        },
        "2007-10": {
            "month": "2007-10",
            "price": "29.74",
            "revenue": 92502
        },
        "2007-11": {
            "month": "2007-11",
            "price": "27.68",
            "revenue": 80578
        },
        "2007-12": {
            "month": "2007-12",
            "price": "24.82",
            "revenue": 88434
        },
        "2008-01": {
            "month": "2008-01",
            "price": "16.75",
            "revenue": 72827
        },
        "2008-02": {
            "month": "2008-02",
            "price": "18.59",
            "revenue": 64608
        },
        "2008-03": {
            "month": "2008-03",
            "price": "19.57",
            "revenue": 64521
        },
        "2008-04": {
            "month": "2008-04",
            "price": "21.53",
            "revenue": 66878
        },
        "2008-05": {
            "month": "2008-05",
            "price": "20.98",
            "revenue": 62713
        },
        "2008-06": {
            "month": "2008-06",
            "price": "16.56",
            "revenue": 60764
        },
        "2008-07": {
            "month": "2008-07",
            "price": "13.20",
            "revenue": 34449
        },
        "2008-08": {
            "month": "2008-08",
            "price": "11.72",
            "revenue": 42741
        },
        "2008-09": {
            "month": "2008-09",
            "price": "9.87",
            "revenue": 64039
        },
        "2008-10": {
            "month": "2008-10",
            "price": "9.41",
            "revenue": 54654
        },
        "2008-11": {
            "month": "2008-11",
            "price": "7.57",
            "revenue": 45347
        },
        "2008-12": {
            "month": "2008-12",
            "price": "6.73",
            "revenue": 55201
        },
        "2009-01": {
            "month": "2009-01",
            "price": "6.48",
            "revenue": 40759
        },
        "2009-02": {
            "month": "2009-02",
            "price": "6.83",
            "revenue": 43801
        },
        "2009-03": {
            "month": "2009-03",
            "price": "8.84",
            "revenue": 51949
        },
        "2009-04": {
            "month": "2009-04",
            "price": "11.62",
            "revenue": 61751
        },
        "2009-05": {
            "month": "2009-05",
            "price": "13.68",
            "revenue": 49391
        },
        "2009-06": {
            "month": "2009-06",
            "price": "14.02",
            "revenue": 66352
        },
        "2009-07": {
            "month": "2009-07",
            "price": "13.28",
            "revenue": 54797
        },
        "2009-08": {
            "month": "2009-08",
            "price": "13.44",
            "revenue": 41625
        },
        "2009-09": {
            "month": "2009-09",
            "price": "14.31",
            "revenue": 58955
        },
        "2009-10": {
            "month": "2009-10",
            "price": "18.18",
            "revenue": 55440
        },
        "2009-11": {
            "month": "2009-11",
            "price": "16.70",
            "revenue": 47186
        },
        "2009-12": {
            "month": "2009-12",
            "price": "17.45",
            "revenue": 65561
        },
        "2010-01": {
            "month": "2010-01",
            "price": "17.08",
            "revenue": 58576
        },
        "2010-02": {
            "month": "2010-02",
            "price": "13.95",
            "revenue": 42598
        },
        "2010-03": {
            "month": "2010-03",
            "price": "15.56",
            "revenue": 54275
        },
        "2010-04": {
            "month": "2010-04",
            "price": "16.29",
            "revenue": 37079
        },
        "2010-05": {
            "month": "2010-05",
            "price": "14.63",
            "revenue": 50679
        },
        "2010-06": {
            "month": "2010-06",
            "price": "14.66",
            "revenue": 40295
        },
        "2010-07": {
            "month": "2010-07",
            "price": "15.42",
            "revenue": 45917
        },
        "2010-08": {
            "month": "2010-08",
            "price": "15.17",
            "revenue": 57612
        },
        "2010-09": {
            "month": "2010-09",
            "price": "13.61",
            "revenue": 54928
        },
        "2010-10": {
            "month": "2010-10",
            "price": "12.43",
            "revenue": 51122
        },
        "2010-11": {
            "month": "2010-11",
            "price": "11.88",
            "revenue": 52644
        },
        "2010-12": {
            "month": "2010-12",
            "price": "11.30",
            "revenue": 47032
        },
        "2011-01": {
            "month": "2011-01",
            "price": "11.06",
            "revenue": 54035
        },
        "2011-02": {
            "month": "2011-02",
            "price": "10.81",
            "revenue": 41110
        },
        "2011-03": {
            "month": "2011-03",
            "price": "10.89",
            "revenue": 55895
        },
        "2011-04": {
            "month": "2011-04",
            "price": "11.76",
            "revenue": 50631
        },
        "2011-05": {
            "month": "2011-05",
            "price": "11.60",
            "revenue": 49677
        },
        "2011-06": {
            "month": "2011-06",
            "price": "11.50",
            "revenue": 50397
        },
        "2011-07": {
            "month": "2011-07",
            "price": "10.95",
            "revenue": 45165
        },
        "2011-08": {
            "month": "2011-08",
            "price": "10.06",
            "revenue": 43939
        },
        "2011-09": {
            "month": "2011-09",
            "price": "10.30",
            "revenue": 52668
        },
        "2011-10": {
            "month": "2011-10",
            "price": "9.81",
            "revenue": 37691
        },
        "2011-11": {
            "month": "2011-11",
            "price": "9.60",
            "revenue": 55727
        },
        "2011-12": {
            "month": "2011-12",
            "price": "9.86",
            "revenue": 57561
        },
        "2012-01": {
            "month": "2012-01",
            "price": "9.77",
            "revenue": 49304
        },
        "2012-02": {
            "month": "2012-02",
            "price": "10.05",
            "revenue": 49014
        },
        "2012-03": {
            "month": "2012-03",
            "price": "9.52",
            "revenue": 48033
        },
        "2012-04": {
            "month": "2012-04",
            "price": "9.77",
            "revenue": 50383
        },
        "2012-05": {
            "month": "2012-05",
            "price": "9.52",
            "revenue": 47046
        },
        "2012-06": {
            "month": "2012-06",
            "price": "9.30",
            "revenue": 55204
        },
        "2012-07": {
            "month": "2012-07",
            "price": "9.42",
            "revenue": 51845
        },
        "2012-08": {
            "month": "2012-08",
            "price": "9.41",
            "revenue": 54884
        },
        "2012-09": {
            "month": "2012-09",
            "price": "9.41",
            "revenue": 51996
        },
        "2012-10": {
            "month": "2012-10",
            "price": "9.08",
            "revenue": 54014
        },
        "2012-11": {
            "month": "2012-11",
            "price": "8.50",
            "revenue": 73640
        },
        "2012-12": {
            "month": "2012-12",
            "price": "8.47",
            "revenue": 70988
        },
        "2013-01": {
            "month": "2013-01",
            "price": "8.58",
            "revenue": 72145
        },
        "2013-02": {
            "month": "2013-02",
            "price": "8.63",
            "revenue": 56848
        },
        "2013-03": {
            "month": "2013-03",
            "price": "8.87",
            "revenue": 64501
        },
        "2013-04": {
            "month": "2013-04",
            "price": "8.85",
            "revenue": 82707
        },
        "2013-05": {
            "month": "2013-05",
            "price": "9.38",
            "revenue": 69619
        },
        "2013-06": {
            "month": "2013-06",
            "price": "9.72",
            "revenue": 66685
        },
        "2013-07": {
            "month": "2013-07",
            "price": "10.00",
            "revenue": 62133
        },
        "2013-08": {
            "month": "2013-08",
            "price": "9.84",
            "revenue": 60316
        },
        "2013-09": {
            "month": "2013-09",
            "price": "10.00",
            "revenue": 60866
        },
        "2013-10": {
            "month": "2013-10",
            "price": "10.02",
            "revenue": 42875
        },
        "2013-11": {
            "month": "2013-11",
            "price": "10.04",
            "revenue": 44818
        },
        "2013-12": {
            "month": "2013-12",
            "price": "9.90",
            "revenue": 65372
        },
        "2014-01": {
            "month": "2014-01",
            "price": "10.17",
            "revenue": 53660
        },
        "2014-02": {
            "month": "2014-02",
            "price": "10.18",
            "revenue": 51994
        },
        "2014-03": {
            "month": "2014-03",
            "price": "10.19",
            "revenue": 54028
        },
        "2014-04": {
            "month": "2014-04",
            "price": "10.14",
            "revenue": 50736
        },
        "2014-05": {
            "month": "2014-05",
            "price": "9.97",
            "revenue": 55286
        },
        "2014-06": {
            "month": "2014-06",
            "price": "9.34",
            "revenue": 74112
        },
        "2014-07": {
            "month": "2014-07",
            "price": "11.56",
            "revenue": 51675
        },
        "2014-08": {
            "month": "2014-08",
            "price": "12.20",
            "revenue": 52797
        },
        "2014-09": {
            "month": "2014-09",
            "price": "12.30",
            "revenue": 68102
        },
        "2014-10": {
            "month": "2014-10",
            "price": "11.85",
            "revenue": 62961
        },
        "2014-11": {
            "month": "2014-11",
            "price": "12.10",
            "revenue": 50414
        },
        "2014-12": {
            "month": "2014-12",
            "price": "12.40",
            "revenue": 77225
        },
        "2015-01": {
            "month": "2015-01",
            "price": "12.56",
            "revenue": 58410
        },
        "2015-02": {
            "month": "2015-02",
            "price": "13.15",
            "revenue": 42833
        },
        "2015-03": {
            "month": "2015-03",
            "price": "12.70",
            "revenue": 67153
        },
        "2015-04": {
            "month": "2015-04",
            "price": "13.42",
            "revenue": 45255
        },
        "2015-05": {
            "month": "2015-05",
            "price": "12.51",
            "revenue": 52005
        },
        "2015-06": {
            "month": "2015-06",
            "price": "12.29",
            "revenue": 58105
        },
        "2015-07": {
            "month": "2015-07",
            "price": "11.73",
            "revenue": 56236
        },
        "2015-08": {
            "month": "2015-08",
            "price": "9.09",
            "revenue": 56475
        },
        "2015-09": {
            "month": "2015-09",
            "price": "8.52",
            "revenue": 73012
        },
        "2015-10": {
            "month": "2015-10",
            "price": "8.61",
            "revenue": 58460
        },
        "2015-11": {
            "month": "2015-11",
            "price": "11.77",
            "revenue": 71682
        },
        "2015-12": {
            "month": "2015-12",
            "price": "12.75",
            "revenue": 61375
        },
        "2016-01": {
            "month": "2016-01",
            "price": "12.94",
            "revenue": 51321
        },
        "2016-02": {
            "month": "2016-02",
            "price": "13.23",
            "revenue": 52911
        },
        "2016-03": {
            "month": "2016-03",
            "price": "13.36",
            "revenue": 58375
        },
        "2016-04": {
            "month": "2016-04",
            "price": "15.01",
            "revenue": 50454
        },
        "2016-05": {
            "month": "2016-05",
            "price": "15.53",
            "revenue": 52267
        },
        "2016-06": {
            "month": "2016-06",
            "price": "14.95",
            "revenue": 70315
        },
        "2016-07": {
            "month": "2016-07",
            "price": "14.79",
            "revenue": 79479
        },
        "2016-08": {
            "month": "2016-08",
            "price": "14.74",
            "revenue": 60716
        },
        "2016-09": {
            "month": "2016-09",
            "price": "14.06",
            "revenue": 60413
        },
        "2016-10": {
            "month": "2016-10",
            "price": "12.91",
            "revenue": 52880
        },
        "2016-11": {
            "month": "2016-11",
            "price": "11.87",
            "revenue": 56796
        },
        "2016-12": {
            "month": "2016-12",
            "price": "12.17",
            "revenue": 68675
        },
        "2017-01": {
            "month": "2017-01",
            "price": "12.22",
            "revenue": 50673
        },
        "2017-02": {
            "month": "2017-02",
            "price": "12.96",
            "revenue": 52640
        },
        "2017-03": {
            "month": "2017-03",
            "price": "13.73",
            "revenue": 63059
        },
        "2017-04": {
            "month": "2017-04",
            "price": "15.35",
            "revenue": 53626
        },
        "2017-05": {
            "month": "2017-05",
            "price": "14.23",
            "revenue": 54784
        },
        "2017-06": {
            "month": "2017-06",
            "price": "14.86",
            "revenue": 57990
        },
        "2017-07": {
            "month": "2017-07",
            "price": "14.56",
            "revenue": 51057
        },
        "2017-08": {
            "month": "2017-08",
            "price": "13.84",
            "revenue": 47876
        },
        "2017-09": {
            "month": "2017-09",
            "price": "13.30",
            "revenue": 68738
        },
        "2017-10": {
            "month": "2017-10",
            "price": "13.07",
            "revenue": 50537
        },
        "2017-11": {
            "month": "2017-11",
            "price": "12.88",
            "revenue": 51611
        },
        "2017-12": {
            "month": "2017-12",
            "price": "12.24",
            "revenue": 77131
        },
        "2018-01": {
            "month": "2018-01",
            "price": "12.01",
            "revenue": 60048
        },
        "2018-02": {
            "month": "2018-02",
            "price": "13.35",
            "revenue": 52478
        },
        "2018-03": {
            "month": "2018-03",
            "price": "17.25",
            "revenue": 59791
        },
        "2018-04": {
            "month": "2018-04",
            "price": "17.73",
            "revenue": 62726
        },
        "2018-05": {
            "month": "2018-05",
            "price": "13.78",
            "revenue": 43213
        },
        "2018-06": {
            "month": "2018-06",
            "price": "13.11",
            "revenue": 73451
        },
        "2018-07": {
            "month": "2018-07",
            "price": "13.06",
            "revenue": 55987
        },
        "2018-08": {
            "month": "2018-08",
            "price": "12.89",
            "revenue": 63544
        },
        "2018-09": {
            "month": "2018-09",
            "price": "14.23",
            "revenue": 58295
        },
        "2018-10": {
            "month": "2018-10",
            "price": "14.93",
            "revenue": 52547
        },
        "2018-11": {
            "month": "2018-11",
            "price": "15.05",
            "revenue": 74707
        },
        "2018-12": {
            "month": "2018-12",
            "price": "14.25",
            "revenue": 76949
        },
        "2019-01": {
            "month": "2019-01",
            "price": "13.40",
            "revenue": 66997
        },
        "2019-02": {
            "month": "2019-02",
            "price": "13.48",
            "revenue": 55227
        },
        "2019-03": {
            "month": "2019-03",
            "price": "15.05",
            "revenue": 55655
        },
        "2019-04": {
            "month": "2019-04",
            "price": "15.24",
            "revenue": 53288
        },
        "2019-05": {
            "month": "2019-05",
            "price": "14.42",
            "revenue": 56151
        },
        "2019-06": {
            "month": "2019-06",
            "price": "15.27",
            "revenue": 66038
        },
        "2019-07": {
            "month": "2019-07",
            "price": "15.49",
            "revenue": 52102
        },
        "2019-08": {
            "month": "2019-08",
            "price": "14.72",
            "revenue": 43798
        },
        "2019-09": {
            "month": "2019-09",
            "price": "14.56",
            "revenue": 61457
        },
        "2019-10": {
            "month": "2019-10",
            "price": "14.02",
            "revenue": 42458
        },
        "2019-11": {
            "month": "2019-11",
            "price": "13.62",
            "revenue": 52492
        },
        "2019-12": {
            "month": "2019-12",
            "price": "13.51",
            "revenue": 87922
        },
        "2020-01": {
            "month": "2020-01",
            "price": "14.30",
            "revenue": 30448
        },
        "2020-02": {
            "month": "2020-02",
            "price": "13.67",
            "revenue": 39911
        },
        "2020-03": {
            "month": "2020-03",
            "price": "11.94",
            "revenue": 56319
        },
        "2020-04": {
            "month": "2020-04",
            "price": "10.97",
            "revenue": 33131
        },
        "2020-05": {
            "month": "2020-05",
            "price": "11.22",
            "revenue": 32807
        },
        "2020-06": {
            "month": "2020-06",
            "price": "11.04",
            "revenue": 36751
        },
        "2020-07": {
            "month": "2020-07",
            "price": "11.98",
            "revenue": 35829
        },
        "2020-08": {
            "month": "2020-08",
            "price": "12.56",
            "revenue": 29801
        },
        "2020-09": {
            "month": "2020-09",
            "price": "13.39",
            "revenue": 57598
        },
        "2020-10": {
            "month": "2020-10",
            "price": "13.28",
            "revenue": 40693
        },
        "2020-11": {
            "month": "2020-11",
            "price": "14.00",
            "revenue": 46435
        },
        "2020-12": {
            "month": "2020-12",
            "price": "14.00",
            "revenue": 82149
        },
        "2021-01": {
            "month": "2021-01",
            "price": "13.81",
            "revenue": 57372
        },
        "2021-02": {
            "month": "2021-02",
            "price": "13.42",
            "revenue": 47546
        },
        "2021-03": {
            "month": "2021-03",
            "price": "13.54",
            "revenue": 68056
        },
        "2021-04": {
            "month": "2021-04",
            "price": "13.97",
            "revenue": 61214
        },
        "2021-05": {
            "month": "2021-05",
            "price": "13.73",
            "revenue": 82414
        },
        "2021-06": {
            "month": "2021-06",
            "price": "13.95",
            "revenue": 74373
        },
        "2021-07": {
            "month": "2021-07",
            "price": "13.92",
            "revenue": 49184
        },
        "2021-08": {
            "month": "2021-08",
            "price": "13.54",
            "revenue": 55173
        },
        "2021-09": {
            "month": "2021-09",
            "price": "13.58",
            "revenue": 92873
        },
        "2021-10": {
            "month": "2021-10",
            "price": "15.88",
            "revenue": 62751
        },
        "2021-11": {
            "month": "2021-11",
            "price": "16.44",
            "revenue": 51684
        },
        "2021-12": {
            "month": "2021-12",
            "price": "17.91",
            "revenue": 96353
        },
        "2022-01": {
            "month": "2022-01",
            "price": "18.33",
            "revenue": 53385
        },
        "2022-02": {
            "month": "2022-02",
            "price": "18.61",
            "revenue": 48182
        },
        "2022-03": {
            "month": "2022-03",
            "price": "21.51",
            "revenue": 113242
        },
        "2022-04": {
            "month": "2022-04",
            "price": "30.05",
            "revenue": 63034
        },
        "2022-05": {
            "month": "2022-05",
            "price": "37.25",
            "revenue": 72493
        },
        "2022-06": {
            "month": "2022-06",
            "price": "30.31",
            "revenue": 74161
        },
        "2022-07": {
            "month": "2022-07",
            "price": "24.80",
            "revenue": 52956
        },
        "2022-08": {
            "month": "2022-08",
            "price": "30.23",
            "revenue": 55528
        },
        "2022-09": {
            "month": "2022-09",
            "price": "28.39",
            "revenue": 95164
        },
        "2022-10": {
            "month": "2022-10",
            "price": "22.26",
            "revenue": 56004
        },
        "2022-11": {
            "month": "2022-11",
            "price": "27.47",
            "revenue": 45136
        },
        "2022-12": {
            "month": "2022-12",
            "price": "26.40",
            "revenue": 35512
        },
        "2023-01": {
            "month": "2023-01",
            "price": "25.03",
            "revenue": 28880
        },
        "2023-02": {
            "month": "2023-02",
            "price": "24.86",
            "revenue": 43462
        },
        "2023-03": {
            "month": "2023-03",
            "price": "28.13",
            "revenue": 75683
        },
        "2023-04": {
            "month": "2023-04",
            "price": "29.41",
            "revenue": 43357
        },
        "2023-05": {
            "month": "2023-05",
            "price": "27.92",
            "revenue": 77994
        }
    }
}
