{
    "summary": {
        "stock_name": "榮創",
        "stock_id": "3437",
        "category": "光電",
        "main_business": "LED晶粒研發、製造、封裝、模組及銷售",
        "website_url": "http://www.aot.com.tw",
        "ceo": "黃郁良",
        "pe_ratio": -11,
        "report_year_from": 2004,
        "report_year_to": 2023,
        "age": 19,
        "eps_negative_percentage": 45,
        "eps_growth_avg": {
            "last_all": -24.47,
            "last_2y": -100,
            "last_4y": -100,
            "last_8y": -24.47,
            "last_12y": null,
            "last_16y": null,
            "last_20y": null,
            "at_2006_last_3y": null,
            "at_2007_last_3y": null,
            "at_2008_last_3y": null,
            "at_2009_last_3y": null,
            "at_2010_last_3y": null,
            "at_2011_last_3y": null,
            "at_2012_last_3y": null,
            "at_2013_last_3y": null,
            "at_2014_last_3y": null,
            "at_2015_last_3y": null,
            "at_2016_last_3y": null,
            "at_2017_last_3y": 13.3,
            "at_2018_last_3y": -36.7,
            "at_2019_last_3y": -40.92,
            "at_2020_last_3y": -20.24,
            "at_2021_last_3y": -100,
            "at_2022_last_3y": -100,
            "at_2023_last_3y": -100,
            "at_2006_last_all": null,
            "at_2007_last_all": null,
            "at_2008_last_all": null,
            "at_2009_last_all": null,
            "at_2010_last_all": null,
            "at_2011_last_all": null,
            "at_2012_last_all": null,
            "at_2013_last_all": null,
            "at_2014_last_all": null,
            "at_2015_last_all": 37.98,
            "at_2016_last_all": -2.11,
            "at_2017_last_all": 13.3,
            "at_2018_last_all": -9.36,
            "at_2019_last_all": -9.36,
            "at_2020_last_all": -9.36,
            "at_2021_last_all": -9.36,
            "at_2022_last_all": -24.47,
            "at_2023_last_all": -24.47
        },
        "latest_eps": -1.67,
        "latest_price": 19,
        "latest_roe": -9.13,
        "latest_gross_margin": 12.26,
        "latest_equity": 2511769,
        "latest_revenue": 431774,
        "latest_gross_profit": 52930,
        "latest_net_income": -53827,
        "latest_debt_ratio": 24.6,
        "latest_current_ratio": 289.35,
        "latest_account_receivable_turnover_ratio": 0.87,
        "latest_inventory_turnover_ratio": 2.11,
        "latest_reinvestment_rate": null,
        "latest_research_to_sale_ratio": 5.02
    },
    "eps_dividends": {
        "2001": {
            "cash": 0,
            "stock": 0,
            "eps": 0
        },
        "2002": {
            "cash": 0,
            "stock": 0,
            "eps": 0
        },
        "2003": {
            "cash": 0,
            "stock": 0,
            "eps": 0
        },
        "2004": {
            "cash": 0,
            "stock": 0,
            "eps": 0
        },
        "2005": {
            "cash": 1,
            "stock": 3,
            "eps": 0
        },
        "2006": {
            "cash": 1,
            "stock": 1,
            "eps": 0
        },
        "2007": {
            "cash": 0,
            "stock": 0,
            "eps": 0
        },
        "2008": {
            "cash": 0,
            "stock": 0,
            "eps": 0
        },
        "2009": {
            "cash": 0,
            "stock": 0,
            "eps": 0
        },
        "2010": {
            "cash": 0,
            "stock": 0,
            "eps": 0
        },
        "2011": {
            "cash": 0,
            "stock": 0,
            "eps": 0
        },
        "2012": {
            "cash": 0,
            "stock": 0,
            "eps": 0
        },
        "2013": {
            "cash": 0,
            "stock": 0,
            "eps": 1.55
        },
        "2014": {
            "cash": 3,
            "stock": 0,
            "eps": 3.12
        },
        "2015": {
            "cash": 2,
            "stock": 0,
            "eps": 2.37
        },
        "2016": {
            "cash": 2,
            "stock": 0,
            "eps": 0.42
        },
        "2017": {
            "cash": 0,
            "stock": 0,
            "eps": 0.67
        },
        "2018": {
            "cash": 1,
            "stock": 0,
            "eps": -2.68
        },
        "2019": {
            "cash": 0,
            "stock": 0,
            "eps": -1.43
        },
        "2020": {
            "cash": 0,
            "stock": 0,
            "eps": -0.76
        },
        "2021": {
            "cash": 0,
            "stock": 0,
            "eps": 0.61
        },
        "2022": {
            "cash": 0,
            "stock": 0,
            "eps": -0.97
        },
        "2023": {
            "cash": 0,
            "stock": 0,
            "eps": -0.36
        }
    },
    "dividends": {
        "2005-04-11": {
            "cash": 1,
            "stock": 3
        },
        "2006-04-03": {
            "cash": 0.68,
            "stock": 0.68
        },
        "2014-06-12": {
            "cash": 2.5,
            "stock": 0
        },
        "2015-09-16": {
            "cash": 1.5,
            "stock": 0
        },
        "2016-09-21": {
            "cash": 1.5,
            "stock": 0
        },
        "2017-09-15": {
            "cash": 0.35,
            "stock": 0
        },
        "2018-09-17": {
            "cash": 0.6,
            "stock": 0
        },
        "2022-10-07": {
            "cash": 0.45,
            "stock": 0
        }
    },
    "prices": {
        "200101": "無",
        "200102": "無",
        "200103": "無",
        "200104": "無",
        "200105": "無",
        "200106": "無",
        "200107": "無",
        "200108": "無",
        "200109": "無",
        "200110": "無",
        "200111": "無",
        "200112": "無",
        "200201": "無",
        "200202": "無",
        "200203": "無",
        "200204": "無",
        "200205": "無",
        "200206": "無",
        "200207": "無",
        "200208": "無",
        "200209": "無",
        "200210": "無",
        "200211": "無",
        "200212": "無",
        "200301": "無",
        "200302": "無",
        "200303": "無",
        "200304": "無",
        "200305": "無",
        "200306": "無",
        "200307": "無",
        "200308": "無",
        "200309": "無",
        "200310": "無",
        "200311": "無",
        "200312": "無",
        "200401": "無",
        "200402": "無",
        "200403": "無",
        "200404": "無",
        "200405": "無",
        "200406": "無",
        "200407": "無",
        "200408": "無",
        "200409": "無",
        "200410": "無",
        "200411": "無",
        "200412": "無",
        "200501": "無",
        "200502": "無",
        "200503": "無",
        "200504": "39.39",
        "200505": "32.67",
        "200506": "30.75",
        "200507": "30.88",
        "200508": "27.05",
        "200509": "20.99",
        "200510": "17.47",
        "200511": "16.62",
        "200512": "16.76",
        "200601": "16.26",
        "200602": "15.09",
        "200603": "18.29",
        "200604": "22.11",
        "200605": "20.39",
        "200606": "19.21",
        "200607": "18.94",
        "200608": "18.02",
        "200609": "14.19",
        "200610": "13.39",
        "200611": "15.01",
        "200612": "15.58",
        "200701": "23.05",
        "200702": "23.54",
        "200703": "33.97",
        "200704": "34.02",
        "200705": "30.28",
        "200706": "40.34",
        "200707": "66.76",
        "200708": "79.94",
        "200709": "75.44",
        "200710": "77.32",
        "200711": "56.96",
        "200712": "57.13",
        "200801": "46.88",
        "200802": "41.40",
        "200803": "39.00",
        "200804": "38.99",
        "200805": "34.81",
        "200806": "33.12",
        "200807": "27.12",
        "200808": "26.33",
        "200809": "18.65",
        "200810": "11.44",
        "200811": "7.59",
        "200812": "7.36",
        "200901": "8.32",
        "200902": "9.36",
        "200903": "12.19",
        "200904": "9.74",
        "200905": "8.34",
        "200906": "8.33",
        "200907": "無",
        "200908": "無",
        "200909": "無",
        "200910": "無",
        "200911": "無",
        "200912": "無",
        "201001": "無",
        "201002": "無",
        "201003": "無",
        "201004": "無",
        "201005": "無",
        "201006": "無",
        "201007": "無",
        "201008": "無",
        "201009": "無",
        "201010": "無",
        "201011": "無",
        "201012": "無",
        "201101": "無",
        "201102": "無",
        "201103": "無",
        "201104": "無",
        "201105": "無",
        "201106": "無",
        "201107": "無",
        "201108": "無",
        "201109": "無",
        "201110": "無",
        "201111": "無",
        "201112": "無",
        "201201": "無",
        "201202": "無",
        "201203": "無",
        "201204": "無",
        "201205": "無",
        "201206": "無",
        "201207": "無",
        "201208": "無",
        "201209": "無",
        "201210": "無",
        "201211": "無",
        "201212": "無",
        "201301": "無",
        "201302": "無",
        "201303": "無",
        "201304": "無",
        "201305": "無",
        "201306": "49.81",
        "201307": "51.46",
        "201308": "55.73",
        "201309": "57.86",
        "201310": "61.01",
        "201311": "58.33",
        "201312": "56.37",
        "201401": "70.41",
        "201402": "87.85",
        "201403": "91.63",
        "201404": "95.82",
        "201405": "86.59",
        "201406": "88.79",
        "201407": "95.76",
        "201408": "80.09",
        "201409": "74.55",
        "201410": "63.12",
        "201411": "52.02",
        "201412": "51.72",
        "201501": "54.75",
        "201502": "53.57",
        "201503": "58.55",
        "201504": "56.06",
        "201505": "52.70",
        "201506": "39.09",
        "201507": "33.03",
        "201508": "24.24",
        "201509": "23.33",
        "201510": "25.73",
        "201511": "25.30",
        "201512": "24.89",
        "201601": "25.32",
        "201602": "28.44",
        "201603": "27.73",
        "201604": "25.18",
        "201605": "22.29",
        "201606": "22.56",
        "201607": "24.58",
        "201608": "24.29",
        "201609": "23.47",
        "201610": "23.95",
        "201611": "22.12",
        "201612": "22.52",
        "201701": "22.72",
        "201702": "23.80",
        "201703": "24.84",
        "201704": "28.98",
        "201705": "28.80",
        "201706": "35.76",
        "201707": "34.33",
        "201708": "35.55",
        "201709": "35.17",
        "201710": "34.80",
        "201711": "40.65",
        "201712": "38.66",
        "201801": "37.64",
        "201802": "32.70",
        "201803": "33.37",
        "201804": "31.01",
        "201805": "27.88",
        "201806": "29.36",
        "201807": "26.23",
        "201808": "24.66",
        "201809": "22.04",
        "201810": "16.98",
        "201811": "16.75",
        "201812": "16.90",
        "201901": "16.09",
        "201902": "16.85",
        "201903": "17.82",
        "201904": "17.42",
        "201905": "15.08",
        "201906": "14.46",
        "201907": "15.62",
        "201908": "14.99",
        "201909": "15.70",
        "201910": "15.19",
        "201911": "16.10",
        "201912": "18.03",
        "202001": "17.72",
        "202002": "16.72",
        "202003": "12.93",
        "202004": "14.30",
        "202005": "18.28",
        "202006": "18.01",
        "202007": "21.84",
        "202008": "22.73",
        "202009": "23.61",
        "202010": "22.12",
        "202011": "21.92",
        "202012": "25.55",
        "202101": "33.74",
        "202102": "31.36",
        "202103": "35.25",
        "202104": "37.68",
        "202105": "28.80",
        "202106": "28.72",
        "202107": "28.93",
        "202108": "27.62",
        "202109": "24.93",
        "202110": "23.36",
        "202111": "24.98",
        "202112": "25.35",
        "202201": "26.92",
        "202202": "26.42",
        "202203": "23.56",
        "202204": "21.92",
        "202205": "21.05",
        "202206": "20.86",
        "202207": "19.07",
        "202208": "19.85",
        "202209": "18.34",
        "202210": "16.32",
        "202211": "16.94",
        "202212": "17.53",
        "202301": "17.25",
        "202302": "18.37",
        "202303": "19.97",
        "202304": "19.92",
        "202305": "18.83"
    },
    "quarters": {
        "20011": {
            "year_quarter": 20011,
            "year": 2001,
            "quarter": 1,
            "eps": null,
            "eps_growth_year": null,
            "eps_4q": null,
            "eps_4q_growth_year": null,
            "roe": null,
            "roe_4q": 0,
            "gross_profit": null,
            "gross_margin": null,
            "gross_margin_4q_avg": 0,
            "net_income": null,
            "revenue": null,
            "common_shares": null,
            "book_valuer_per_share": null,
            "book_valuer_per_share_4q_avg": 0,
            "equity": null,
            "current_ratio": null,
            "debt_ratio": null,
            "inventory_turnover_ratio": null,
            "account_receivable_turnover_ratio": null,
            "reinvestment_rate": null,
            "research_to_sale_ratio": null,
            "price_fair": 0,
            "eps_avg_yearly": 0,
            "eps_latest_yearly": 0,
            "eps_growth_yearly": 0
        },
        "20012": {
            "year_quarter": 20012,
            "year": 2001,
            "quarter": 2,
            "eps": null,
            "eps_growth_year": null,
            "eps_4q": null,
            "eps_4q_growth_year": null,
            "roe": null,
            "roe_4q": 0,
            "gross_profit": null,
            "gross_margin": null,
            "gross_margin_4q_avg": 0,
            "net_income": null,
            "revenue": null,
            "common_shares": null,
            "book_valuer_per_share": null,
            "book_valuer_per_share_4q_avg": 0,
            "equity": null,
            "current_ratio": null,
            "debt_ratio": null,
            "inventory_turnover_ratio": null,
            "account_receivable_turnover_ratio": null,
            "reinvestment_rate": null,
            "research_to_sale_ratio": null,
            "price_fair": 0,
            "eps_avg_yearly": 0,
            "eps_latest_yearly": 0,
            "eps_growth_yearly": 0
        },
        "20013": {
            "year_quarter": 20013,
            "year": 2001,
            "quarter": 3,
            "eps": null,
            "eps_growth_year": null,
            "eps_4q": null,
            "eps_4q_growth_year": null,
            "roe": null,
            "roe_4q": 0,
            "gross_profit": null,
            "gross_margin": null,
            "gross_margin_4q_avg": 0,
            "net_income": null,
            "revenue": null,
            "common_shares": null,
            "book_valuer_per_share": null,
            "book_valuer_per_share_4q_avg": 0,
            "equity": null,
            "current_ratio": null,
            "debt_ratio": null,
            "inventory_turnover_ratio": null,
            "account_receivable_turnover_ratio": null,
            "reinvestment_rate": null,
            "research_to_sale_ratio": null,
            "price_fair": 0,
            "eps_avg_yearly": 0,
            "eps_latest_yearly": 0,
            "eps_growth_yearly": 0
        },
        "20014": {
            "year_quarter": 20014,
            "year": 2001,
            "quarter": 4,
            "eps": null,
            "eps_growth_year": null,
            "eps_4q": null,
            "eps_4q_growth_year": null,
            "roe": null,
            "roe_4q": 0,
            "gross_profit": null,
            "gross_margin": null,
            "gross_margin_4q_avg": 0,
            "net_income": null,
            "revenue": null,
            "common_shares": 47063,
            "book_valuer_per_share": 6.47,
            "book_valuer_per_share_4q_avg": 1.62,
            "equity": 30465,
            "current_ratio": 75.75,
            "debt_ratio": 80.56,
            "inventory_turnover_ratio": null,
            "account_receivable_turnover_ratio": null,
            "reinvestment_rate": null,
            "research_to_sale_ratio": null,
            "price_fair": 0,
            "eps_avg_yearly": 0,
            "eps_latest_yearly": 0,
            "eps_growth_yearly": 0
        },
        "20021": {
            "year_quarter": 20021,
            "year": 2002,
            "quarter": 1,
            "eps": null,
            "eps_growth_year": null,
            "eps_4q": null,
            "eps_4q_growth_year": null,
            "roe": null,
            "roe_4q": 0,
            "gross_profit": null,
            "gross_margin": null,
            "gross_margin_4q_avg": 0,
            "net_income": null,
            "revenue": null,
            "common_shares": null,
            "book_valuer_per_share": null,
            "book_valuer_per_share_4q_avg": 1.62,
            "equity": null,
            "current_ratio": null,
            "debt_ratio": null,
            "inventory_turnover_ratio": null,
            "account_receivable_turnover_ratio": null,
            "reinvestment_rate": null,
            "research_to_sale_ratio": null,
            "price_fair": 0,
            "eps_avg_yearly": 0,
            "eps_latest_yearly": 0,
            "eps_growth_yearly": 0
        },
        "20022": {
            "year_quarter": 20022,
            "year": 2002,
            "quarter": 2,
            "eps": null,
            "eps_growth_year": null,
            "eps_4q": null,
            "eps_4q_growth_year": null,
            "roe": null,
            "roe_4q": 0,
            "gross_profit": null,
            "gross_margin": null,
            "gross_margin_4q_avg": 0,
            "net_income": null,
            "revenue": null,
            "common_shares": null,
            "book_valuer_per_share": null,
            "book_valuer_per_share_4q_avg": 1.62,
            "equity": null,
            "current_ratio": null,
            "debt_ratio": null,
            "inventory_turnover_ratio": null,
            "account_receivable_turnover_ratio": null,
            "reinvestment_rate": null,
            "research_to_sale_ratio": null,
            "price_fair": 0,
            "eps_avg_yearly": 0,
            "eps_latest_yearly": 0,
            "eps_growth_yearly": 0
        },
        "20023": {
            "year_quarter": 20023,
            "year": 2002,
            "quarter": 3,
            "eps": null,
            "eps_growth_year": null,
            "eps_4q": null,
            "eps_4q_growth_year": null,
            "roe": null,
            "roe_4q": 0,
            "gross_profit": null,
            "gross_margin": null,
            "gross_margin_4q_avg": 0,
            "net_income": null,
            "revenue": null,
            "common_shares": null,
            "book_valuer_per_share": null,
            "book_valuer_per_share_4q_avg": 1.62,
            "equity": null,
            "current_ratio": null,
            "debt_ratio": null,
            "inventory_turnover_ratio": null,
            "account_receivable_turnover_ratio": null,
            "reinvestment_rate": null,
            "research_to_sale_ratio": null,
            "price_fair": 0,
            "eps_avg_yearly": 0,
            "eps_latest_yearly": 0,
            "eps_growth_yearly": 0
        },
        "20024": {
            "year_quarter": 20024,
            "year": 2002,
            "quarter": 4,
            "eps": null,
            "eps_growth_year": null,
            "eps_4q": null,
            "eps_4q_growth_year": null,
            "roe": null,
            "roe_4q": 0,
            "gross_profit": null,
            "gross_margin": null,
            "gross_margin_4q_avg": 0,
            "net_income": null,
            "revenue": null,
            "common_shares": 130334,
            "book_valuer_per_share": 13.51,
            "book_valuer_per_share_4q_avg": 3.38,
            "equity": 176022,
            "current_ratio": 112.35,
            "debt_ratio": 68.72,
            "inventory_turnover_ratio": null,
            "account_receivable_turnover_ratio": null,
            "reinvestment_rate": null,
            "research_to_sale_ratio": null,
            "price_fair": 0,
            "eps_avg_yearly": 0,
            "eps_latest_yearly": 0,
            "eps_growth_yearly": 0
        },
        "20031": {
            "year_quarter": 20031,
            "year": 2003,
            "quarter": 1,
            "eps": null,
            "eps_growth_year": null,
            "eps_4q": null,
            "eps_4q_growth_year": null,
            "roe": null,
            "roe_4q": 0,
            "gross_profit": null,
            "gross_margin": null,
            "gross_margin_4q_avg": 0,
            "net_income": null,
            "revenue": null,
            "common_shares": null,
            "book_valuer_per_share": null,
            "book_valuer_per_share_4q_avg": 3.38,
            "equity": null,
            "current_ratio": null,
            "debt_ratio": null,
            "inventory_turnover_ratio": null,
            "account_receivable_turnover_ratio": null,
            "reinvestment_rate": null,
            "research_to_sale_ratio": null,
            "price_fair": 0,
            "eps_avg_yearly": 0,
            "eps_latest_yearly": 0,
            "eps_growth_yearly": 0
        },
        "20032": {
            "year_quarter": 20032,
            "year": 2003,
            "quarter": 2,
            "eps": null,
            "eps_growth_year": null,
            "eps_4q": null,
            "eps_4q_growth_year": null,
            "roe": null,
            "roe_4q": 0,
            "gross_profit": null,
            "gross_margin": null,
            "gross_margin_4q_avg": 0,
            "net_income": null,
            "revenue": null,
            "common_shares": null,
            "book_valuer_per_share": null,
            "book_valuer_per_share_4q_avg": 3.38,
            "equity": null,
            "current_ratio": null,
            "debt_ratio": null,
            "inventory_turnover_ratio": null,
            "account_receivable_turnover_ratio": null,
            "reinvestment_rate": null,
            "research_to_sale_ratio": null,
            "price_fair": 0,
            "eps_avg_yearly": 0,
            "eps_latest_yearly": 0,
            "eps_growth_yearly": 0
        },
        "20033": {
            "year_quarter": 20033,
            "year": 2003,
            "quarter": 3,
            "eps": null,
            "eps_growth_year": null,
            "eps_4q": null,
            "eps_4q_growth_year": null,
            "roe": null,
            "roe_4q": 0,
            "gross_profit": null,
            "gross_margin": null,
            "gross_margin_4q_avg": 0,
            "net_income": null,
            "revenue": null,
            "common_shares": null,
            "book_valuer_per_share": null,
            "book_valuer_per_share_4q_avg": 3.38,
            "equity": null,
            "current_ratio": null,
            "debt_ratio": null,
            "inventory_turnover_ratio": null,
            "account_receivable_turnover_ratio": null,
            "reinvestment_rate": null,
            "research_to_sale_ratio": null,
            "price_fair": 0,
            "eps_avg_yearly": 0,
            "eps_latest_yearly": 0,
            "eps_growth_yearly": 0
        },
        "20034": {
            "year_quarter": 20034,
            "year": 2003,
            "quarter": 4,
            "eps": null,
            "eps_growth_year": null,
            "eps_4q": null,
            "eps_4q_growth_year": null,
            "roe": null,
            "roe_4q": 0,
            "gross_profit": null,
            "gross_margin": null,
            "gross_margin_4q_avg": 0,
            "net_income": null,
            "revenue": null,
            "common_shares": 234360,
            "book_valuer_per_share": 14.57,
            "book_valuer_per_share_4q_avg": 3.64,
            "equity": 341395,
            "current_ratio": 108.59,
            "debt_ratio": 67.77,
            "inventory_turnover_ratio": null,
            "account_receivable_turnover_ratio": null,
            "reinvestment_rate": null,
            "research_to_sale_ratio": null,
            "price_fair": 0,
            "eps_avg_yearly": 0,
            "eps_latest_yearly": 0,
            "eps_growth_yearly": 0
        },
        "20041": {
            "year_quarter": 20041,
            "year": 2004,
            "quarter": 1,
            "eps": null,
            "eps_growth_year": null,
            "eps_4q": null,
            "eps_4q_growth_year": null,
            "roe": null,
            "roe_4q": 0,
            "gross_profit": null,
            "gross_margin": null,
            "gross_margin_4q_avg": 0,
            "net_income": null,
            "revenue": null,
            "common_shares": null,
            "book_valuer_per_share": null,
            "book_valuer_per_share_4q_avg": 3.64,
            "equity": null,
            "current_ratio": null,
            "debt_ratio": null,
            "inventory_turnover_ratio": null,
            "account_receivable_turnover_ratio": null,
            "reinvestment_rate": null,
            "research_to_sale_ratio": null,
            "price_fair": 0,
            "eps_avg_yearly": 0,
            "eps_latest_yearly": 0,
            "eps_growth_yearly": 0
        },
        "20042": {
            "year_quarter": 20042,
            "year": 2004,
            "quarter": 2,
            "eps": null,
            "eps_growth_year": null,
            "eps_4q": null,
            "eps_4q_growth_year": null,
            "roe": null,
            "roe_4q": 0,
            "gross_profit": null,
            "gross_margin": null,
            "gross_margin_4q_avg": 0,
            "net_income": null,
            "revenue": null,
            "common_shares": null,
            "book_valuer_per_share": null,
            "book_valuer_per_share_4q_avg": 3.64,
            "equity": null,
            "current_ratio": null,
            "debt_ratio": null,
            "inventory_turnover_ratio": null,
            "account_receivable_turnover_ratio": null,
            "reinvestment_rate": null,
            "research_to_sale_ratio": null,
            "price_fair": 0,
            "eps_avg_yearly": 0,
            "eps_latest_yearly": 0,
            "eps_growth_yearly": 0
        },
        "20043": {
            "year_quarter": 20043,
            "year": 2004,
            "quarter": 3,
            "eps": null,
            "eps_growth_year": null,
            "eps_4q": null,
            "eps_4q_growth_year": null,
            "roe": null,
            "roe_4q": 0,
            "gross_profit": null,
            "gross_margin": null,
            "gross_margin_4q_avg": 0,
            "net_income": null,
            "revenue": null,
            "common_shares": null,
            "book_valuer_per_share": null,
            "book_valuer_per_share_4q_avg": 3.64,
            "equity": null,
            "current_ratio": null,
            "debt_ratio": null,
            "inventory_turnover_ratio": null,
            "account_receivable_turnover_ratio": null,
            "reinvestment_rate": null,
            "research_to_sale_ratio": null,
            "price_fair": 0,
            "eps_avg_yearly": 0,
            "eps_latest_yearly": 0,
            "eps_growth_yearly": 0
        },
        "20044": {
            "year_quarter": 20044,
            "year": 2004,
            "quarter": 4,
            "eps": null,
            "eps_growth_year": null,
            "eps_4q": null,
            "eps_4q_growth_year": null,
            "roe": null,
            "roe_4q": 0,
            "gross_profit": null,
            "gross_margin": null,
            "gross_margin_4q_avg": 0,
            "net_income": null,
            "revenue": null,
            "common_shares": 326747,
            "book_valuer_per_share": 26.49,
            "book_valuer_per_share_4q_avg": 6.62,
            "equity": 865691,
            "current_ratio": 119.79,
            "debt_ratio": 59.89,
            "inventory_turnover_ratio": null,
            "account_receivable_turnover_ratio": null,
            "reinvestment_rate": null,
            "research_to_sale_ratio": null,
            "price_fair": 0,
            "eps_avg_yearly": 0,
            "eps_latest_yearly": 0,
            "eps_growth_yearly": 0
        },
        "20051": {
            "year_quarter": 20051,
            "year": 2005,
            "quarter": 1,
            "eps": null,
            "eps_growth_year": null,
            "eps_4q": null,
            "eps_4q_growth_year": null,
            "roe": null,
            "roe_4q": 0,
            "gross_profit": null,
            "gross_margin": null,
            "gross_margin_4q_avg": 0,
            "net_income": null,
            "revenue": null,
            "common_shares": null,
            "book_valuer_per_share": null,
            "book_valuer_per_share_4q_avg": 6.62,
            "equity": null,
            "current_ratio": null,
            "debt_ratio": null,
            "inventory_turnover_ratio": null,
            "account_receivable_turnover_ratio": null,
            "reinvestment_rate": null,
            "research_to_sale_ratio": null,
            "price_fair": 0,
            "eps_avg_yearly": 0,
            "eps_latest_yearly": 0,
            "eps_growth_yearly": 0
        },
        "20052": {
            "year_quarter": 20052,
            "year": 2005,
            "quarter": 2,
            "eps": null,
            "eps_growth_year": null,
            "eps_4q": null,
            "eps_4q_growth_year": null,
            "roe": null,
            "roe_4q": 0,
            "gross_profit": null,
            "gross_margin": null,
            "gross_margin_4q_avg": 0,
            "net_income": null,
            "revenue": null,
            "common_shares": null,
            "book_valuer_per_share": null,
            "book_valuer_per_share_4q_avg": 6.62,
            "equity": null,
            "current_ratio": null,
            "debt_ratio": null,
            "inventory_turnover_ratio": null,
            "account_receivable_turnover_ratio": null,
            "reinvestment_rate": null,
            "research_to_sale_ratio": null,
            "price_fair": 0,
            "eps_avg_yearly": 0,
            "eps_latest_yearly": 0,
            "eps_growth_yearly": 0
        },
        "20053": {
            "year_quarter": 20053,
            "year": 2005,
            "quarter": 3,
            "eps": null,
            "eps_growth_year": null,
            "eps_4q": null,
            "eps_4q_growth_year": null,
            "roe": null,
            "roe_4q": 0,
            "gross_profit": null,
            "gross_margin": null,
            "gross_margin_4q_avg": 0,
            "net_income": null,
            "revenue": null,
            "common_shares": null,
            "book_valuer_per_share": null,
            "book_valuer_per_share_4q_avg": 6.62,
            "equity": null,
            "current_ratio": null,
            "debt_ratio": null,
            "inventory_turnover_ratio": null,
            "account_receivable_turnover_ratio": null,
            "reinvestment_rate": null,
            "research_to_sale_ratio": null,
            "price_fair": 0,
            "eps_avg_yearly": 0,
            "eps_latest_yearly": 0,
            "eps_growth_yearly": 0
        },
        "20054": {
            "year_quarter": 20054,
            "year": 2005,
            "quarter": 4,
            "eps": null,
            "eps_growth_year": null,
            "eps_4q": null,
            "eps_4q_growth_year": null,
            "roe": null,
            "roe_4q": 0,
            "gross_profit": null,
            "gross_margin": null,
            "gross_margin_4q_avg": 0,
            "net_income": null,
            "revenue": null,
            "common_shares": 539859,
            "book_valuer_per_share": 16.99,
            "book_valuer_per_share_4q_avg": 4.25,
            "equity": 919262,
            "current_ratio": 112.3,
            "debt_ratio": 62.07,
            "inventory_turnover_ratio": null,
            "account_receivable_turnover_ratio": null,
            "reinvestment_rate": null,
            "research_to_sale_ratio": null,
            "price_fair": 0,
            "eps_avg_yearly": 0,
            "eps_latest_yearly": 0,
            "eps_growth_yearly": 0
        },
        "20061": {
            "year_quarter": 20061,
            "year": 2006,
            "quarter": 1,
            "eps": null,
            "eps_growth_year": null,
            "eps_4q": null,
            "eps_4q_growth_year": null,
            "roe": null,
            "roe_4q": 0,
            "gross_profit": null,
            "gross_margin": null,
            "gross_margin_4q_avg": 0,
            "net_income": null,
            "revenue": null,
            "common_shares": null,
            "book_valuer_per_share": null,
            "book_valuer_per_share_4q_avg": 4.25,
            "equity": null,
            "current_ratio": null,
            "debt_ratio": null,
            "inventory_turnover_ratio": null,
            "account_receivable_turnover_ratio": null,
            "reinvestment_rate": null,
            "research_to_sale_ratio": null,
            "price_fair": 0,
            "eps_avg_yearly": 0,
            "eps_latest_yearly": 0,
            "eps_growth_yearly": 0
        },
        "20062": {
            "year_quarter": 20062,
            "year": 2006,
            "quarter": 2,
            "eps": null,
            "eps_growth_year": null,
            "eps_4q": null,
            "eps_4q_growth_year": null,
            "roe": null,
            "roe_4q": 0,
            "gross_profit": null,
            "gross_margin": null,
            "gross_margin_4q_avg": 0,
            "net_income": null,
            "revenue": null,
            "common_shares": null,
            "book_valuer_per_share": null,
            "book_valuer_per_share_4q_avg": 4.25,
            "equity": null,
            "current_ratio": null,
            "debt_ratio": null,
            "inventory_turnover_ratio": null,
            "account_receivable_turnover_ratio": null,
            "reinvestment_rate": null,
            "research_to_sale_ratio": null,
            "price_fair": 0,
            "eps_avg_yearly": 0,
            "eps_latest_yearly": 0,
            "eps_growth_yearly": 0
        },
        "20063": {
            "year_quarter": 20063,
            "year": 2006,
            "quarter": 3,
            "eps": null,
            "eps_growth_year": null,
            "eps_4q": null,
            "eps_4q_growth_year": null,
            "roe": null,
            "roe_4q": 0,
            "gross_profit": null,
            "gross_margin": null,
            "gross_margin_4q_avg": 0,
            "net_income": null,
            "revenue": null,
            "common_shares": null,
            "book_valuer_per_share": null,
            "book_valuer_per_share_4q_avg": 4.25,
            "equity": null,
            "current_ratio": null,
            "debt_ratio": null,
            "inventory_turnover_ratio": null,
            "account_receivable_turnover_ratio": null,
            "reinvestment_rate": null,
            "research_to_sale_ratio": null,
            "price_fair": 0,
            "eps_avg_yearly": 0,
            "eps_latest_yearly": 0,
            "eps_growth_yearly": 0
        },
        "20064": {
            "year_quarter": 20064,
            "year": 2006,
            "quarter": 4,
            "eps": null,
            "eps_growth_year": null,
            "eps_4q": null,
            "eps_4q_growth_year": null,
            "roe": null,
            "roe_4q": 0,
            "gross_profit": null,
            "gross_margin": null,
            "gross_margin_4q_avg": 0,
            "net_income": null,
            "revenue": null,
            "common_shares": 702621,
            "book_valuer_per_share": 10.68,
            "book_valuer_per_share_4q_avg": 2.67,
            "equity": 752140,
            "current_ratio": 119.91,
            "debt_ratio": 72.3,
            "inventory_turnover_ratio": null,
            "account_receivable_turnover_ratio": null,
            "reinvestment_rate": null,
            "research_to_sale_ratio": null,
            "price_fair": 0,
            "eps_avg_yearly": 0,
            "eps_latest_yearly": 0,
            "eps_growth_yearly": 0
        },
        "20071": {
            "year_quarter": 20071,
            "year": 2007,
            "quarter": 1,
            "eps": null,
            "eps_growth_year": null,
            "eps_4q": null,
            "eps_4q_growth_year": null,
            "roe": null,
            "roe_4q": 0,
            "gross_profit": null,
            "gross_margin": null,
            "gross_margin_4q_avg": 0,
            "net_income": null,
            "revenue": null,
            "common_shares": null,
            "book_valuer_per_share": null,
            "book_valuer_per_share_4q_avg": 2.67,
            "equity": null,
            "current_ratio": null,
            "debt_ratio": null,
            "inventory_turnover_ratio": null,
            "account_receivable_turnover_ratio": null,
            "reinvestment_rate": null,
            "research_to_sale_ratio": null,
            "price_fair": 0,
            "eps_avg_yearly": 0,
            "eps_latest_yearly": 0,
            "eps_growth_yearly": 0
        },
        "20072": {
            "year_quarter": 20072,
            "year": 2007,
            "quarter": 2,
            "eps": null,
            "eps_growth_year": null,
            "eps_4q": null,
            "eps_4q_growth_year": null,
            "roe": null,
            "roe_4q": 0,
            "gross_profit": null,
            "gross_margin": null,
            "gross_margin_4q_avg": 0,
            "net_income": null,
            "revenue": null,
            "common_shares": null,
            "book_valuer_per_share": null,
            "book_valuer_per_share_4q_avg": 2.67,
            "equity": null,
            "current_ratio": null,
            "debt_ratio": null,
            "inventory_turnover_ratio": null,
            "account_receivable_turnover_ratio": null,
            "reinvestment_rate": null,
            "research_to_sale_ratio": null,
            "price_fair": 0,
            "eps_avg_yearly": 0,
            "eps_latest_yearly": 0,
            "eps_growth_yearly": 0
        },
        "20073": {
            "year_quarter": 20073,
            "year": 2007,
            "quarter": 3,
            "eps": null,
            "eps_growth_year": null,
            "eps_4q": null,
            "eps_4q_growth_year": null,
            "roe": null,
            "roe_4q": 0,
            "gross_profit": null,
            "gross_margin": null,
            "gross_margin_4q_avg": 0,
            "net_income": null,
            "revenue": null,
            "common_shares": null,
            "book_valuer_per_share": null,
            "book_valuer_per_share_4q_avg": 2.67,
            "equity": null,
            "current_ratio": null,
            "debt_ratio": null,
            "inventory_turnover_ratio": null,
            "account_receivable_turnover_ratio": null,
            "reinvestment_rate": null,
            "research_to_sale_ratio": null,
            "price_fair": 0,
            "eps_avg_yearly": 0,
            "eps_latest_yearly": 0,
            "eps_growth_yearly": 0
        },
        "20074": {
            "year_quarter": 20074,
            "year": 2007,
            "quarter": 4,
            "eps": null,
            "eps_growth_year": null,
            "eps_4q": null,
            "eps_4q_growth_year": null,
            "roe": null,
            "roe_4q": 0,
            "gross_profit": null,
            "gross_margin": null,
            "gross_margin_4q_avg": 0,
            "net_income": null,
            "revenue": null,
            "common_shares": 1800000,
            "book_valuer_per_share": 8.88,
            "book_valuer_per_share_4q_avg": 2.22,
            "equity": 1600130,
            "current_ratio": 123.86,
            "debt_ratio": 54.6,
            "inventory_turnover_ratio": null,
            "account_receivable_turnover_ratio": null,
            "reinvestment_rate": null,
            "research_to_sale_ratio": null,
            "price_fair": 0,
            "eps_avg_yearly": 0,
            "eps_latest_yearly": 0,
            "eps_growth_yearly": 0
        },
        "20081": {
            "year_quarter": 20081,
            "year": 2008,
            "quarter": 1,
            "eps": null,
            "eps_growth_year": null,
            "eps_4q": null,
            "eps_4q_growth_year": null,
            "roe": null,
            "roe_4q": 0,
            "gross_profit": null,
            "gross_margin": null,
            "gross_margin_4q_avg": 0,
            "net_income": null,
            "revenue": null,
            "common_shares": null,
            "book_valuer_per_share": null,
            "book_valuer_per_share_4q_avg": 2.22,
            "equity": null,
            "current_ratio": null,
            "debt_ratio": null,
            "inventory_turnover_ratio": null,
            "account_receivable_turnover_ratio": null,
            "reinvestment_rate": null,
            "research_to_sale_ratio": null,
            "price_fair": 0,
            "eps_avg_yearly": 0,
            "eps_latest_yearly": 0,
            "eps_growth_yearly": 0
        },
        "20082": {
            "year_quarter": 20082,
            "year": 2008,
            "quarter": 2,
            "eps": null,
            "eps_growth_year": null,
            "eps_4q": null,
            "eps_4q_growth_year": null,
            "roe": null,
            "roe_4q": 0,
            "gross_profit": null,
            "gross_margin": null,
            "gross_margin_4q_avg": 0,
            "net_income": null,
            "revenue": null,
            "common_shares": null,
            "book_valuer_per_share": null,
            "book_valuer_per_share_4q_avg": 2.22,
            "equity": null,
            "current_ratio": null,
            "debt_ratio": null,
            "inventory_turnover_ratio": null,
            "account_receivable_turnover_ratio": null,
            "reinvestment_rate": null,
            "research_to_sale_ratio": null,
            "price_fair": 0,
            "eps_avg_yearly": 0,
            "eps_latest_yearly": 0,
            "eps_growth_yearly": 0
        },
        "20083": {
            "year_quarter": 20083,
            "year": 2008,
            "quarter": 3,
            "eps": null,
            "eps_growth_year": null,
            "eps_4q": null,
            "eps_4q_growth_year": null,
            "roe": null,
            "roe_4q": 0,
            "gross_profit": null,
            "gross_margin": null,
            "gross_margin_4q_avg": 0,
            "net_income": null,
            "revenue": null,
            "common_shares": null,
            "book_valuer_per_share": null,
            "book_valuer_per_share_4q_avg": 2.22,
            "equity": null,
            "current_ratio": null,
            "debt_ratio": null,
            "inventory_turnover_ratio": null,
            "account_receivable_turnover_ratio": null,
            "reinvestment_rate": null,
            "research_to_sale_ratio": null,
            "price_fair": 0,
            "eps_avg_yearly": 0,
            "eps_latest_yearly": 0,
            "eps_growth_yearly": 0
        },
        "20084": {
            "year_quarter": 20084,
            "year": 2008,
            "quarter": 4,
            "eps": null,
            "eps_growth_year": null,
            "eps_4q": null,
            "eps_4q_growth_year": null,
            "roe": null,
            "roe_4q": 0,
            "gross_profit": null,
            "gross_margin": null,
            "gross_margin_4q_avg": 0,
            "net_income": null,
            "revenue": null,
            "common_shares": 1800000,
            "book_valuer_per_share": 3.49,
            "book_valuer_per_share_4q_avg": 0.87,
            "equity": 614677,
            "current_ratio": 61.26,
            "debt_ratio": 76.58,
            "inventory_turnover_ratio": null,
            "account_receivable_turnover_ratio": null,
            "reinvestment_rate": null,
            "research_to_sale_ratio": null,
            "price_fair": 0,
            "eps_avg_yearly": 0,
            "eps_latest_yearly": 0,
            "eps_growth_yearly": 0
        },
        "20091": {
            "year_quarter": 20091,
            "year": 2009,
            "quarter": 1,
            "eps": null,
            "eps_growth_year": null,
            "eps_4q": null,
            "eps_4q_growth_year": null,
            "roe": null,
            "roe_4q": 0,
            "gross_profit": null,
            "gross_margin": null,
            "gross_margin_4q_avg": 0,
            "net_income": null,
            "revenue": null,
            "common_shares": null,
            "book_valuer_per_share": null,
            "book_valuer_per_share_4q_avg": 0.87,
            "equity": null,
            "current_ratio": null,
            "debt_ratio": null,
            "inventory_turnover_ratio": null,
            "account_receivable_turnover_ratio": null,
            "reinvestment_rate": null,
            "research_to_sale_ratio": null,
            "price_fair": 0,
            "eps_avg_yearly": 0,
            "eps_latest_yearly": 0,
            "eps_growth_yearly": 0
        },
        "20092": {
            "year_quarter": 20092,
            "year": 2009,
            "quarter": 2,
            "eps": null,
            "eps_growth_year": null,
            "eps_4q": null,
            "eps_4q_growth_year": null,
            "roe": null,
            "roe_4q": 0,
            "gross_profit": null,
            "gross_margin": null,
            "gross_margin_4q_avg": 0,
            "net_income": null,
            "revenue": null,
            "common_shares": null,
            "book_valuer_per_share": null,
            "book_valuer_per_share_4q_avg": 0.87,
            "equity": null,
            "current_ratio": null,
            "debt_ratio": null,
            "inventory_turnover_ratio": null,
            "account_receivable_turnover_ratio": null,
            "reinvestment_rate": null,
            "research_to_sale_ratio": null,
            "price_fair": 0,
            "eps_avg_yearly": 0,
            "eps_latest_yearly": 0,
            "eps_growth_yearly": 0
        },
        "20093": {
            "year_quarter": 20093,
            "year": 2009,
            "quarter": 3,
            "eps": null,
            "eps_growth_year": null,
            "eps_4q": null,
            "eps_4q_growth_year": null,
            "roe": null,
            "roe_4q": 0,
            "gross_profit": null,
            "gross_margin": null,
            "gross_margin_4q_avg": 0,
            "net_income": null,
            "revenue": null,
            "common_shares": null,
            "book_valuer_per_share": null,
            "book_valuer_per_share_4q_avg": 0.87,
            "equity": null,
            "current_ratio": null,
            "debt_ratio": null,
            "inventory_turnover_ratio": null,
            "account_receivable_turnover_ratio": null,
            "reinvestment_rate": null,
            "research_to_sale_ratio": null,
            "price_fair": 0,
            "eps_avg_yearly": 0,
            "eps_latest_yearly": 0,
            "eps_growth_yearly": 0
        },
        "20094": {
            "year_quarter": 20094,
            "year": 2009,
            "quarter": 4,
            "eps": null,
            "eps_growth_year": null,
            "eps_4q": null,
            "eps_4q_growth_year": null,
            "roe": null,
            "roe_4q": 0,
            "gross_profit": null,
            "gross_margin": null,
            "gross_margin_4q_avg": 0,
            "net_income": null,
            "revenue": null,
            "common_shares": null,
            "book_valuer_per_share": null,
            "book_valuer_per_share_4q_avg": 0,
            "equity": null,
            "current_ratio": null,
            "debt_ratio": null,
            "inventory_turnover_ratio": null,
            "account_receivable_turnover_ratio": null,
            "reinvestment_rate": null,
            "research_to_sale_ratio": null,
            "price_fair": 0,
            "eps_avg_yearly": 0,
            "eps_latest_yearly": 0,
            "eps_growth_yearly": 0
        },
        "20101": {
            "year_quarter": 20101,
            "year": 2010,
            "quarter": 1,
            "eps": null,
            "eps_growth_year": null,
            "eps_4q": null,
            "eps_4q_growth_year": null,
            "roe": null,
            "roe_4q": 0,
            "gross_profit": null,
            "gross_margin": null,
            "gross_margin_4q_avg": 0,
            "net_income": null,
            "revenue": null,
            "common_shares": null,
            "book_valuer_per_share": null,
            "book_valuer_per_share_4q_avg": 0,
            "equity": null,
            "current_ratio": null,
            "debt_ratio": null,
            "inventory_turnover_ratio": null,
            "account_receivable_turnover_ratio": null,
            "reinvestment_rate": null,
            "research_to_sale_ratio": null,
            "price_fair": 0,
            "eps_avg_yearly": 0,
            "eps_latest_yearly": 0,
            "eps_growth_yearly": 0
        },
        "20102": {
            "year_quarter": 20102,
            "year": 2010,
            "quarter": 2,
            "eps": null,
            "eps_growth_year": null,
            "eps_4q": null,
            "eps_4q_growth_year": null,
            "roe": null,
            "roe_4q": 0,
            "gross_profit": null,
            "gross_margin": null,
            "gross_margin_4q_avg": 0,
            "net_income": null,
            "revenue": null,
            "common_shares": null,
            "book_valuer_per_share": null,
            "book_valuer_per_share_4q_avg": 0,
            "equity": null,
            "current_ratio": null,
            "debt_ratio": null,
            "inventory_turnover_ratio": null,
            "account_receivable_turnover_ratio": null,
            "reinvestment_rate": null,
            "research_to_sale_ratio": null,
            "price_fair": 0,
            "eps_avg_yearly": 0,
            "eps_latest_yearly": 0,
            "eps_growth_yearly": 0
        },
        "20103": {
            "year_quarter": 20103,
            "year": 2010,
            "quarter": 3,
            "eps": null,
            "eps_growth_year": null,
            "eps_4q": null,
            "eps_4q_growth_year": null,
            "roe": null,
            "roe_4q": 0,
            "gross_profit": null,
            "gross_margin": null,
            "gross_margin_4q_avg": 0,
            "net_income": null,
            "revenue": null,
            "common_shares": null,
            "book_valuer_per_share": null,
            "book_valuer_per_share_4q_avg": 0,
            "equity": null,
            "current_ratio": null,
            "debt_ratio": null,
            "inventory_turnover_ratio": null,
            "account_receivable_turnover_ratio": null,
            "reinvestment_rate": null,
            "research_to_sale_ratio": null,
            "price_fair": 0,
            "eps_avg_yearly": 0,
            "eps_latest_yearly": 0,
            "eps_growth_yearly": 0
        },
        "20104": {
            "year_quarter": 20104,
            "year": 2010,
            "quarter": 4,
            "eps": null,
            "eps_growth_year": null,
            "eps_4q": null,
            "eps_4q_growth_year": null,
            "roe": null,
            "roe_4q": 0,
            "gross_profit": null,
            "gross_margin": null,
            "gross_margin_4q_avg": 0,
            "net_income": null,
            "revenue": null,
            "common_shares": 1300000,
            "book_valuer_per_share": 7.27,
            "book_valuer_per_share_4q_avg": 1.82,
            "equity": 945379,
            "current_ratio": 85.91,
            "debt_ratio": 67.8,
            "inventory_turnover_ratio": null,
            "account_receivable_turnover_ratio": null,
            "reinvestment_rate": null,
            "research_to_sale_ratio": null,
            "price_fair": 0,
            "eps_avg_yearly": 0,
            "eps_latest_yearly": 0,
            "eps_growth_yearly": 0
        },
        "20111": {
            "year_quarter": 20111,
            "year": 2011,
            "quarter": 1,
            "eps": null,
            "eps_growth_year": null,
            "eps_4q": null,
            "eps_4q_growth_year": null,
            "roe": null,
            "roe_4q": 0,
            "gross_profit": null,
            "gross_margin": null,
            "gross_margin_4q_avg": 0,
            "net_income": null,
            "revenue": null,
            "common_shares": null,
            "book_valuer_per_share": null,
            "book_valuer_per_share_4q_avg": 1.82,
            "equity": null,
            "current_ratio": null,
            "debt_ratio": null,
            "inventory_turnover_ratio": null,
            "account_receivable_turnover_ratio": null,
            "reinvestment_rate": null,
            "research_to_sale_ratio": null,
            "price_fair": 0,
            "eps_avg_yearly": 0,
            "eps_latest_yearly": 0,
            "eps_growth_yearly": 0
        },
        "20112": {
            "year_quarter": 20112,
            "year": 2011,
            "quarter": 2,
            "eps": null,
            "eps_growth_year": null,
            "eps_4q": null,
            "eps_4q_growth_year": null,
            "roe": null,
            "roe_4q": 0,
            "gross_profit": null,
            "gross_margin": null,
            "gross_margin_4q_avg": 0,
            "net_income": null,
            "revenue": null,
            "common_shares": null,
            "book_valuer_per_share": null,
            "book_valuer_per_share_4q_avg": 1.82,
            "equity": null,
            "current_ratio": null,
            "debt_ratio": null,
            "inventory_turnover_ratio": null,
            "account_receivable_turnover_ratio": null,
            "reinvestment_rate": null,
            "research_to_sale_ratio": null,
            "price_fair": 0,
            "eps_avg_yearly": 0,
            "eps_latest_yearly": 0,
            "eps_growth_yearly": 0
        },
        "20113": {
            "year_quarter": 20113,
            "year": 2011,
            "quarter": 3,
            "eps": null,
            "eps_growth_year": null,
            "eps_4q": null,
            "eps_4q_growth_year": null,
            "roe": null,
            "roe_4q": 0,
            "gross_profit": null,
            "gross_margin": null,
            "gross_margin_4q_avg": 0,
            "net_income": null,
            "revenue": null,
            "common_shares": null,
            "book_valuer_per_share": null,
            "book_valuer_per_share_4q_avg": 1.82,
            "equity": null,
            "current_ratio": null,
            "debt_ratio": null,
            "inventory_turnover_ratio": null,
            "account_receivable_turnover_ratio": null,
            "reinvestment_rate": null,
            "research_to_sale_ratio": null,
            "price_fair": 0,
            "eps_avg_yearly": 0,
            "eps_latest_yearly": 0,
            "eps_growth_yearly": 0
        },
        "20114": {
            "year_quarter": 20114,
            "year": 2011,
            "quarter": 4,
            "eps": null,
            "eps_growth_year": null,
            "eps_4q": null,
            "eps_4q_growth_year": null,
            "roe": null,
            "roe_4q": 0,
            "gross_profit": null,
            "gross_margin": null,
            "gross_margin_4q_avg": 0,
            "net_income": null,
            "revenue": null,
            "common_shares": 1300000,
            "book_valuer_per_share": 9.22,
            "book_valuer_per_share_4q_avg": 2.31,
            "equity": 1186124,
            "current_ratio": 111.1,
            "debt_ratio": 58.91,
            "inventory_turnover_ratio": null,
            "account_receivable_turnover_ratio": null,
            "reinvestment_rate": null,
            "research_to_sale_ratio": null,
            "price_fair": 0,
            "eps_avg_yearly": 0,
            "eps_latest_yearly": 0,
            "eps_growth_yearly": 0
        },
        "20121": {
            "year_quarter": 20121,
            "year": 2012,
            "quarter": 1,
            "eps": null,
            "eps_growth_year": null,
            "eps_4q": null,
            "eps_4q_growth_year": null,
            "roe": null,
            "roe_4q": 0,
            "gross_profit": null,
            "gross_margin": null,
            "gross_margin_4q_avg": 0,
            "net_income": null,
            "revenue": null,
            "common_shares": null,
            "book_valuer_per_share": null,
            "book_valuer_per_share_4q_avg": 2.31,
            "equity": null,
            "current_ratio": null,
            "debt_ratio": null,
            "inventory_turnover_ratio": null,
            "account_receivable_turnover_ratio": null,
            "reinvestment_rate": null,
            "research_to_sale_ratio": null,
            "price_fair": 0,
            "eps_avg_yearly": 0,
            "eps_latest_yearly": 0,
            "eps_growth_yearly": 0
        },
        "20122": {
            "year_quarter": 20122,
            "year": 2012,
            "quarter": 2,
            "eps": null,
            "eps_growth_year": null,
            "eps_4q": null,
            "eps_4q_growth_year": null,
            "roe": null,
            "roe_4q": 0,
            "gross_profit": null,
            "gross_margin": null,
            "gross_margin_4q_avg": 0,
            "net_income": null,
            "revenue": null,
            "common_shares": 1300000,
            "book_valuer_per_share": null,
            "book_valuer_per_share_4q_avg": 2.31,
            "equity": 1389970,
            "current_ratio": null,
            "debt_ratio": null,
            "inventory_turnover_ratio": null,
            "account_receivable_turnover_ratio": null,
            "reinvestment_rate": null,
            "research_to_sale_ratio": null,
            "price_fair": 0,
            "eps_avg_yearly": 0,
            "eps_latest_yearly": 0,
            "eps_growth_yearly": 0
        },
        "20123": {
            "year_quarter": 20123,
            "year": 2012,
            "quarter": 3,
            "eps": null,
            "eps_growth_year": null,
            "eps_4q": null,
            "eps_4q_growth_year": null,
            "roe": null,
            "roe_4q": 0,
            "gross_profit": null,
            "gross_margin": null,
            "gross_margin_4q_avg": 0,
            "net_income": null,
            "revenue": null,
            "common_shares": null,
            "book_valuer_per_share": null,
            "book_valuer_per_share_4q_avg": 2.31,
            "equity": null,
            "current_ratio": null,
            "debt_ratio": null,
            "inventory_turnover_ratio": null,
            "account_receivable_turnover_ratio": null,
            "reinvestment_rate": null,
            "research_to_sale_ratio": null,
            "price_fair": 0,
            "eps_avg_yearly": 0,
            "eps_latest_yearly": 0,
            "eps_growth_yearly": 0
        },
        "20124": {
            "year_quarter": 20124,
            "year": 2012,
            "quarter": 4,
            "eps": null,
            "eps_growth_year": null,
            "eps_4q": null,
            "eps_4q_growth_year": null,
            "roe": null,
            "roe_4q": 0,
            "gross_profit": null,
            "gross_margin": null,
            "gross_margin_4q_avg": 0,
            "net_income": null,
            "revenue": null,
            "common_shares": 1300000,
            "book_valuer_per_share": 12.71,
            "book_valuer_per_share_4q_avg": 3.18,
            "equity": 1652871,
            "current_ratio": 127.48,
            "debt_ratio": 52.79,
            "inventory_turnover_ratio": null,
            "account_receivable_turnover_ratio": null,
            "reinvestment_rate": null,
            "research_to_sale_ratio": null,
            "price_fair": 0,
            "eps_avg_yearly": 0,
            "eps_latest_yearly": 0,
            "eps_growth_yearly": 0
        },
        "20131": {
            "year_quarter": 20131,
            "year": 2013,
            "quarter": 1,
            "eps": null,
            "eps_growth_year": null,
            "eps_4q": null,
            "eps_4q_growth_year": null,
            "roe": null,
            "roe_4q": 0,
            "gross_profit": 265531,
            "gross_margin": null,
            "gross_margin_4q_avg": 0,
            "net_income": 130879,
            "revenue": 1361468,
            "common_shares": 1300000,
            "book_valuer_per_share": 13.57,
            "book_valuer_per_share_4q_avg": 6.57,
            "equity": 1764519,
            "current_ratio": 141.5,
            "debt_ratio": 46.99,
            "inventory_turnover_ratio": null,
            "account_receivable_turnover_ratio": null,
            "reinvestment_rate": null,
            "research_to_sale_ratio": null,
            "price_fair": 0,
            "eps_avg_yearly": 0,
            "eps_latest_yearly": 0,
            "eps_growth_yearly": 0
        },
        "20132": {
            "year_quarter": 20132,
            "year": 2013,
            "quarter": 2,
            "eps": 1.55,
            "eps_growth_year": null,
            "eps_4q": null,
            "eps_4q_growth_year": null,
            "roe": 11.01,
            "roe_4q": 11.01,
            "gross_profit": 321159,
            "gross_margin": 19.44,
            "gross_margin_4q_avg": 4.86,
            "net_income": 201822,
            "revenue": 1651944,
            "common_shares": 1300000,
            "book_valuer_per_share": 14.63,
            "book_valuer_per_share_4q_avg": 10.23,
            "equity": 1902417,
            "current_ratio": 142.14,
            "debt_ratio": 49.44,
            "inventory_turnover_ratio": 3.3,
            "account_receivable_turnover_ratio": 1.95,
            "reinvestment_rate": null,
            "research_to_sale_ratio": null,
            "price_fair": 0,
            "eps_avg_yearly": 0,
            "eps_latest_yearly": 0,
            "eps_growth_yearly": 0
        },
        "20133": {
            "year_quarter": 20133,
            "year": 2013,
            "quarter": 3,
            "eps": null,
            "eps_growth_year": null,
            "eps_4q": null,
            "eps_4q_growth_year": null,
            "roe": null,
            "roe_4q": 11.01,
            "gross_profit": 421193,
            "gross_margin": null,
            "gross_margin_4q_avg": 4.86,
            "net_income": 247004,
            "revenue": 1931911,
            "common_shares": 1300000,
            "book_valuer_per_share": 16.54,
            "book_valuer_per_share_4q_avg": 14.36,
            "equity": 2150488,
            "current_ratio": 153.19,
            "debt_ratio": 48.75,
            "inventory_turnover_ratio": null,
            "account_receivable_turnover_ratio": null,
            "reinvestment_rate": null,
            "research_to_sale_ratio": null,
            "price_fair": 0,
            "eps_avg_yearly": 0,
            "eps_latest_yearly": 0,
            "eps_growth_yearly": 0
        },
        "20134": {
            "year_quarter": 20134,
            "year": 2013,
            "quarter": 4,
            "eps": null,
            "eps_growth_year": null,
            "eps_4q": null,
            "eps_4q_growth_year": null,
            "roe": null,
            "roe_4q": 11.01,
            "gross_profit": 254840,
            "gross_margin": null,
            "gross_margin_4q_avg": 4.86,
            "net_income": 107679,
            "revenue": 1613444,
            "common_shares": 1300000,
            "book_valuer_per_share": 17.4,
            "book_valuer_per_share_4q_avg": 15.54,
            "equity": 2262012,
            "current_ratio": 153.28,
            "debt_ratio": 50.53,
            "inventory_turnover_ratio": null,
            "account_receivable_turnover_ratio": null,
            "reinvestment_rate": null,
            "research_to_sale_ratio": null,
            "price_fair": 0,
            "eps_avg_yearly": 0,
            "eps_latest_yearly": 0,
            "eps_growth_yearly": 0
        },
        "20141": {
            "year_quarter": 20141,
            "year": 2014,
            "quarter": 1,
            "eps": 1.09,
            "eps_growth_year": null,
            "eps_4q": 2.64,
            "eps_4q_growth_year": null,
            "roe": 6.08,
            "roe_4q": 17.09,
            "gross_profit": 317139,
            "gross_margin": 18.92,
            "gross_margin_4q_avg": 9.59,
            "net_income": 141843,
            "revenue": 1676472,
            "common_shares": 1300000,
            "book_valuer_per_share": 18.51,
            "book_valuer_per_share_4q_avg": 16.77,
            "equity": 2406021,
            "current_ratio": 165.48,
            "debt_ratio": 47.16,
            "inventory_turnover_ratio": 3.6,
            "account_receivable_turnover_ratio": 0.94,
            "reinvestment_rate": null,
            "research_to_sale_ratio": 2.37,
            "price_fair": 0,
            "eps_avg_yearly": 0,
            "eps_latest_yearly": 0,
            "eps_growth_yearly": 0
        },
        "20142": {
            "year_quarter": 20142,
            "year": 2014,
            "quarter": 2,
            "eps": 0.97,
            "eps_growth_year": -37.52,
            "eps_4q": 2.06,
            "eps_4q_growth_year": null,
            "roe": 5.48,
            "roe_4q": 11.56,
            "gross_profit": 337817,
            "gross_margin": 19.97,
            "gross_margin_4q_avg": 9.72,
            "net_income": 126337,
            "revenue": 1691353,
            "common_shares": 1300000,
            "book_valuer_per_share": 16.98,
            "book_valuer_per_share_4q_avg": 17.36,
            "equity": 2206966,
            "current_ratio": 150.46,
            "debt_ratio": 52.85,
            "inventory_turnover_ratio": 3.58,
            "account_receivable_turnover_ratio": 0.93,
            "reinvestment_rate": null,
            "research_to_sale_ratio": 2.23,
            "price_fair": 11.64,
            "eps_avg_yearly": 3.88,
            "eps_latest_yearly": 3.88,
            "eps_growth_yearly": -44.04
        },
        "20143": {
            "year_quarter": 20143,
            "year": 2014,
            "quarter": 3,
            "eps": 0.43,
            "eps_growth_year": null,
            "eps_4q": 2.27,
            "eps_4q_growth_year": null,
            "roe": 2.2,
            "roe_4q": 13.760000000000002,
            "gross_profit": 222435,
            "gross_margin": 12.43,
            "gross_margin_4q_avg": 12.83,
            "net_income": 61356,
            "revenue": 1790042,
            "common_shares": 1453400,
            "book_valuer_per_share": 23.26,
            "book_valuer_per_share_4q_avg": 19.04,
            "equity": 3380733,
            "current_ratio": 196.04,
            "debt_ratio": 42.15,
            "inventory_turnover_ratio": 3.89,
            "account_receivable_turnover_ratio": 0.91,
            "reinvestment_rate": null,
            "research_to_sale_ratio": 2.24,
            "price_fair": 8.4,
            "eps_avg_yearly": 2.8,
            "eps_latest_yearly": 1.72,
            "eps_growth_yearly": -133.36
        },
        "20144": {
            "year_quarter": 20144,
            "year": 2014,
            "quarter": 4,
            "eps": 0.63,
            "eps_growth_year": null,
            "eps_4q": 2.88,
            "eps_4q_growth_year": null,
            "roe": 2.69,
            "roe_4q": 16.450000000000003,
            "gross_profit": 310720,
            "gross_margin": 15.88,
            "gross_margin_4q_avg": 16.8,
            "net_income": 92477,
            "revenue": 1956389,
            "common_shares": 1462360,
            "book_valuer_per_share": 23.82,
            "book_valuer_per_share_4q_avg": 20.64,
            "equity": 3488151,
            "current_ratio": 179.26,
            "debt_ratio": 46.33,
            "inventory_turnover_ratio": 3.83,
            "account_receivable_turnover_ratio": 0.87,
            "reinvestment_rate": null,
            "research_to_sale_ratio": 2.36,
            "price_fair": 8.12,
            "eps_avg_yearly": 2.71,
            "eps_latest_yearly": 2.52,
            "eps_growth_yearly": -26.89
        },
        "20151": {
            "year_quarter": 20151,
            "year": 2015,
            "quarter": 1,
            "eps": 0.8,
            "eps_growth_year": -26.61,
            "eps_4q": 2.71,
            "eps_4q_growth_year": 2.52,
            "roe": 3.3,
            "roe_4q": 13.670000000000002,
            "gross_profit": 318495,
            "gross_margin": 18.33,
            "gross_margin_4q_avg": 16.65,
            "net_income": 117089,
            "revenue": 1737135,
            "common_shares": 1465840,
            "book_valuer_per_share": 24.61,
            "book_valuer_per_share_4q_avg": 22.17,
            "equity": 3607331,
            "current_ratio": 205.18,
            "debt_ratio": 39.89,
            "inventory_turnover_ratio": 3.49,
            "account_receivable_turnover_ratio": 0.8,
            "reinvestment_rate": null,
            "research_to_sale_ratio": 2.76,
            "price_fair": 47.59,
            "eps_avg_yearly": 2.83,
            "eps_latest_yearly": 3.2,
            "eps_growth_yearly": 6.82
        },
        "20152": {
            "year_quarter": 20152,
            "year": 2015,
            "quarter": 2,
            "eps": 0.29,
            "eps_growth_year": -70.1,
            "eps_4q": 2.15,
            "eps_4q_growth_year": 4.16,
            "roe": 1.22,
            "roe_4q": 9.41,
            "gross_profit": 186842,
            "gross_margin": 13.37,
            "gross_margin_4q_avg": 15,
            "net_income": 42831,
            "revenue": 1397594,
            "common_shares": 1466880,
            "book_valuer_per_share": 23.32,
            "book_valuer_per_share_4q_avg": 23.75,
            "equity": 3405719,
            "current_ratio": 209.32,
            "debt_ratio": 38.83,
            "inventory_turnover_ratio": 3.46,
            "account_receivable_turnover_ratio": 0.75,
            "reinvestment_rate": null,
            "research_to_sale_ratio": 2.77,
            "price_fair": 7.49,
            "eps_avg_yearly": 2.5,
            "eps_latest_yearly": 1.16,
            "eps_growth_yearly": -45.55
        },
        "20153": {
            "year_quarter": 20153,
            "year": 2015,
            "quarter": 3,
            "eps": 0.58,
            "eps_growth_year": 34.88,
            "eps_4q": 2.37,
            "eps_4q_growth_year": 4.33,
            "roe": 2.45,
            "roe_4q": 9.66,
            "gross_profit": 261871,
            "gross_margin": 17.51,
            "gross_margin_4q_avg": 16.27,
            "net_income": 82754,
            "revenue": 1495600,
            "common_shares": 1466880,
            "book_valuer_per_share": 23.62,
            "book_valuer_per_share_4q_avg": 23.84,
            "equity": 3347259,
            "current_ratio": 220.81,
            "debt_ratio": 36.7,
            "inventory_turnover_ratio": 3.83,
            "account_receivable_turnover_ratio": 0.87,
            "reinvestment_rate": null,
            "research_to_sale_ratio": 3.08,
            "price_fair": 86.33,
            "eps_avg_yearly": 2.47,
            "eps_latest_yearly": 2.32,
            "eps_growth_yearly": 28.71
        },
        "20154": {
            "year_quarter": 20154,
            "year": 2015,
            "quarter": 4,
            "eps": 0.7,
            "eps_growth_year": 11.25,
            "eps_4q": 2.41,
            "eps_4q_growth_year": -16.53,
            "roe": 2.94,
            "roe_4q": 9.91,
            "gross_profit": 278363,
            "gross_margin": 18.07,
            "gross_margin_4q_avg": 16.82,
            "net_income": 100109,
            "revenue": 1540110,
            "common_shares": 1474960,
            "book_valuer_per_share": 24.23,
            "book_valuer_per_share_4q_avg": 23.95,
            "equity": 3452588,
            "current_ratio": 216.42,
            "debt_ratio": 37.47,
            "inventory_turnover_ratio": 3.74,
            "account_receivable_turnover_ratio": 0.9,
            "reinvestment_rate": null,
            "research_to_sale_ratio": 2.7,
            "price_fair": 88,
            "eps_avg_yearly": 2.51,
            "eps_latest_yearly": 2.8,
            "eps_growth_yearly": 36.43
        },
        "20161": {
            "year_quarter": 20161,
            "year": 2016,
            "quarter": 1,
            "eps": 0.21,
            "eps_growth_year": -73.75,
            "eps_4q": 1.79,
            "eps_4q_growth_year": -34.06,
            "roe": 0.86,
            "roe_4q": 7.47,
            "gross_profit": 190430,
            "gross_margin": 14.72,
            "gross_margin_4q_avg": 15.92,
            "net_income": 29739,
            "revenue": 1293705,
            "common_shares": 1479310,
            "book_valuer_per_share": 24.4,
            "book_valuer_per_share_4q_avg": 23.89,
            "equity": 3487018,
            "current_ratio": 226.91,
            "debt_ratio": 33.64,
            "inventory_turnover_ratio": 3.27,
            "account_receivable_turnover_ratio": 0.81,
            "reinvestment_rate": null,
            "research_to_sale_ratio": 2.82,
            "price_fair": 6.92,
            "eps_avg_yearly": 2.31,
            "eps_latest_yearly": 0.84,
            "eps_growth_yearly": -3.12
        },
        "20162": {
            "year_quarter": 20162,
            "year": 2016,
            "quarter": 2,
            "eps": -0.23,
            "eps_growth_year": -179.31,
            "eps_4q": 1.26,
            "eps_4q_growth_year": -41.54,
            "roe": -0.98,
            "roe_4q": 5.27,
            "gross_profit": 118428,
            "gross_margin": 9.04,
            "gross_margin_4q_avg": 14.84,
            "net_income": -33027,
            "revenue": 1310164,
            "common_shares": 1479560,
            "book_valuer_per_share": 22.66,
            "book_valuer_per_share_4q_avg": 23.73,
            "equity": 3239018,
            "current_ratio": 199.72,
            "debt_ratio": 37.67,
            "inventory_turnover_ratio": 3.5,
            "account_receivable_turnover_ratio": 0.91,
            "reinvestment_rate": null,
            "research_to_sale_ratio": 2.51,
            "price_fair": 6.92,
            "eps_avg_yearly": 2.31,
            "eps_latest_yearly": 0.84,
            "eps_growth_yearly": -3.12
        },
        "20163": {
            "year_quarter": 20163,
            "year": 2016,
            "quarter": 3,
            "eps": 0.26,
            "eps_growth_year": -55.17,
            "eps_4q": 0.94,
            "eps_4q_growth_year": -60.46,
            "roe": 1.13,
            "roe_4q": 3.9499999999999997,
            "gross_profit": 230759,
            "gross_margin": 13.36,
            "gross_margin_4q_avg": 13.8,
            "net_income": 36877,
            "revenue": 1727484,
            "common_shares": 1479560,
            "book_valuer_per_share": 22.91,
            "book_valuer_per_share_4q_avg": 23.55,
            "equity": 3275093,
            "current_ratio": 183.8,
            "debt_ratio": 41.27,
            "inventory_turnover_ratio": 3.43,
            "account_receivable_turnover_ratio": 1.06,
            "reinvestment_rate": null,
            "research_to_sale_ratio": 2.18,
            "price_fair": 6.92,
            "eps_avg_yearly": 2.31,
            "eps_latest_yearly": 0.84,
            "eps_growth_yearly": -3.12
        },
        "20164": {
            "year_quarter": 20164,
            "year": 2016,
            "quarter": 4,
            "eps": 0.18,
            "eps_growth_year": -74.91,
            "eps_4q": 0.41,
            "eps_4q_growth_year": -82.97,
            "roe": 0.77,
            "roe_4q": 1.7799999999999998,
            "gross_profit": 224293,
            "gross_margin": 12.19,
            "gross_margin_4q_avg": 12.33,
            "net_income": 25358,
            "revenue": 1840374,
            "common_shares": 1488630,
            "book_valuer_per_share": 22.99,
            "book_valuer_per_share_4q_avg": 23.24,
            "equity": 3308098,
            "current_ratio": 179.55,
            "debt_ratio": 43.11,
            "inventory_turnover_ratio": 3.33,
            "account_receivable_turnover_ratio": 0.95,
            "reinvestment_rate": 8.32,
            "research_to_sale_ratio": 1.92,
            "price_fair": 6.39,
            "eps_avg_yearly": 2.13,
            "eps_latest_yearly": 0.72,
            "eps_growth_yearly": -16.45
        },
        "20171": {
            "year_quarter": 20171,
            "year": 2017,
            "quarter": 1,
            "eps": -0.14,
            "eps_growth_year": -166.67,
            "eps_4q": 0.07,
            "eps_4q_growth_year": -96.25,
            "roe": -0.59,
            "roe_4q": 0.33000000000000007,
            "gross_profit": 140382,
            "gross_margin": 10.31,
            "gross_margin_4q_avg": 11.23,
            "net_income": -19527,
            "revenue": 1361531,
            "common_shares": 1494160,
            "book_valuer_per_share": 22.83,
            "book_valuer_per_share_4q_avg": 22.85,
            "equity": 3296821,
            "current_ratio": 206.12,
            "debt_ratio": 36.72,
            "inventory_turnover_ratio": 2.74,
            "account_receivable_turnover_ratio": 0.75,
            "reinvestment_rate": 9.42,
            "research_to_sale_ratio": 2.44,
            "price_fair": 6.39,
            "eps_avg_yearly": 2.13,
            "eps_latest_yearly": 0.72,
            "eps_growth_yearly": -16.45
        },
        "20172": {
            "year_quarter": 20172,
            "year": 2017,
            "quarter": 2,
            "eps": 0.01,
            "eps_growth_year": null,
            "eps_4q": 0.31,
            "eps_4q_growth_year": -75.31,
            "roe": 0.06,
            "roe_4q": 1.3699999999999999,
            "gross_profit": 144937,
            "gross_margin": 10.79,
            "gross_margin_4q_avg": 11.66,
            "net_income": 2101,
            "revenue": 1343840,
            "common_shares": 1494500,
            "book_valuer_per_share": 22.51,
            "book_valuer_per_share_4q_avg": 22.81,
            "equity": 3251225,
            "current_ratio": 204,
            "debt_ratio": 37.23,
            "inventory_turnover_ratio": 2.65,
            "account_receivable_turnover_ratio": 0.83,
            "reinvestment_rate": 10.86,
            "research_to_sale_ratio": 2.08,
            "price_fair": 6.39,
            "eps_avg_yearly": 2.13,
            "eps_latest_yearly": 0.72,
            "eps_growth_yearly": -16.45
        },
        "20173": {
            "year_quarter": 20173,
            "year": 2017,
            "quarter": 3,
            "eps": 0.73,
            "eps_growth_year": 180.77,
            "eps_4q": 0.78,
            "eps_4q_growth_year": -16.38,
            "roe": 3.18,
            "roe_4q": 3.4200000000000004,
            "gross_profit": 251129,
            "gross_margin": 14.5,
            "gross_margin_4q_avg": 11.95,
            "net_income": 105041,
            "revenue": 1732106,
            "common_shares": 1494500,
            "book_valuer_per_share": 23.23,
            "book_valuer_per_share_4q_avg": 22.89,
            "equity": 3356227,
            "current_ratio": 190.93,
            "debt_ratio": 40.75,
            "inventory_turnover_ratio": 3.34,
            "account_receivable_turnover_ratio": 0.93,
            "reinvestment_rate": 15.88,
            "research_to_sale_ratio": 1.78,
            "price_fair": 77.28,
            "eps_avg_yearly": 2.21,
            "eps_latest_yearly": 2.92,
            "eps_growth_yearly": 2865.19
        },
        "20174": {
            "year_quarter": 20174,
            "year": 2017,
            "quarter": 4,
            "eps": 0.07,
            "eps_growth_year": -59.21,
            "eps_4q": 0.68,
            "eps_4q_growth_year": 65.48,
            "roe": 0.31,
            "roe_4q": 2.9600000000000004,
            "gross_profit": 233628,
            "gross_margin": 15.16,
            "gross_margin_4q_avg": 12.69,
            "net_income": 10393,
            "revenue": 1540578,
            "common_shares": 1495480,
            "book_valuer_per_share": 23.29,
            "book_valuer_per_share_4q_avg": 22.97,
            "equity": 3366020,
            "current_ratio": 188.35,
            "debt_ratio": 41.51,
            "inventory_turnover_ratio": 2.81,
            "account_receivable_turnover_ratio": 0.77,
            "reinvestment_rate": 19.77,
            "research_to_sale_ratio": 2.97,
            "price_fair": 71.15,
            "eps_avg_yearly": 2.03,
            "eps_latest_yearly": 0.28,
            "eps_growth_yearly": 2571.85
        },
        "20181": {
            "year_quarter": 20181,
            "year": 2018,
            "quarter": 1,
            "eps": -1.23,
            "eps_growth_year": null,
            "eps_4q": -0.42,
            "eps_4q_growth_year": -727.52,
            "roe": -5.44,
            "roe_4q": -1.8900000000000006,
            "gross_profit": -25831,
            "gross_margin": -2.51,
            "gross_margin_4q_avg": 9.49,
            "net_income": -178341,
            "revenue": 1028853,
            "common_shares": 1495480,
            "book_valuer_per_share": 22.04,
            "book_valuer_per_share_4q_avg": 22.77,
            "equity": 3186523,
            "current_ratio": 181.12,
            "debt_ratio": 39.91,
            "inventory_turnover_ratio": 2.3,
            "account_receivable_turnover_ratio": 0.58,
            "reinvestment_rate": 36.25,
            "research_to_sale_ratio": 4.24,
            "price_fair": 71.15,
            "eps_avg_yearly": 2.03,
            "eps_latest_yearly": 0.28,
            "eps_growth_yearly": 2571.85
        },
        "20182": {
            "year_quarter": 20182,
            "year": 2018,
            "quarter": 2,
            "eps": -0.83,
            "eps_growth_year": -8400,
            "eps_4q": -1.26,
            "eps_4q_growth_year": -507.05,
            "roe": -3.88,
            "roe_4q": -5.83,
            "gross_profit": 28470,
            "gross_margin": 2.44,
            "gross_margin_4q_avg": 7.4,
            "net_income": -119612,
            "revenue": 1167246,
            "common_shares": 1495480,
            "book_valuer_per_share": 20.63,
            "book_valuer_per_share_4q_avg": 22.3,
            "equity": 2982244,
            "current_ratio": 172.1,
            "debt_ratio": 41.18,
            "inventory_turnover_ratio": 2.86,
            "account_receivable_turnover_ratio": 0.72,
            "reinvestment_rate": 69.47,
            "research_to_sale_ratio": 3.32,
            "price_fair": 64.68,
            "eps_avg_yearly": 1.85,
            "eps_latest_yearly": 0.28,
            "eps_growth_yearly": 2833.43
        },
        "20183": {
            "year_quarter": 20183,
            "year": 2018,
            "quarter": 3,
            "eps": 0.15,
            "eps_growth_year": -79.45,
            "eps_4q": -1.84,
            "eps_4q_growth_year": -335,
            "roe": 0.73,
            "roe_4q": -8.28,
            "gross_profit": 187602,
            "gross_margin": 12.85,
            "gross_margin_4q_avg": 6.99,
            "net_income": 21890,
            "revenue": 1460062,
            "common_shares": 1445480,
            "book_valuer_per_share": 20.62,
            "book_valuer_per_share_4q_avg": 21.65,
            "equity": 2980891,
            "current_ratio": 163.93,
            "debt_ratio": 43.61,
            "inventory_turnover_ratio": 3.34,
            "account_receivable_turnover_ratio": 0.85,
            "reinvestment_rate": 70.27,
            "research_to_sale_ratio": 2.18,
            "price_fair": 65.18,
            "eps_avg_yearly": 1.86,
            "eps_latest_yearly": 0.28,
            "eps_growth_yearly": 3173
        },
        "20184": {
            "year_quarter": 20184,
            "year": 2018,
            "quarter": 4,
            "eps": -0.77,
            "eps_growth_year": -1165.35,
            "eps_4q": -2.68,
            "eps_4q_growth_year": -494.65,
            "roe": -3.79,
            "roe_4q": -12.379999999999999,
            "gross_profit": 88957,
            "gross_margin": 9.01,
            "gross_margin_4q_avg": 5.45,
            "net_income": -110722,
            "revenue": 986890,
            "common_shares": 1445480,
            "book_valuer_per_share": 19.78,
            "book_valuer_per_share_4q_avg": 20.77,
            "equity": 2858926,
            "current_ratio": 169.59,
            "debt_ratio": 42.07,
            "inventory_turnover_ratio": 2.44,
            "account_receivable_turnover_ratio": 0.62,
            "reinvestment_rate": 66.28,
            "research_to_sale_ratio": 2.99,
            "price_fair": 62.3,
            "eps_avg_yearly": 1.78,
            "eps_latest_yearly": 0.28,
            "eps_growth_yearly": 3546.37
        },
        "20191": {
            "year_quarter": 20191,
            "year": 2019,
            "quarter": 1,
            "eps": -0.83,
            "eps_growth_year": null,
            "eps_4q": -2.27,
            "eps_4q_growth_year": null,
            "roe": -4.26,
            "roe_4q": -11.2,
            "gross_profit": 10358,
            "gross_margin": 1.29,
            "gross_margin_4q_avg": 6.4,
            "net_income": -119479,
            "revenue": 805857,
            "common_shares": 1445480,
            "book_valuer_per_share": 19.03,
            "book_valuer_per_share_4q_avg": 20.02,
            "equity": 2750489,
            "current_ratio": 190.49,
            "debt_ratio": 34.26,
            "inventory_turnover_ratio": 2.47,
            "account_receivable_turnover_ratio": 0.66,
            "reinvestment_rate": null,
            "research_to_sale_ratio": 3.48,
            "price_fair": 55.2,
            "eps_avg_yearly": 1.58,
            "eps_latest_yearly": 0.28,
            "eps_growth_yearly": 4037.58
        },
        "20192": {
            "year_quarter": 20192,
            "year": 2019,
            "quarter": 2,
            "eps": -0.42,
            "eps_growth_year": null,
            "eps_4q": -1.87,
            "eps_4q_growth_year": null,
            "roe": -2.28,
            "roe_4q": -9.599999999999998,
            "gross_profit": 79017,
            "gross_margin": 8.4,
            "gross_margin_4q_avg": 7.89,
            "net_income": -61608,
            "revenue": 940119,
            "common_shares": 1445480,
            "book_valuer_per_share": 18.4,
            "book_valuer_per_share_4q_avg": 19.46,
            "equity": 2659298,
            "current_ratio": 189.44,
            "debt_ratio": 34.36,
            "inventory_turnover_ratio": 3.01,
            "account_receivable_turnover_ratio": 0.9,
            "reinvestment_rate": null,
            "research_to_sale_ratio": 3.19,
            "price_fair": 57.63,
            "eps_avg_yearly": 1.65,
            "eps_latest_yearly": 0.28,
            "eps_growth_yearly": 4753.01
        },
        "20193": {
            "year_quarter": 20193,
            "year": 2019,
            "quarter": 3,
            "eps": 0.04,
            "eps_growth_year": -73.33,
            "eps_4q": -1.98,
            "eps_4q_growth_year": null,
            "roe": 0.21,
            "roe_4q": -10.120000000000001,
            "gross_profit": 154040,
            "gross_margin": 14.3,
            "gross_margin_4q_avg": 8.25,
            "net_income": 5659,
            "revenue": 1076990,
            "common_shares": 1445480,
            "book_valuer_per_share": 18.44,
            "book_valuer_per_share_4q_avg": 18.91,
            "equity": 2665339,
            "current_ratio": 183.48,
            "debt_ratio": 36.58,
            "inventory_turnover_ratio": 3,
            "account_receivable_turnover_ratio": 0.96,
            "reinvestment_rate": null,
            "research_to_sale_ratio": 2.36,
            "price_fair": 52.92,
            "eps_avg_yearly": 1.51,
            "eps_latest_yearly": 0.28,
            "eps_growth_yearly": 5623.61
        },
        "20194": {
            "year_quarter": 20194,
            "year": 2019,
            "quarter": 4,
            "eps": -0.22,
            "eps_growth_year": null,
            "eps_4q": -1.43,
            "eps_4q_growth_year": null,
            "roe": -1.2,
            "roe_4q": -7.529999999999999,
            "gross_profit": 112676,
            "gross_margin": 9.28,
            "gross_margin_4q_avg": 8.32,
            "net_income": -31797,
            "revenue": 1214175,
            "common_shares": 1445480,
            "book_valuer_per_share": 18.3,
            "book_valuer_per_share_4q_avg": 18.54,
            "equity": 2645882,
            "current_ratio": 176.73,
            "debt_ratio": 39.39,
            "inventory_turnover_ratio": 3.08,
            "account_receivable_turnover_ratio": 0.9,
            "reinvestment_rate": null,
            "research_to_sale_ratio": 2.21,
            "price_fair": 41.65,
            "eps_avg_yearly": 1.19,
            "eps_latest_yearly": 0.28,
            "eps_growth_yearly": 7008.82
        },
        "20201": {
            "year_quarter": 20201,
            "year": 2020,
            "quarter": 1,
            "eps": -0.84,
            "eps_growth_year": null,
            "eps_4q": -1.45,
            "eps_4q_growth_year": null,
            "roe": -4.77,
            "roe_4q": -8.04,
            "gross_profit": 15414,
            "gross_margin": 1.49,
            "gross_margin_4q_avg": 8.37,
            "net_income": -121660,
            "revenue": 1036369,
            "common_shares": 1445480,
            "book_valuer_per_share": 16.99,
            "book_valuer_per_share_4q_avg": 18.03,
            "equity": 2455374,
            "current_ratio": 161.47,
            "debt_ratio": 43.16,
            "inventory_turnover_ratio": 2.25,
            "account_receivable_turnover_ratio": 0.73,
            "reinvestment_rate": null,
            "research_to_sale_ratio": 2.5,
            "price_fair": 45.73,
            "eps_avg_yearly": 1.31,
            "eps_latest_yearly": 0.28,
            "eps_growth_yearly": 9438.43
        },
        "20202": {
            "year_quarter": 20202,
            "year": 2020,
            "quarter": 2,
            "eps": -0.3,
            "eps_growth_year": null,
            "eps_4q": -1.32,
            "eps_4q_growth_year": null,
            "roe": -1.77,
            "roe_4q": -7.529999999999999,
            "gross_profit": 113132,
            "gross_margin": 7.75,
            "gross_margin_4q_avg": 8.21,
            "net_income": -43699,
            "revenue": 1459382,
            "common_shares": 1445480,
            "book_valuer_per_share": 17.26,
            "book_valuer_per_share_4q_avg": 17.75,
            "equity": 2495450,
            "current_ratio": 155.02,
            "debt_ratio": 44.66,
            "inventory_turnover_ratio": 3.13,
            "account_receivable_turnover_ratio": 0.93,
            "reinvestment_rate": null,
            "research_to_sale_ratio": 1.95,
            "price_fair": 45.73,
            "eps_avg_yearly": 1.31,
            "eps_latest_yearly": 0.28,
            "eps_growth_yearly": 9438.43
        },
        "20203": {
            "year_quarter": 20203,
            "year": 2020,
            "quarter": 3,
            "eps": 0.4,
            "eps_growth_year": 900,
            "eps_4q": -0.97,
            "eps_4q_growth_year": null,
            "roe": 2.26,
            "roe_4q": -5.4799999999999995,
            "gross_profit": 110749,
            "gross_margin": 7.45,
            "gross_margin_4q_avg": 6.49,
            "net_income": 57640,
            "revenue": 1486962,
            "common_shares": 1445480,
            "book_valuer_per_share": 17.96,
            "book_valuer_per_share_4q_avg": 17.63,
            "equity": 2595628,
            "current_ratio": 149.92,
            "debt_ratio": 47.54,
            "inventory_turnover_ratio": 3.31,
            "account_receivable_turnover_ratio": 0.78,
            "reinvestment_rate": null,
            "research_to_sale_ratio": 1.73,
            "price_fair": 45.73,
            "eps_avg_yearly": 1.31,
            "eps_latest_yearly": 0.28,
            "eps_growth_yearly": 9438.43
        },
        "20204": {
            "year_quarter": 20204,
            "year": 2020,
            "quarter": 4,
            "eps": -0.02,
            "eps_growth_year": null,
            "eps_4q": -0.77,
            "eps_4q_growth_year": null,
            "roe": -0.11,
            "roe_4q": -4.39,
            "gross_profit": 142399,
            "gross_margin": 9.52,
            "gross_margin_4q_avg": 6.55,
            "net_income": -2908,
            "revenue": 1496171,
            "common_shares": 1445480,
            "book_valuer_per_share": 18.26,
            "book_valuer_per_share_4q_avg": 17.62,
            "equity": 2639785,
            "current_ratio": 161.97,
            "debt_ratio": 42.91,
            "inventory_turnover_ratio": 3.15,
            "account_receivable_turnover_ratio": 0.81,
            "reinvestment_rate": null,
            "research_to_sale_ratio": 1.57,
            "price_fair": 56,
            "eps_avg_yearly": 1.6,
            "eps_latest_yearly": 0.28,
            "eps_growth_yearly": 14219.18
        },
        "20211": {
            "year_quarter": 20211,
            "year": 2021,
            "quarter": 1,
            "eps": 0.22,
            "eps_growth_year": null,
            "eps_4q": 0.3,
            "eps_4q_growth_year": null,
            "roe": 1.2,
            "roe_4q": 1.5799999999999996,
            "gross_profit": 181912,
            "gross_margin": 11.86,
            "gross_margin_4q_avg": 9.15,
            "net_income": 32176,
            "revenue": 1533373,
            "common_shares": 1445480,
            "book_valuer_per_share": 18.9,
            "book_valuer_per_share_4q_avg": 18.1,
            "equity": 2732390,
            "current_ratio": 172.73,
            "debt_ratio": 42.13,
            "inventory_turnover_ratio": 3.5,
            "account_receivable_turnover_ratio": 0.86,
            "reinvestment_rate": null,
            "research_to_sale_ratio": 1.57,
            "price_fair": 56,
            "eps_avg_yearly": 1.6,
            "eps_latest_yearly": 0.28,
            "eps_growth_yearly": 14219.18
        },
        "20212": {
            "year_quarter": 20212,
            "year": 2021,
            "quarter": 2,
            "eps": 0.22,
            "eps_growth_year": null,
            "eps_4q": 0.82,
            "eps_4q_growth_year": null,
            "roe": 1.18,
            "roe_4q": 4.529999999999999,
            "gross_profit": 152734,
            "gross_margin": 15.39,
            "gross_margin_4q_avg": 11.06,
            "net_income": 32315,
            "revenue": 992209,
            "common_shares": 1445480,
            "book_valuer_per_share": 18.99,
            "book_valuer_per_share_4q_avg": 18.53,
            "equity": 2745050,
            "current_ratio": 186.19,
            "debt_ratio": 38.86,
            "inventory_turnover_ratio": 1.97,
            "account_receivable_turnover_ratio": 0.62,
            "reinvestment_rate": null,
            "research_to_sale_ratio": 2.25,
            "price_fair": 47.6,
            "eps_avg_yearly": 1.36,
            "eps_latest_yearly": 0.88,
            "eps_growth_yearly": 9479.45
        },
        "20213": {
            "year_quarter": 20213,
            "year": 2021,
            "quarter": 3,
            "eps": -0.1,
            "eps_growth_year": -125,
            "eps_4q": 0.32,
            "eps_4q_growth_year": null,
            "roe": -0.56,
            "roe_4q": 1.7099999999999997,
            "gross_profit": 117112,
            "gross_margin": 12.73,
            "gross_margin_4q_avg": 12.38,
            "net_income": -15422,
            "revenue": 920083,
            "common_shares": 1445480,
            "book_valuer_per_share": 18.9,
            "book_valuer_per_share_4q_avg": 18.76,
            "equity": 2731575,
            "current_ratio": 187.98,
            "debt_ratio": 38.35,
            "inventory_turnover_ratio": 2.14,
            "account_receivable_turnover_ratio": 0.66,
            "reinvestment_rate": null,
            "research_to_sale_ratio": 2.34,
            "price_fair": 1.74,
            "eps_avg_yearly": 0.58,
            "eps_latest_yearly": 0.88,
            "eps_growth_yearly": -180.82
        },
        "20214": {
            "year_quarter": 20214,
            "year": 2021,
            "quarter": 4,
            "eps": 0.27,
            "eps_growth_year": null,
            "eps_4q": 0.61,
            "eps_4q_growth_year": null,
            "roe": 1.42,
            "roe_4q": 3.24,
            "gross_profit": 170363,
            "gross_margin": 17.92,
            "gross_margin_4q_avg": 14.48,
            "net_income": 39242,
            "revenue": 950444,
            "common_shares": 1445480,
            "book_valuer_per_share": 19.29,
            "book_valuer_per_share_4q_avg": 19.02,
            "equity": 2789041,
            "current_ratio": 209.22,
            "debt_ratio": 34.35,
            "inventory_turnover_ratio": 2.5,
            "account_receivable_turnover_ratio": 0.71,
            "reinvestment_rate": null,
            "research_to_sale_ratio": 2.11,
            "price_fair": 8.8,
            "eps_avg_yearly": 0.88,
            "eps_latest_yearly": 0.88,
            "eps_growth_yearly": 0
        },
        "20221": {
            "year_quarter": 20221,
            "year": 2022,
            "quarter": 1,
            "eps": 0.33,
            "eps_growth_year": 50,
            "eps_4q": 0.72,
            "eps_4q_growth_year": 139.99,
            "roe": 1.69,
            "roe_4q": 3.7299999999999995,
            "gross_profit": 171401,
            "gross_margin": 19.37,
            "gross_margin_4q_avg": 16.35,
            "net_income": 47563,
            "revenue": 885029,
            "common_shares": 1445480,
            "book_valuer_per_share": 19.55,
            "book_valuer_per_share_4q_avg": 19.18,
            "equity": 2826165,
            "current_ratio": 216.15,
            "debt_ratio": 34.05,
            "inventory_turnover_ratio": 2.22,
            "account_receivable_turnover_ratio": 0.73,
            "reinvestment_rate": null,
            "research_to_sale_ratio": 2.73,
            "price_fair": 38.5,
            "eps_avg_yearly": 1.1,
            "eps_latest_yearly": 1.32,
            "eps_growth_yearly": 44.44
        },
        "20222": {
            "year_quarter": 20222,
            "year": 2022,
            "quarter": 2,
            "eps": -0.17,
            "eps_growth_year": -177.27,
            "eps_4q": 0.33,
            "eps_4q_growth_year": -60.54,
            "roe": -0.88,
            "roe_4q": 1.67,
            "gross_profit": 68485,
            "gross_margin": 9.99,
            "gross_margin_4q_avg": 15,
            "net_income": -24333,
            "revenue": 685383,
            "common_shares": 1445480,
            "book_valuer_per_share": 18.64,
            "book_valuer_per_share_4q_avg": 19.1,
            "equity": 2693664,
            "current_ratio": 256.01,
            "debt_ratio": 27.73,
            "inventory_turnover_ratio": 2.13,
            "account_receivable_turnover_ratio": 0.69,
            "reinvestment_rate": null,
            "research_to_sale_ratio": 3.24,
            "price_fair": 38.5,
            "eps_avg_yearly": 1.1,
            "eps_latest_yearly": 1.32,
            "eps_growth_yearly": 44.44
        },
        "20223": {
            "year_quarter": 20223,
            "year": 2022,
            "quarter": 3,
            "eps": -0.66,
            "eps_growth_year": null,
            "eps_4q": -0.23,
            "eps_4q_growth_year": -172.25,
            "roe": -3.66,
            "roe_4q": -1.4300000000000002,
            "gross_profit": -1586,
            "gross_margin": -0.36,
            "gross_margin_4q_avg": 11.73,
            "net_income": -96565,
            "revenue": 440524,
            "common_shares": 1445480,
            "book_valuer_per_share": 17.85,
            "book_valuer_per_share_4q_avg": 18.83,
            "equity": 2584906,
            "current_ratio": 278.07,
            "debt_ratio": 25.11,
            "inventory_turnover_ratio": 2.12,
            "account_receivable_turnover_ratio": 0.62,
            "reinvestment_rate": null,
            "research_to_sale_ratio": 6.3,
            "price_fair": 38.5,
            "eps_avg_yearly": 1.1,
            "eps_latest_yearly": 1.32,
            "eps_growth_yearly": 44.44
        },
        "20224": {
            "year_quarter": 20224,
            "year": 2022,
            "quarter": 4,
            "eps": -0.47,
            "eps_growth_year": -274.84,
            "eps_4q": -0.98,
            "eps_4q_growth_year": -259.89,
            "roe": -2.69,
            "roe_4q": -5.539999999999999,
            "gross_profit": 69068,
            "gross_margin": 17.28,
            "gross_margin_4q_avg": 11.57,
            "net_income": -68911,
            "revenue": 399736,
            "common_shares": 1445480,
            "book_valuer_per_share": 17.39,
            "book_valuer_per_share_4q_avg": 18.36,
            "equity": 2539621,
            "current_ratio": 321.88,
            "debt_ratio": 21.13,
            "inventory_turnover_ratio": 2.03,
            "account_receivable_turnover_ratio": 0.73,
            "reinvestment_rate": null,
            "research_to_sale_ratio": 2.01,
            "price_fair": 38.5,
            "eps_avg_yearly": 1.1,
            "eps_latest_yearly": 1.32,
            "eps_growth_yearly": 44.44
        },
        "20231": {
            "year_quarter": 20231,
            "year": 2023,
            "quarter": 1,
            "eps": -0.36,
            "eps_growth_year": -209.09,
            "eps_4q": -1.67,
            "eps_4q_growth_year": -332.3,
            "roe": -2.13,
            "roe_4q": -9.360000000000001,
            "gross_profit": 52930,
            "gross_margin": 12.26,
            "gross_margin_4q_avg": 9.79,
            "net_income": -53827,
            "revenue": 431774,
            "common_shares": 1445480,
            "book_valuer_per_share": 17.21,
            "book_valuer_per_share_4q_avg": 17.77,
            "equity": 2511769,
            "current_ratio": 289.35,
            "debt_ratio": 24.6,
            "inventory_turnover_ratio": 2.11,
            "account_receivable_turnover_ratio": 0.87,
            "reinvestment_rate": null,
            "research_to_sale_ratio": 5.02,
            "price_fair": 38.5,
            "eps_avg_yearly": 1.1,
            "eps_latest_yearly": 1.32,
            "eps_growth_yearly": 44.44
        }
    },
    "months": {
        "2005-04": {
            "month": "2005-04",
            "price": "39.39",
            "revenue": 227747
        },
        "2005-05": {
            "month": "2005-05",
            "price": "32.67",
            "revenue": 214281
        },
        "2005-06": {
            "month": "2005-06",
            "price": "30.75",
            "revenue": 220853
        },
        "2005-07": {
            "month": "2005-07",
            "price": "30.88",
            "revenue": 209873
        },
        "2005-08": {
            "month": "2005-08",
            "price": "27.05",
            "revenue": 192723
        },
        "2005-09": {
            "month": "2005-09",
            "price": "20.99",
            "revenue": 234249
        },
        "2005-10": {
            "month": "2005-10",
            "price": "17.47",
            "revenue": 233491
        },
        "2005-11": {
            "month": "2005-11",
            "price": "16.62",
            "revenue": 200337
        },
        "2005-12": {
            "month": "2005-12",
            "price": "16.76",
            "revenue": 159756
        },
        "2006-01": {
            "month": "2006-01",
            "price": "16.26",
            "revenue": 168964
        },
        "2006-02": {
            "month": "2006-02",
            "price": "15.09",
            "revenue": 189267
        },
        "2006-03": {
            "month": "2006-03",
            "price": "18.29",
            "revenue": 171221
        },
        "2006-04": {
            "month": "2006-04",
            "price": "22.11",
            "revenue": 177523
        },
        "2006-05": {
            "month": "2006-05",
            "price": "20.39",
            "revenue": 149245
        },
        "2006-06": {
            "month": "2006-06",
            "price": "19.21",
            "revenue": 153463
        },
        "2006-07": {
            "month": "2006-07",
            "price": "18.94",
            "revenue": 151799
        },
        "2006-08": {
            "month": "2006-08",
            "price": "18.02",
            "revenue": 153319
        },
        "2006-09": {
            "month": "2006-09",
            "price": "14.19",
            "revenue": 155698
        },
        "2006-10": {
            "month": "2006-10",
            "price": "13.39",
            "revenue": 151128
        },
        "2006-11": {
            "month": "2006-11",
            "price": "15.01",
            "revenue": 145980
        },
        "2006-12": {
            "month": "2006-12",
            "price": "15.58",
            "revenue": 109929
        },
        "2007-01": {
            "month": "2007-01",
            "price": "23.05",
            "revenue": 140266
        },
        "2007-02": {
            "month": "2007-02",
            "price": "23.54",
            "revenue": 104292
        },
        "2007-03": {
            "month": "2007-03",
            "price": "33.97",
            "revenue": 155377
        },
        "2007-04": {
            "month": "2007-04",
            "price": "34.02",
            "revenue": 200455
        },
        "2007-05": {
            "month": "2007-05",
            "price": "30.28",
            "revenue": 188352
        },
        "2007-06": {
            "month": "2007-06",
            "price": "40.34",
            "revenue": 206527
        },
        "2007-07": {
            "month": "2007-07",
            "price": "66.76",
            "revenue": 231047
        },
        "2007-08": {
            "month": "2007-08",
            "price": "79.94",
            "revenue": 263927
        },
        "2007-09": {
            "month": "2007-09",
            "price": "75.44",
            "revenue": 284070
        },
        "2007-10": {
            "month": "2007-10",
            "price": "77.32",
            "revenue": 355264
        },
        "2007-11": {
            "month": "2007-11",
            "price": "56.96",
            "revenue": 342350
        },
        "2007-12": {
            "month": "2007-12",
            "price": "57.13",
            "revenue": 206944
        },
        "2008-01": {
            "month": "2008-01",
            "price": "46.88",
            "revenue": 232185
        },
        "2008-02": {
            "month": "2008-02",
            "price": "41.40",
            "revenue": 164699
        },
        "2008-03": {
            "month": "2008-03",
            "price": "39.00",
            "revenue": 206980
        },
        "2008-04": {
            "month": "2008-04",
            "price": "38.99",
            "revenue": 178804
        },
        "2008-05": {
            "month": "2008-05",
            "price": "34.81",
            "revenue": 187876
        },
        "2013-06": {
            "month": "2013-06",
            "price": "49.81",
            "revenue": 505300
        },
        "2013-07": {
            "month": "2013-07",
            "price": "51.46",
            "revenue": 573429
        },
        "2013-08": {
            "month": "2013-08",
            "price": "55.73",
            "revenue": 657737
        },
        "2013-09": {
            "month": "2013-09",
            "price": "57.86",
            "revenue": 687699
        },
        "2013-10": {
            "month": "2013-10",
            "price": "61.01",
            "revenue": 598463
        },
        "2013-11": {
            "month": "2013-11",
            "price": "58.33",
            "revenue": 534579
        },
        "2013-12": {
            "month": "2013-12",
            "price": "56.37",
            "revenue": 558369
        },
        "2014-01": {
            "month": "2014-01",
            "price": "70.41",
            "revenue": 549034
        },
        "2014-02": {
            "month": "2014-02",
            "price": "87.85",
            "revenue": 443106
        },
        "2014-03": {
            "month": "2014-03",
            "price": "91.63",
            "revenue": 683616
        },
        "2014-04": {
            "month": "2014-04",
            "price": "95.82",
            "revenue": 602059
        },
        "2014-05": {
            "month": "2014-05",
            "price": "86.59",
            "revenue": 562832
        },
        "2014-06": {
            "month": "2014-06",
            "price": "88.79",
            "revenue": 511615
        },
        "2014-07": {
            "month": "2014-07",
            "price": "95.76",
            "revenue": 453271
        },
        "2014-08": {
            "month": "2014-08",
            "price": "80.09",
            "revenue": 619604
        },
        "2014-09": {
            "month": "2014-09",
            "price": "74.55",
            "revenue": 745991
        },
        "2014-10": {
            "month": "2014-10",
            "price": "63.12",
            "revenue": 729025
        },
        "2014-11": {
            "month": "2014-11",
            "price": "52.02",
            "revenue": 546182
        },
        "2014-12": {
            "month": "2014-12",
            "price": "51.72",
            "revenue": 651852
        },
        "2015-01": {
            "month": "2015-01",
            "price": "54.75",
            "revenue": 633435
        },
        "2015-02": {
            "month": "2015-02",
            "price": "53.57",
            "revenue": 502520
        },
        "2015-03": {
            "month": "2015-03",
            "price": "58.55",
            "revenue": 618455
        },
        "2015-04": {
            "month": "2015-04",
            "price": "56.06",
            "revenue": 565455
        },
        "2015-05": {
            "month": "2015-05",
            "price": "52.70",
            "revenue": 404186
        },
        "2015-06": {
            "month": "2015-06",
            "price": "39.09",
            "revenue": 412288
        },
        "2015-07": {
            "month": "2015-07",
            "price": "33.03",
            "revenue": 458381
        },
        "2015-08": {
            "month": "2015-08",
            "price": "24.24",
            "revenue": 527721
        },
        "2015-09": {
            "month": "2015-09",
            "price": "23.33",
            "revenue": 545365
        },
        "2015-10": {
            "month": "2015-10",
            "price": "25.73",
            "revenue": 508811
        },
        "2015-11": {
            "month": "2015-11",
            "price": "25.30",
            "revenue": 468177
        },
        "2015-12": {
            "month": "2015-12",
            "price": "24.89",
            "revenue": 530952
        },
        "2016-01": {
            "month": "2016-01",
            "price": "25.32",
            "revenue": 556954
        },
        "2016-02": {
            "month": "2016-02",
            "price": "28.44",
            "revenue": 312571
        },
        "2016-03": {
            "month": "2016-03",
            "price": "27.73",
            "revenue": 430873
        },
        "2016-04": {
            "month": "2016-04",
            "price": "25.18",
            "revenue": 417133
        },
        "2016-05": {
            "month": "2016-05",
            "price": "22.29",
            "revenue": 415434
        },
        "2016-06": {
            "month": "2016-06",
            "price": "22.56",
            "revenue": 471302
        },
        "2016-07": {
            "month": "2016-07",
            "price": "24.58",
            "revenue": 512719
        },
        "2016-08": {
            "month": "2016-08",
            "price": "24.29",
            "revenue": 597069
        },
        "2016-09": {
            "month": "2016-09",
            "price": "23.47",
            "revenue": 645823
        },
        "2016-10": {
            "month": "2016-10",
            "price": "23.95",
            "revenue": 619226
        },
        "2016-11": {
            "month": "2016-11",
            "price": "22.12",
            "revenue": 577810
        },
        "2016-12": {
            "month": "2016-12",
            "price": "22.52",
            "revenue": 599611
        },
        "2017-01": {
            "month": "2017-01",
            "price": "22.72",
            "revenue": 497623
        },
        "2017-02": {
            "month": "2017-02",
            "price": "23.80",
            "revenue": 405496
        },
        "2017-03": {
            "month": "2017-03",
            "price": "24.84",
            "revenue": 486285
        },
        "2017-04": {
            "month": "2017-04",
            "price": "28.98",
            "revenue": 403894
        },
        "2017-05": {
            "month": "2017-05",
            "price": "28.80",
            "revenue": 454510
        },
        "2017-06": {
            "month": "2017-06",
            "price": "35.76",
            "revenue": 482931
        },
        "2017-07": {
            "month": "2017-07",
            "price": "34.33",
            "revenue": 520986
        },
        "2017-08": {
            "month": "2017-08",
            "price": "35.55",
            "revenue": 597815
        },
        "2017-09": {
            "month": "2017-09",
            "price": "35.17",
            "revenue": 588353
        },
        "2017-10": {
            "month": "2017-10",
            "price": "34.80",
            "revenue": 525946
        },
        "2017-11": {
            "month": "2017-11",
            "price": "40.65",
            "revenue": 552840
        },
        "2017-12": {
            "month": "2017-12",
            "price": "38.66",
            "revenue": 466101
        },
        "2018-01": {
            "month": "2018-01",
            "price": "37.64",
            "revenue": 441607
        },
        "2018-02": {
            "month": "2018-02",
            "price": "32.70",
            "revenue": 256760
        },
        "2018-03": {
            "month": "2018-03",
            "price": "33.37",
            "revenue": 367368
        },
        "2018-04": {
            "month": "2018-04",
            "price": "31.01",
            "revenue": 337857
        },
        "2018-05": {
            "month": "2018-05",
            "price": "27.88",
            "revenue": 424680
        },
        "2018-06": {
            "month": "2018-06",
            "price": "29.36",
            "revenue": 395433
        },
        "2018-07": {
            "month": "2018-07",
            "price": "26.23",
            "revenue": 413440
        },
        "2018-08": {
            "month": "2018-08",
            "price": "24.66",
            "revenue": 508723
        },
        "2018-09": {
            "month": "2018-09",
            "price": "22.04",
            "revenue": 516553
        },
        "2018-10": {
            "month": "2018-10",
            "price": "16.98",
            "revenue": 370621
        },
        "2018-11": {
            "month": "2018-11",
            "price": "16.75",
            "revenue": 331964
        },
        "2018-12": {
            "month": "2018-12",
            "price": "16.90",
            "revenue": 273181
        },
        "2019-01": {
            "month": "2019-01",
            "price": "16.09",
            "revenue": 380351
        },
        "2019-02": {
            "month": "2019-02",
            "price": "16.85",
            "revenue": 206659
        },
        "2019-03": {
            "month": "2019-03",
            "price": "17.82",
            "revenue": 229529
        },
        "2019-04": {
            "month": "2019-04",
            "price": "17.42",
            "revenue": 266562
        },
        "2019-05": {
            "month": "2019-05",
            "price": "15.08",
            "revenue": 360222
        },
        "2019-06": {
            "month": "2019-06",
            "price": "14.46",
            "revenue": 311835
        },
        "2019-07": {
            "month": "2019-07",
            "price": "15.62",
            "revenue": 387424
        },
        "2019-08": {
            "month": "2019-08",
            "price": "14.99",
            "revenue": 330837
        },
        "2019-09": {
            "month": "2019-09",
            "price": "15.70",
            "revenue": 340799
        },
        "2019-10": {
            "month": "2019-10",
            "price": "15.19",
            "revenue": 427738
        },
        "2019-11": {
            "month": "2019-11",
            "price": "16.10",
            "revenue": 392372
        },
        "2019-12": {
            "month": "2019-12",
            "price": "18.03",
            "revenue": 414912
        },
        "2020-01": {
            "month": "2020-01",
            "price": "17.72",
            "revenue": 326722
        },
        "2020-02": {
            "month": "2020-02",
            "price": "16.72",
            "revenue": 314470
        },
        "2020-03": {
            "month": "2020-03",
            "price": "12.93",
            "revenue": 423562
        },
        "2020-04": {
            "month": "2020-04",
            "price": "14.30",
            "revenue": 460522
        },
        "2020-05": {
            "month": "2020-05",
            "price": "18.28",
            "revenue": 454864
        },
        "2020-06": {
            "month": "2020-06",
            "price": "18.01",
            "revenue": 511683
        },
        "2020-07": {
            "month": "2020-07",
            "price": "21.84",
            "revenue": 498990
        },
        "2020-08": {
            "month": "2020-08",
            "price": "22.73",
            "revenue": 495241
        },
        "2020-09": {
            "month": "2020-09",
            "price": "23.61",
            "revenue": 487424
        },
        "2020-10": {
            "month": "2020-10",
            "price": "22.12",
            "revenue": 518573
        },
        "2020-11": {
            "month": "2020-11",
            "price": "21.92",
            "revenue": 484793
        },
        "2020-12": {
            "month": "2020-12",
            "price": "25.55",
            "revenue": 507053
        },
        "2021-01": {
            "month": "2021-01",
            "price": "33.74",
            "revenue": 528846
        },
        "2021-02": {
            "month": "2021-02",
            "price": "31.36",
            "revenue": 453652
        },
        "2021-03": {
            "month": "2021-03",
            "price": "35.25",
            "revenue": 556170
        },
        "2021-04": {
            "month": "2021-04",
            "price": "37.68",
            "revenue": 331030
        },
        "2021-05": {
            "month": "2021-05",
            "price": "28.80",
            "revenue": 328161
        },
        "2021-06": {
            "month": "2021-06",
            "price": "28.72",
            "revenue": 317646
        },
        "2021-07": {
            "month": "2021-07",
            "price": "28.93",
            "revenue": 301957
        },
        "2021-08": {
            "month": "2021-08",
            "price": "27.62",
            "revenue": 300291
        },
        "2021-09": {
            "month": "2021-09",
            "price": "24.93",
            "revenue": 315526
        },
        "2021-10": {
            "month": "2021-10",
            "price": "23.36",
            "revenue": 307874
        },
        "2021-11": {
            "month": "2021-11",
            "price": "24.98",
            "revenue": 334009
        },
        "2021-12": {
            "month": "2021-12",
            "price": "25.35",
            "revenue": 306017
        },
        "2022-01": {
            "month": "2022-01",
            "price": "26.92",
            "revenue": 336188
        },
        "2022-02": {
            "month": "2022-02",
            "price": "26.42",
            "revenue": 269167
        },
        "2022-03": {
            "month": "2022-03",
            "price": "23.56",
            "revenue": 303037
        },
        "2022-04": {
            "month": "2022-04",
            "price": "21.92",
            "revenue": 230011
        },
        "2022-05": {
            "month": "2022-05",
            "price": "21.05",
            "revenue": 255158
        },
        "2022-06": {
            "month": "2022-06",
            "price": "20.86",
            "revenue": 184075
        },
        "2022-07": {
            "month": "2022-07",
            "price": "19.07",
            "revenue": 139464
        },
        "2022-08": {
            "month": "2022-08",
            "price": "19.85",
            "revenue": 151805
        },
        "2022-09": {
            "month": "2022-09",
            "price": "18.34",
            "revenue": 142394
        },
        "2022-10": {
            "month": "2022-10",
            "price": "16.32",
            "revenue": 119951
        },
        "2022-11": {
            "month": "2022-11",
            "price": "16.94",
            "revenue": 166874
        },
        "2022-12": {
            "month": "2022-12",
            "price": "17.53",
            "revenue": 112941
        },
        "2023-01": {
            "month": "2023-01",
            "price": "17.25",
            "revenue": 141456
        },
        "2023-02": {
            "month": "2023-02",
            "price": "18.37",
            "revenue": 112585
        },
        "2023-03": {
            "month": "2023-03",
            "price": "19.97",
            "revenue": 177853
        },
        "2023-04": {
            "month": "2023-04",
            "price": "19.92",
            "revenue": 155821
        }
    }
}
