{
    "summary": {
        "stock_name": "類比科",
        "stock_id": "3438",
        "category": "半導體",
        "main_business": "積體電路之設計",
        "website_url": "http://www.aat-ic.com",
        "ceo": "林登財",
        "pe_ratio": 100,
        "report_year_from": 2004,
        "report_year_to": 2023,
        "age": 19,
        "eps_negative_percentage": 25,
        "eps_growth_avg": {
            "last_all": -9.32,
            "last_2y": 22.22,
            "last_4y": 22.22,
            "last_8y": -27.27,
            "last_12y": -17.61,
            "last_16y": -17.73,
            "last_20y": null,
            "at_2006_last_3y": null,
            "at_2007_last_3y": null,
            "at_2008_last_3y": 20.96,
            "at_2009_last_3y": -17.99,
            "at_2010_last_3y": -14.16,
            "at_2011_last_3y": -16.84,
            "at_2012_last_3y": -12.81,
            "at_2013_last_3y": -5.54,
            "at_2014_last_3y": -16.72,
            "at_2015_last_3y": -30.47,
            "at_2016_last_3y": -51.87,
            "at_2017_last_3y": -60.26,
            "at_2018_last_3y": -99.5,
            "at_2019_last_3y": -100,
            "at_2020_last_3y": null,
            "at_2021_last_3y": 100,
            "at_2022_last_3y": 22.22,
            "at_2023_last_3y": 22.22,
            "at_2006_last_all": 73.83,
            "at_2007_last_all": 38.12,
            "at_2008_last_all": 20.96,
            "at_2009_last_all": 5.61,
            "at_2010_last_all": 15.17,
            "at_2011_last_all": 6.71,
            "at_2012_last_all": 4.08,
            "at_2013_last_all": 0.65,
            "at_2014_last_all": 2.41,
            "at_2015_last_all": -6.81,
            "at_2016_last_all": -14.57,
            "at_2017_last_all": -14.57,
            "at_2018_last_all": -14.57,
            "at_2019_last_all": -14.57,
            "at_2020_last_all": -14.57,
            "at_2021_last_all": -5.76,
            "at_2022_last_all": -9.32,
            "at_2023_last_all": -9.32
        },
        "latest_eps": 0.47,
        "latest_price": 59.2,
        "latest_roe": 1.45,
        "latest_gross_margin": 20.21,
        "latest_equity": 1437903,
        "latest_revenue": 198549,
        "latest_gross_profit": 40125,
        "latest_net_income": -27634,
        "latest_debt_ratio": 8.2,
        "latest_current_ratio": 715.37,
        "latest_account_receivable_turnover_ratio": 0.98,
        "latest_inventory_turnover_ratio": 0.52,
        "latest_reinvestment_rate": -12.93,
        "latest_research_to_sale_ratio": 28.07
    },
    "eps_dividends": {
        "2001": {
            "cash": 0,
            "stock": 0,
            "eps": 0
        },
        "2002": {
            "cash": 0,
            "stock": 0,
            "eps": 0
        },
        "2003": {
            "cash": 0,
            "stock": 0,
            "eps": 0
        },
        "2004": {
            "cash": 0,
            "stock": 0,
            "eps": 4.76
        },
        "2005": {
            "cash": 0,
            "stock": 4,
            "eps": 9.82
        },
        "2006": {
            "cash": 3,
            "stock": 3,
            "eps": 14.5
        },
        "2007": {
            "cash": 7,
            "stock": 3,
            "eps": 9.67
        },
        "2008": {
            "cash": 6,
            "stock": 0,
            "eps": 6.72
        },
        "2009": {
            "cash": 5,
            "stock": 0,
            "eps": 2.97
        },
        "2010": {
            "cash": 2,
            "stock": 0,
            "eps": 4.84
        },
        "2011": {
            "cash": 3,
            "stock": 0,
            "eps": 2.71
        },
        "2012": {
            "cash": 1,
            "stock": 0,
            "eps": 2.32
        },
        "2013": {
            "cash": 1,
            "stock": 0,
            "eps": 1.7
        },
        "2014": {
            "cash": 1,
            "stock": 0,
            "eps": 2.01
        },
        "2015": {
            "cash": 2,
            "stock": 0,
            "eps": 0.02
        },
        "2016": {
            "cash": 0,
            "stock": 0,
            "eps": -0.55
        },
        "2017": {
            "cash": 0,
            "stock": 0,
            "eps": -0.68
        },
        "2018": {
            "cash": 0,
            "stock": 0,
            "eps": -1.37
        },
        "2019": {
            "cash": 0,
            "stock": 0,
            "eps": -0.08
        },
        "2020": {
            "cash": 0,
            "stock": 0,
            "eps": 2.07
        },
        "2021": {
            "cash": 2,
            "stock": 0,
            "eps": 5.13
        },
        "2022": {
            "cash": 4,
            "stock": 0,
            "eps": 2.28
        },
        "2023": {
            "cash": 1,
            "stock": 0,
            "eps": -0.59
        }
    },
    "dividends": {
        "2005-05-12": {
            "cash": 0.04,
            "stock": 4.18
        },
        "2006-04-10": {
            "cash": 3.44,
            "stock": 2.78
        },
        "2007-05-04": {
            "cash": 7.12,
            "stock": 2.7
        },
        "2008-04-10": {
            "cash": 6.41,
            "stock": 0.35
        },
        "2009-03-05": {
            "cash": 5,
            "stock": 0
        },
        "2010-03-11": {
            "cash": 2,
            "stock": 0
        },
        "2011-03-15": {
            "cash": 3.2,
            "stock": 0
        },
        "2012-06-27": {
            "cash": 1.2,
            "stock": 0
        },
        "2013-06-19": {
            "cash": 1.2,
            "stock": 0
        },
        "2014-06-06": {
            "cash": 1.2,
            "stock": 0
        },
        "2015-08-25": {
            "cash": 2,
            "stock": 0
        },
        "2016-06-30": {
            "cash": 0.3,
            "stock": 0
        },
        "2021-08-27": {
            "cash": 1.5,
            "stock": 0
        },
        "2022-07-28": {
            "cash": 3.6,
            "stock": 0
        },
        "2023-03-15": {
            "cash": 1.4,
            "stock": 0
        }
    },
    "prices": {
        "200101": "無",
        "200102": "無",
        "200103": "無",
        "200104": "無",
        "200105": "無",
        "200106": "無",
        "200107": "無",
        "200108": "無",
        "200109": "無",
        "200110": "無",
        "200111": "無",
        "200112": "無",
        "200201": "無",
        "200202": "無",
        "200203": "無",
        "200204": "無",
        "200205": "無",
        "200206": "無",
        "200207": "無",
        "200208": "無",
        "200209": "無",
        "200210": "無",
        "200211": "無",
        "200212": "無",
        "200301": "無",
        "200302": "無",
        "200303": "無",
        "200304": "無",
        "200305": "無",
        "200306": "無",
        "200307": "無",
        "200308": "無",
        "200309": "無",
        "200310": "無",
        "200311": "無",
        "200312": "無",
        "200401": "無",
        "200402": "無",
        "200403": "無",
        "200404": "無",
        "200405": "無",
        "200406": "無",
        "200407": "無",
        "200408": "無",
        "200409": "無",
        "200410": "無",
        "200411": "無",
        "200412": "49.92",
        "200501": "43.79",
        "200502": "49.68",
        "200503": "66.19",
        "200504": "72.81",
        "200505": "73.35",
        "200506": "72.03",
        "200507": "75.12",
        "200508": "84.32",
        "200509": "79.47",
        "200510": "87.68",
        "200511": "88.02",
        "200512": "130.97",
        "200601": "153.22",
        "200602": "162.78",
        "200603": "203.38",
        "200604": "267.55",
        "200605": "274.79",
        "200606": "267.52",
        "200607": "312.89",
        "200608": "315.87",
        "200609": "401.71",
        "200610": "360.25",
        "200611": "333.41",
        "200612": "307.00",
        "200701": "329.52",
        "200702": "349.17",
        "200703": "318.41",
        "200704": "282.62",
        "200705": "267.75",
        "200706": "308.18",
        "200707": "322.02",
        "200708": "213.83",
        "200709": "162.53",
        "200710": "180.55",
        "200711": "156.41",
        "200712": "131.95",
        "200801": "115.72",
        "200802": "99.06",
        "200803": "109.19",
        "200804": "135.10",
        "200805": "148.83",
        "200806": "131.00",
        "200807": "97.70",
        "200808": "88.44",
        "200809": "67.87",
        "200810": "58.59",
        "200811": "47.58",
        "200812": "43.35",
        "200901": "44.26",
        "200902": "50.83",
        "200903": "60.82",
        "200904": "67.15",
        "200905": "69.56",
        "200906": "67.54",
        "200907": "66.10",
        "200908": "66.04",
        "200909": "66.20",
        "200910": "76.00",
        "200911": "80.47",
        "200912": "88.68",
        "201001": "83.98",
        "201002": "76.66",
        "201003": "83.08",
        "201004": "90.39",
        "201005": "82.14",
        "201006": "78.49",
        "201007": "77.11",
        "201008": "72.38",
        "201009": "69.16",
        "201010": "67.11",
        "201011": "67.41",
        "201012": "71.17",
        "201101": "69.24",
        "201102": "70.99",
        "201103": "68.45",
        "201104": "60.08",
        "201105": "59.35",
        "201106": "57.20",
        "201107": "50.77",
        "201108": "43.34",
        "201109": "38.90",
        "201110": "39.53",
        "201111": "38.62",
        "201112": "32.85",
        "201201": "34.03",
        "201202": "46.68",
        "201203": "48.68",
        "201204": "40.00",
        "201205": "37.99",
        "201206": "36.00",
        "201207": "35.69",
        "201208": "35.84",
        "201209": "36.63",
        "201210": "32.42",
        "201211": "29.02",
        "201212": "31.34",
        "201301": "31.58",
        "201302": "31.48",
        "201303": "31.86",
        "201304": "30.04",
        "201305": "30.13",
        "201306": "28.69",
        "201307": "28.11",
        "201308": "27.98",
        "201309": "27.97",
        "201310": "27.18",
        "201311": "26.65",
        "201312": "28.42",
        "201401": "32.49",
        "201402": "31.13",
        "201403": "31.97",
        "201404": "33.53",
        "201405": "31.55",
        "201406": "32.36",
        "201407": "30.32",
        "201408": "28.24",
        "201409": "27.81",
        "201410": "26.71",
        "201411": "26.28",
        "201412": "27.24",
        "201501": "28.26",
        "201502": "27.54",
        "201503": "29.48",
        "201504": "28.92",
        "201505": "27.65",
        "201506": "26.46",
        "201507": "25.54",
        "201508": "18.53",
        "201509": "18.32",
        "201510": "19.63",
        "201511": "18.05",
        "201512": "17.44",
        "201601": "16.33",
        "201602": "16.90",
        "201603": "18.08",
        "201604": "21.32",
        "201605": "18.21",
        "201606": "17.86",
        "201607": "19.36",
        "201608": "19.20",
        "201609": "18.55",
        "201610": "18.22",
        "201611": "16.92",
        "201612": "17.26",
        "201701": "17.72",
        "201702": "19.31",
        "201703": "19.52",
        "201704": "24.41",
        "201705": "21.50",
        "201706": "21.69",
        "201707": "21.11",
        "201708": "19.87",
        "201709": "20.60",
        "201710": "22.16",
        "201711": "23.66",
        "201712": "21.75",
        "201801": "22.21",
        "201802": "20.15",
        "201803": "21.66",
        "201804": "21.69",
        "201805": "21.86",
        "201806": "22.53",
        "201807": "19.38",
        "201808": "17.44",
        "201809": "15.63",
        "201810": "12.37",
        "201811": "12.39",
        "201812": "21.42",
        "201901": "22.72",
        "201902": "22.78",
        "201903": "22.24",
        "201904": "21.48",
        "201905": "20.90",
        "201906": "21.03",
        "201907": "23.09",
        "201908": "26.21",
        "201909": "28.99",
        "201910": "27.06",
        "201911": "32.11",
        "201912": "39.09",
        "202001": "38.88",
        "202002": "36.78",
        "202003": "26.47",
        "202004": "28.31",
        "202005": "31.92",
        "202006": "32.63",
        "202007": "33.36",
        "202008": "30.98",
        "202009": "42.88",
        "202010": "45.70",
        "202011": "50.28",
        "202012": "52.24",
        "202101": "50.89",
        "202102": "52.14",
        "202103": "67.01",
        "202104": "85.22",
        "202105": "71.28",
        "202106": "78.57",
        "202107": "91.16",
        "202108": "90.64",
        "202109": "84.79",
        "202110": "78.18",
        "202111": "87.75",
        "202112": "87.85",
        "202201": "80.11",
        "202202": "75.10",
        "202203": "73.09",
        "202204": "70.45",
        "202205": "65.89",
        "202206": "62.98",
        "202207": "48.89",
        "202208": "51.49",
        "202209": "47.85",
        "202210": "45.70",
        "202211": "51.66",
        "202212": "53.50",
        "202301": "54.43",
        "202302": "58.23",
        "202303": "62.13",
        "202304": "59.48",
        "202305": "58.47"
    },
    "quarters": {
        "20011": {
            "year_quarter": 20011,
            "year": 2001,
            "quarter": 1,
            "eps": null,
            "eps_growth_year": null,
            "eps_4q": null,
            "eps_4q_growth_year": null,
            "roe": null,
            "roe_4q": 0,
            "gross_profit": null,
            "gross_margin": null,
            "gross_margin_4q_avg": 0,
            "net_income": null,
            "revenue": null,
            "common_shares": null,
            "book_valuer_per_share": null,
            "book_valuer_per_share_4q_avg": 0,
            "equity": null,
            "current_ratio": null,
            "debt_ratio": null,
            "inventory_turnover_ratio": null,
            "account_receivable_turnover_ratio": null,
            "reinvestment_rate": null,
            "research_to_sale_ratio": null,
            "price_fair": 0,
            "eps_avg_yearly": 0,
            "eps_latest_yearly": 0,
            "eps_growth_yearly": 0
        },
        "20012": {
            "year_quarter": 20012,
            "year": 2001,
            "quarter": 2,
            "eps": null,
            "eps_growth_year": null,
            "eps_4q": null,
            "eps_4q_growth_year": null,
            "roe": null,
            "roe_4q": 0,
            "gross_profit": null,
            "gross_margin": null,
            "gross_margin_4q_avg": 0,
            "net_income": null,
            "revenue": null,
            "common_shares": null,
            "book_valuer_per_share": null,
            "book_valuer_per_share_4q_avg": 0,
            "equity": null,
            "current_ratio": null,
            "debt_ratio": null,
            "inventory_turnover_ratio": null,
            "account_receivable_turnover_ratio": null,
            "reinvestment_rate": null,
            "research_to_sale_ratio": null,
            "price_fair": 0,
            "eps_avg_yearly": 0,
            "eps_latest_yearly": 0,
            "eps_growth_yearly": 0
        },
        "20013": {
            "year_quarter": 20013,
            "year": 2001,
            "quarter": 3,
            "eps": null,
            "eps_growth_year": null,
            "eps_4q": null,
            "eps_4q_growth_year": null,
            "roe": null,
            "roe_4q": 0,
            "gross_profit": null,
            "gross_margin": null,
            "gross_margin_4q_avg": 0,
            "net_income": null,
            "revenue": null,
            "common_shares": null,
            "book_valuer_per_share": null,
            "book_valuer_per_share_4q_avg": 0,
            "equity": null,
            "current_ratio": null,
            "debt_ratio": null,
            "inventory_turnover_ratio": null,
            "account_receivable_turnover_ratio": null,
            "reinvestment_rate": null,
            "research_to_sale_ratio": null,
            "price_fair": 0,
            "eps_avg_yearly": 0,
            "eps_latest_yearly": 0,
            "eps_growth_yearly": 0
        },
        "20014": {
            "year_quarter": 20014,
            "year": 2001,
            "quarter": 4,
            "eps": null,
            "eps_growth_year": null,
            "eps_4q": null,
            "eps_4q_growth_year": null,
            "roe": null,
            "roe_4q": 0,
            "gross_profit": null,
            "gross_margin": null,
            "gross_margin_4q_avg": 0,
            "net_income": null,
            "revenue": null,
            "common_shares": 100000,
            "book_valuer_per_share": 7.36,
            "book_valuer_per_share_4q_avg": 1.84,
            "equity": 73550,
            "current_ratio": 888.97,
            "debt_ratio": 10.05,
            "inventory_turnover_ratio": null,
            "account_receivable_turnover_ratio": null,
            "reinvestment_rate": null,
            "research_to_sale_ratio": null,
            "price_fair": 0,
            "eps_avg_yearly": 0,
            "eps_latest_yearly": 0,
            "eps_growth_yearly": 0
        },
        "20021": {
            "year_quarter": 20021,
            "year": 2002,
            "quarter": 1,
            "eps": null,
            "eps_growth_year": null,
            "eps_4q": null,
            "eps_4q_growth_year": null,
            "roe": null,
            "roe_4q": 0,
            "gross_profit": null,
            "gross_margin": null,
            "gross_margin_4q_avg": 0,
            "net_income": null,
            "revenue": null,
            "common_shares": null,
            "book_valuer_per_share": null,
            "book_valuer_per_share_4q_avg": 1.84,
            "equity": null,
            "current_ratio": null,
            "debt_ratio": null,
            "inventory_turnover_ratio": null,
            "account_receivable_turnover_ratio": null,
            "reinvestment_rate": null,
            "research_to_sale_ratio": null,
            "price_fair": 0,
            "eps_avg_yearly": 0,
            "eps_latest_yearly": 0,
            "eps_growth_yearly": 0
        },
        "20022": {
            "year_quarter": 20022,
            "year": 2002,
            "quarter": 2,
            "eps": null,
            "eps_growth_year": null,
            "eps_4q": null,
            "eps_4q_growth_year": null,
            "roe": null,
            "roe_4q": 0,
            "gross_profit": null,
            "gross_margin": null,
            "gross_margin_4q_avg": 0,
            "net_income": null,
            "revenue": null,
            "common_shares": null,
            "book_valuer_per_share": null,
            "book_valuer_per_share_4q_avg": 1.84,
            "equity": null,
            "current_ratio": null,
            "debt_ratio": null,
            "inventory_turnover_ratio": null,
            "account_receivable_turnover_ratio": null,
            "reinvestment_rate": null,
            "research_to_sale_ratio": null,
            "price_fair": 0,
            "eps_avg_yearly": 0,
            "eps_latest_yearly": 0,
            "eps_growth_yearly": 0
        },
        "20023": {
            "year_quarter": 20023,
            "year": 2002,
            "quarter": 3,
            "eps": null,
            "eps_growth_year": null,
            "eps_4q": null,
            "eps_4q_growth_year": null,
            "roe": null,
            "roe_4q": 0,
            "gross_profit": null,
            "gross_margin": null,
            "gross_margin_4q_avg": 0,
            "net_income": null,
            "revenue": null,
            "common_shares": null,
            "book_valuer_per_share": null,
            "book_valuer_per_share_4q_avg": 1.84,
            "equity": null,
            "current_ratio": null,
            "debt_ratio": null,
            "inventory_turnover_ratio": null,
            "account_receivable_turnover_ratio": null,
            "reinvestment_rate": null,
            "research_to_sale_ratio": null,
            "price_fair": 0,
            "eps_avg_yearly": 0,
            "eps_latest_yearly": 0,
            "eps_growth_yearly": 0
        },
        "20024": {
            "year_quarter": 20024,
            "year": 2002,
            "quarter": 4,
            "eps": null,
            "eps_growth_year": null,
            "eps_4q": null,
            "eps_4q_growth_year": null,
            "roe": null,
            "roe_4q": 0,
            "gross_profit": null,
            "gross_margin": null,
            "gross_margin_4q_avg": 0,
            "net_income": null,
            "revenue": null,
            "common_shares": 100000,
            "book_valuer_per_share": 7.18,
            "book_valuer_per_share_4q_avg": 1.8,
            "equity": 71790,
            "current_ratio": 310.12,
            "debt_ratio": 29.37,
            "inventory_turnover_ratio": null,
            "account_receivable_turnover_ratio": null,
            "reinvestment_rate": null,
            "research_to_sale_ratio": null,
            "price_fair": 0,
            "eps_avg_yearly": 0,
            "eps_latest_yearly": 0,
            "eps_growth_yearly": 0
        },
        "20031": {
            "year_quarter": 20031,
            "year": 2003,
            "quarter": 1,
            "eps": null,
            "eps_growth_year": null,
            "eps_4q": null,
            "eps_4q_growth_year": null,
            "roe": null,
            "roe_4q": 0,
            "gross_profit": null,
            "gross_margin": null,
            "gross_margin_4q_avg": 0,
            "net_income": null,
            "revenue": null,
            "common_shares": null,
            "book_valuer_per_share": null,
            "book_valuer_per_share_4q_avg": 1.8,
            "equity": null,
            "current_ratio": null,
            "debt_ratio": null,
            "inventory_turnover_ratio": null,
            "account_receivable_turnover_ratio": null,
            "reinvestment_rate": null,
            "research_to_sale_ratio": null,
            "price_fair": 0,
            "eps_avg_yearly": 0,
            "eps_latest_yearly": 0,
            "eps_growth_yearly": 0
        },
        "20032": {
            "year_quarter": 20032,
            "year": 2003,
            "quarter": 2,
            "eps": null,
            "eps_growth_year": null,
            "eps_4q": null,
            "eps_4q_growth_year": null,
            "roe": null,
            "roe_4q": 0,
            "gross_profit": null,
            "gross_margin": null,
            "gross_margin_4q_avg": 0,
            "net_income": null,
            "revenue": null,
            "common_shares": null,
            "book_valuer_per_share": null,
            "book_valuer_per_share_4q_avg": 1.8,
            "equity": null,
            "current_ratio": null,
            "debt_ratio": null,
            "inventory_turnover_ratio": null,
            "account_receivable_turnover_ratio": null,
            "reinvestment_rate": null,
            "research_to_sale_ratio": null,
            "price_fair": 0,
            "eps_avg_yearly": 0,
            "eps_latest_yearly": 0,
            "eps_growth_yearly": 0
        },
        "20033": {
            "year_quarter": 20033,
            "year": 2003,
            "quarter": 3,
            "eps": null,
            "eps_growth_year": null,
            "eps_4q": null,
            "eps_4q_growth_year": null,
            "roe": null,
            "roe_4q": 0,
            "gross_profit": null,
            "gross_margin": null,
            "gross_margin_4q_avg": 0,
            "net_income": null,
            "revenue": null,
            "common_shares": null,
            "book_valuer_per_share": null,
            "book_valuer_per_share_4q_avg": 1.8,
            "equity": null,
            "current_ratio": null,
            "debt_ratio": null,
            "inventory_turnover_ratio": null,
            "account_receivable_turnover_ratio": null,
            "reinvestment_rate": null,
            "research_to_sale_ratio": null,
            "price_fair": 0,
            "eps_avg_yearly": 0,
            "eps_latest_yearly": 0,
            "eps_growth_yearly": 0
        },
        "20034": {
            "year_quarter": 20034,
            "year": 2003,
            "quarter": 4,
            "eps": null,
            "eps_growth_year": null,
            "eps_4q": null,
            "eps_4q_growth_year": null,
            "roe": null,
            "roe_4q": 0,
            "gross_profit": null,
            "gross_margin": null,
            "gross_margin_4q_avg": 0,
            "net_income": null,
            "revenue": null,
            "common_shares": 110000,
            "book_valuer_per_share": 10.01,
            "book_valuer_per_share_4q_avg": 2.5,
            "equity": 110122,
            "current_ratio": 330.29,
            "debt_ratio": 27.52,
            "inventory_turnover_ratio": null,
            "account_receivable_turnover_ratio": null,
            "reinvestment_rate": null,
            "research_to_sale_ratio": null,
            "price_fair": 0,
            "eps_avg_yearly": 0,
            "eps_latest_yearly": 0,
            "eps_growth_yearly": 0
        },
        "20041": {
            "year_quarter": 20041,
            "year": 2004,
            "quarter": 1,
            "eps": null,
            "eps_growth_year": null,
            "eps_4q": null,
            "eps_4q_growth_year": null,
            "roe": null,
            "roe_4q": 0,
            "gross_profit": null,
            "gross_margin": null,
            "gross_margin_4q_avg": 0,
            "net_income": null,
            "revenue": null,
            "common_shares": null,
            "book_valuer_per_share": null,
            "book_valuer_per_share_4q_avg": 2.5,
            "equity": null,
            "current_ratio": null,
            "debt_ratio": null,
            "inventory_turnover_ratio": null,
            "account_receivable_turnover_ratio": null,
            "reinvestment_rate": null,
            "research_to_sale_ratio": null,
            "price_fair": 0,
            "eps_avg_yearly": 0,
            "eps_latest_yearly": 0,
            "eps_growth_yearly": 0
        },
        "20042": {
            "year_quarter": 20042,
            "year": 2004,
            "quarter": 2,
            "eps": null,
            "eps_growth_year": null,
            "eps_4q": null,
            "eps_4q_growth_year": null,
            "roe": null,
            "roe_4q": 0,
            "gross_profit": null,
            "gross_margin": null,
            "gross_margin_4q_avg": 0,
            "net_income": null,
            "revenue": null,
            "common_shares": null,
            "book_valuer_per_share": null,
            "book_valuer_per_share_4q_avg": 2.5,
            "equity": null,
            "current_ratio": null,
            "debt_ratio": null,
            "inventory_turnover_ratio": null,
            "account_receivable_turnover_ratio": null,
            "reinvestment_rate": null,
            "research_to_sale_ratio": null,
            "price_fair": 0,
            "eps_avg_yearly": 0,
            "eps_latest_yearly": 0,
            "eps_growth_yearly": 0
        },
        "20043": {
            "year_quarter": 20043,
            "year": 2004,
            "quarter": 3,
            "eps": 3.11,
            "eps_growth_year": null,
            "eps_4q": null,
            "eps_4q_growth_year": null,
            "roe": 18.25,
            "roe_4q": 18.25,
            "gross_profit": 49651,
            "gross_margin": 49.41,
            "gross_margin_4q_avg": 12.35,
            "net_income": 34222,
            "revenue": 100482,
            "common_shares": 110000,
            "book_valuer_per_share": 17.05,
            "book_valuer_per_share_4q_avg": 6.77,
            "equity": 187563,
            "current_ratio": 339.48,
            "debt_ratio": 31.82,
            "inventory_turnover_ratio": 0.66,
            "account_receivable_turnover_ratio": null,
            "reinvestment_rate": null,
            "research_to_sale_ratio": null,
            "price_fair": 0,
            "eps_avg_yearly": 0,
            "eps_latest_yearly": 0,
            "eps_growth_yearly": 0
        },
        "20044": {
            "year_quarter": 20044,
            "year": 2004,
            "quarter": 4,
            "eps": 1.65,
            "eps_growth_year": null,
            "eps_4q": null,
            "eps_4q_growth_year": null,
            "roe": 9.24,
            "roe_4q": 27.490000000000002,
            "gross_profit": 34393,
            "gross_margin": 45.54,
            "gross_margin_4q_avg": 23.74,
            "net_income": 18163,
            "revenue": 75516,
            "common_shares": 110000,
            "book_valuer_per_share": 18.7,
            "book_valuer_per_share_4q_avg": 8.94,
            "equity": 205726,
            "current_ratio": 1211.67,
            "debt_ratio": 12.76,
            "inventory_turnover_ratio": 0.61,
            "account_receivable_turnover_ratio": null,
            "reinvestment_rate": null,
            "research_to_sale_ratio": null,
            "price_fair": 19.8,
            "eps_avg_yearly": 6.6,
            "eps_latest_yearly": 6.6,
            "eps_growth_yearly": -187.78
        },
        "20051": {
            "year_quarter": 20051,
            "year": 2005,
            "quarter": 1,
            "eps": 2.21,
            "eps_growth_year": null,
            "eps_4q": null,
            "eps_4q_growth_year": null,
            "roe": 11.14,
            "roe_4q": 38.63,
            "gross_profit": 40648,
            "gross_margin": 41.14,
            "gross_margin_4q_avg": 34.02,
            "net_income": 24260,
            "revenue": 98799,
            "common_shares": 110000,
            "book_valuer_per_share": 20.91,
            "book_valuer_per_share_4q_avg": 14.17,
            "equity": 229986,
            "current_ratio": 515.48,
            "debt_ratio": 22.21,
            "inventory_turnover_ratio": 0.97,
            "account_receivable_turnover_ratio": null,
            "reinvestment_rate": null,
            "research_to_sale_ratio": null,
            "price_fair": 23.16,
            "eps_avg_yearly": 7.72,
            "eps_latest_yearly": 8.84,
            "eps_growth_yearly": -26.01
        },
        "20052": {
            "year_quarter": 20052,
            "year": 2005,
            "quarter": 2,
            "eps": 1.64,
            "eps_growth_year": null,
            "eps_4q": 5.6,
            "eps_4q_growth_year": null,
            "roe": 12.96,
            "roe_4q": 51.59,
            "gross_profit": 49446,
            "gross_margin": 40.78,
            "gross_margin_4q_avg": 44.22,
            "net_income": 31720,
            "revenue": 121243,
            "common_shares": 194000,
            "book_valuer_per_share": 13.38,
            "book_valuer_per_share_4q_avg": 17.51,
            "equity": 259662,
            "current_ratio": 490.63,
            "debt_ratio": 22.66,
            "inventory_turnover_ratio": 1.25,
            "account_receivable_turnover_ratio": null,
            "reinvestment_rate": null,
            "research_to_sale_ratio": null,
            "price_fair": 22,
            "eps_avg_yearly": 7.33,
            "eps_latest_yearly": 6.56,
            "eps_growth_yearly": -51.73
        },
        "20053": {
            "year_quarter": 20053,
            "year": 2005,
            "quarter": 3,
            "eps": 2.49,
            "eps_growth_year": -19.94,
            "eps_4q": 6.31,
            "eps_4q_growth_year": null,
            "roe": 16.72,
            "roe_4q": 50.06,
            "gross_profit": 67593,
            "gross_margin": 40.05,
            "gross_margin_4q_avg": 41.88,
            "net_income": 48288,
            "revenue": 168785,
            "common_shares": 204000,
            "book_valuer_per_share": 15.59,
            "book_valuer_per_share_4q_avg": 17.15,
            "equity": 317950,
            "current_ratio": 416.55,
            "debt_ratio": 23.46,
            "inventory_turnover_ratio": 1.68,
            "account_receivable_turnover_ratio": null,
            "reinvestment_rate": null,
            "research_to_sale_ratio": null,
            "price_fair": 184.02,
            "eps_avg_yearly": 7.99,
            "eps_latest_yearly": 9.96,
            "eps_growth_yearly": 13.03
        },
        "20054": {
            "year_quarter": 20054,
            "year": 2005,
            "quarter": 4,
            "eps": 3.48,
            "eps_growth_year": 110.91,
            "eps_4q": 8.77,
            "eps_4q_growth_year": null,
            "roe": 19.47,
            "roe_4q": 60.29,
            "gross_profit": 86175,
            "gross_margin": 46.18,
            "gross_margin_4q_avg": 42.04,
            "net_income": 68592,
            "revenue": 186614,
            "common_shares": 204000,
            "book_valuer_per_share": 18.95,
            "book_valuer_per_share_4q_avg": 17.21,
            "equity": 386542,
            "current_ratio": 589.09,
            "debt_ratio": 16.7,
            "inventory_turnover_ratio": 1.62,
            "account_receivable_turnover_ratio": null,
            "reinvestment_rate": null,
            "research_to_sale_ratio": null,
            "price_fair": 321.16,
            "eps_avg_yearly": 9.18,
            "eps_latest_yearly": 13.92,
            "eps_growth_yearly": 42.23
        },
        "20061": {
            "year_quarter": 20061,
            "year": 2006,
            "quarter": 1,
            "eps": 3.01,
            "eps_growth_year": 36.2,
            "eps_4q": 10.3,
            "eps_4q_growth_year": null,
            "roe": 14.71,
            "roe_4q": 63.86,
            "gross_profit": 84203,
            "gross_margin": 44.81,
            "gross_margin_4q_avg": 42.96,
            "net_income": 61378,
            "revenue": 187898,
            "common_shares": 204000,
            "book_valuer_per_share": 21.96,
            "book_valuer_per_share_4q_avg": 17.47,
            "equity": 447920,
            "current_ratio": 603.31,
            "debt_ratio": 16.24,
            "inventory_turnover_ratio": 1.73,
            "account_receivable_turnover_ratio": null,
            "reinvestment_rate": null,
            "research_to_sale_ratio": null,
            "price_fair": 337.87,
            "eps_avg_yearly": 9.65,
            "eps_latest_yearly": 12.04,
            "eps_growth_yearly": 26.19
        },
        "20062": {
            "year_quarter": 20062,
            "year": 2006,
            "quarter": 2,
            "eps": 4.51,
            "eps_growth_year": 175,
            "eps_4q": 13.24,
            "eps_4q_growth_year": 136.32,
            "roe": 20.42,
            "roe_4q": 71.32,
            "gross_profit": 107501,
            "gross_margin": 44.45,
            "gross_margin_4q_avg": 43.87,
            "net_income": 92086,
            "revenue": 241847,
            "common_shares": 204000,
            "book_valuer_per_share": 22.25,
            "book_valuer_per_share_4q_avg": 19.69,
            "equity": 453932,
            "current_ratio": 304.8,
            "debt_ratio": 31.45,
            "inventory_turnover_ratio": 1.94,
            "account_receivable_turnover_ratio": null,
            "reinvestment_rate": null,
            "research_to_sale_ratio": null,
            "price_fair": 379.8,
            "eps_avg_yearly": 10.85,
            "eps_latest_yearly": 18.04,
            "eps_growth_yearly": 50.92
        },
        "20063": {
            "year_quarter": 20063,
            "year": 2006,
            "quarter": 3,
            "eps": 3.56,
            "eps_growth_year": 42.97,
            "eps_4q": 11.64,
            "eps_4q_growth_year": 84.36,
            "roe": 13.63,
            "roe_4q": 68.23,
            "gross_profit": 115774,
            "gross_margin": 43.19,
            "gross_margin_4q_avg": 44.66,
            "net_income": 97846,
            "revenue": 268078,
            "common_shares": 296000,
            "book_valuer_per_share": 33.17,
            "book_valuer_per_share_4q_avg": 24.08,
            "equity": 981728,
            "current_ratio": 921.13,
            "debt_ratio": 10.69,
            "inventory_turnover_ratio": 2.36,
            "account_receivable_turnover_ratio": null,
            "reinvestment_rate": null,
            "research_to_sale_ratio": null,
            "price_fair": 394.63,
            "eps_avg_yearly": 11.28,
            "eps_latest_yearly": 14.24,
            "eps_growth_yearly": 34.03
        },
        "20064": {
            "year_quarter": 20064,
            "year": 2006,
            "quarter": 4,
            "eps": 3.42,
            "eps_growth_year": -1.72,
            "eps_4q": 12.38,
            "eps_4q_growth_year": 41.13,
            "roe": 9.32,
            "roe_4q": 58.080000000000005,
            "gross_profit": 121649,
            "gross_margin": 41.87,
            "gross_margin_4q_avg": 43.58,
            "net_income": 95956,
            "revenue": 290555,
            "common_shares": 296000,
            "book_valuer_per_share": 36.41,
            "book_valuer_per_share_4q_avg": 28.45,
            "equity": 1077684,
            "current_ratio": 956.48,
            "debt_ratio": 10.31,
            "inventory_turnover_ratio": 2.86,
            "account_receivable_turnover_ratio": null,
            "reinvestment_rate": null,
            "research_to_sale_ratio": null,
            "price_fair": 403.98,
            "eps_avg_yearly": 11.54,
            "eps_latest_yearly": 13.68,
            "eps_growth_yearly": 28.5
        },
        "20071": {
            "year_quarter": 20071,
            "year": 2007,
            "quarter": 1,
            "eps": 2.34,
            "eps_growth_year": -22.26,
            "eps_4q": 12.02,
            "eps_4q_growth_year": 16.69,
            "roe": 6.22,
            "roe_4q": 49.59,
            "gross_profit": 93611,
            "gross_margin": 42.62,
            "gross_margin_4q_avg": 43.03,
            "net_income": 69135,
            "revenue": 219657,
            "common_shares": 296000,
            "book_valuer_per_share": 38.74,
            "book_valuer_per_share_4q_avg": 32.64,
            "equity": 1146819,
            "current_ratio": 1182.83,
            "debt_ratio": 8.38,
            "inventory_turnover_ratio": 1.88,
            "account_receivable_turnover_ratio": null,
            "reinvestment_rate": null,
            "research_to_sale_ratio": null,
            "price_fair": 260.65,
            "eps_avg_yearly": 11.32,
            "eps_latest_yearly": 9.36,
            "eps_growth_yearly": 13.02
        },
        "20072": {
            "year_quarter": 20072,
            "year": 2007,
            "quarter": 2,
            "eps": 1.78,
            "eps_growth_year": -60.53,
            "eps_4q": 10.67,
            "eps_4q_growth_year": -19.4,
            "roe": 5.04,
            "roe_4q": 34.21,
            "gross_profit": 86858,
            "gross_margin": 38.81,
            "gross_margin_4q_avg": 41.62,
            "net_income": 52637,
            "revenue": 223785,
            "common_shares": 296000,
            "book_valuer_per_share": 31.84,
            "book_valuer_per_share_4q_avg": 35.04,
            "equity": 942367,
            "current_ratio": 338.08,
            "debt_ratio": 28.76,
            "inventory_turnover_ratio": 1.47,
            "account_receivable_turnover_ratio": null,
            "reinvestment_rate": null,
            "research_to_sale_ratio": null,
            "price_fair": 143.68,
            "eps_avg_yearly": 10.94,
            "eps_latest_yearly": 7.12,
            "eps_growth_yearly": 3.13
        },
        "20073": {
            "year_quarter": 20073,
            "year": 2007,
            "quarter": 3,
            "eps": 2.39,
            "eps_growth_year": -32.87,
            "eps_4q": 8.13,
            "eps_4q_growth_year": -30.11,
            "roe": 9.17,
            "roe_4q": 29.75,
            "gross_profit": 124800,
            "gross_margin": 39.88,
            "gross_margin_4q_avg": 40.8,
            "net_income": 90588,
            "revenue": 312960,
            "common_shares": 379570,
            "book_valuer_per_share": 27.21,
            "book_valuer_per_share_4q_avg": 33.55,
            "equity": 1032955,
            "current_ratio": 654.08,
            "debt_ratio": 14.94,
            "inventory_turnover_ratio": 1.7,
            "account_receivable_turnover_ratio": null,
            "reinvestment_rate": null,
            "research_to_sale_ratio": null,
            "price_fair": 263.02,
            "eps_avg_yearly": 10.83,
            "eps_latest_yearly": 9.56,
            "eps_growth_yearly": 14.29
        },
        "20074": {
            "year_quarter": 20074,
            "year": 2007,
            "quarter": 4,
            "eps": 3.16,
            "eps_growth_year": -7.6,
            "eps_4q": 8.76,
            "eps_4q_growth_year": -29.2,
            "roe": 11.05,
            "roe_4q": 31.479999999999997,
            "gross_profit": 154179,
            "gross_margin": 41.18,
            "gross_margin_4q_avg": 40.62,
            "net_income": 119777,
            "revenue": 374361,
            "common_shares": 379570,
            "book_valuer_per_share": 29.89,
            "book_valuer_per_share_4q_avg": 31.92,
            "equity": 1134443,
            "current_ratio": 865.02,
            "debt_ratio": 11.17,
            "inventory_turnover_ratio": 2.21,
            "account_receivable_turnover_ratio": null,
            "reinvestment_rate": null,
            "research_to_sale_ratio": null,
            "price_fair": 363.06,
            "eps_avg_yearly": 10.97,
            "eps_latest_yearly": 12.64,
            "eps_growth_yearly": 23.11
        },
        "20081": {
            "year_quarter": 20081,
            "year": 2008,
            "quarter": 1,
            "eps": 1.5,
            "eps_growth_year": -35.9,
            "eps_4q": 8.44,
            "eps_4q_growth_year": -29.77,
            "roe": 5.14,
            "roe_4q": 30.4,
            "gross_profit": 122275,
            "gross_margin": 38.22,
            "gross_margin_4q_avg": 39.52,
            "net_income": 56848,
            "revenue": 319930,
            "common_shares": 379570,
            "book_valuer_per_share": 28.37,
            "book_valuer_per_share_4q_avg": 29.33,
            "equity": 1076999,
            "current_ratio": 735.84,
            "debt_ratio": 12.99,
            "inventory_turnover_ratio": 2,
            "account_receivable_turnover_ratio": null,
            "reinvestment_rate": null,
            "research_to_sale_ratio": null,
            "price_fair": 174.53,
            "eps_avg_yearly": 10.61,
            "eps_latest_yearly": 6,
            "eps_growth_yearly": 6.45
        },
        "20082": {
            "year_quarter": 20082,
            "year": 2008,
            "quarter": 2,
            "eps": 2.05,
            "eps_growth_year": 15.17,
            "eps_4q": 8.87,
            "eps_4q_growth_year": -16.89,
            "roe": 8.23,
            "roe_4q": 33.59,
            "gross_profit": 132536,
            "gross_margin": 39.98,
            "gross_margin_4q_avg": 39.82,
            "net_income": 80327,
            "revenue": 331471,
            "common_shares": 379570,
            "book_valuer_per_share": 23.05,
            "book_valuer_per_share_4q_avg": 27.13,
            "equity": 874848,
            "current_ratio": 293.5,
            "debt_ratio": 42.17,
            "inventory_turnover_ratio": 1.97,
            "account_receivable_turnover_ratio": null,
            "reinvestment_rate": 2.85,
            "research_to_sale_ratio": null,
            "price_fair": 269.58,
            "eps_avg_yearly": 10.45,
            "eps_latest_yearly": 8.2,
            "eps_growth_yearly": 15.8
        },
        "20083": {
            "year_quarter": 20083,
            "year": 2008,
            "quarter": 3,
            "eps": 2.56,
            "eps_growth_year": 7.11,
            "eps_4q": 9.15,
            "eps_4q_growth_year": 12.43,
            "roe": 10.8,
            "roe_4q": 35.22,
            "gross_profit": 114459,
            "gross_margin": 40.66,
            "gross_margin_4q_avg": 40.01,
            "net_income": 99887,
            "revenue": 281480,
            "common_shares": 398261,
            "book_valuer_per_share": 24.47,
            "book_valuer_per_share_4q_avg": 26.45,
            "equity": 974735,
            "current_ratio": 625.99,
            "debt_ratio": 26.08,
            "inventory_turnover_ratio": 1.85,
            "account_receivable_turnover_ratio": null,
            "reinvestment_rate": 1.53,
            "research_to_sale_ratio": null,
            "price_fair": 323.85,
            "eps_avg_yearly": 10.44,
            "eps_latest_yearly": 10.24,
            "eps_growth_yearly": 21.03
        },
        "20084": {
            "year_quarter": 20084,
            "year": 2008,
            "quarter": 4,
            "eps": 0.61,
            "eps_growth_year": -80.7,
            "eps_4q": 6.72,
            "eps_4q_growth_year": -23.36,
            "roe": 2.4,
            "roe_4q": 26.57,
            "gross_profit": 54981,
            "gross_margin": 41.47,
            "gross_margin_4q_avg": 40.08,
            "net_income": 23686,
            "revenue": 132582,
            "common_shares": 398261,
            "book_valuer_per_share": 25.1,
            "book_valuer_per_share_4q_avg": 25.25,
            "equity": 999558,
            "current_ratio": 924.17,
            "debt_ratio": 16.58,
            "inventory_turnover_ratio": 1.05,
            "account_receivable_turnover_ratio": 1.8,
            "reinvestment_rate": 1.67,
            "research_to_sale_ratio": null,
            "price_fair": 241.42,
            "eps_avg_yearly": 10.18,
            "eps_latest_yearly": 2.44,
            "eps_growth_yearly": 13.72
        },
        "20091": {
            "year_quarter": 20091,
            "year": 2009,
            "quarter": 1,
            "eps": 0.29,
            "eps_growth_year": -80.67,
            "eps_4q": 5.57,
            "eps_4q_growth_year": -33.97,
            "roe": 1.11,
            "roe_4q": 22.54,
            "gross_profit": 38730,
            "gross_margin": 36.3,
            "gross_margin_4q_avg": 39.6,
            "net_income": 11194,
            "revenue": 106689,
            "common_shares": 398261,
            "book_valuer_per_share": 25.38,
            "book_valuer_per_share_4q_avg": 24.5,
            "equity": 1010752,
            "current_ratio": 767.48,
            "debt_ratio": 16.18,
            "inventory_turnover_ratio": 1.07,
            "account_receivable_turnover_ratio": 0.86,
            "reinvestment_rate": 1.45,
            "research_to_sale_ratio": null,
            "price_fair": 29.09,
            "eps_avg_yearly": 9.7,
            "eps_latest_yearly": 1.16,
            "eps_growth_yearly": -7.88
        },
        "20092": {
            "year_quarter": 20092,
            "year": 2009,
            "quarter": 2,
            "eps": 0.76,
            "eps_growth_year": -62.93,
            "eps_4q": 4.24,
            "eps_4q_growth_year": -52.23,
            "roe": 3.17,
            "roe_4q": 17.48,
            "gross_profit": 85279,
            "gross_margin": 38.06,
            "gross_margin_4q_avg": 39.12,
            "net_income": 29459,
            "revenue": 224083,
            "common_shares": 398261,
            "book_valuer_per_share": 21.27,
            "book_valuer_per_share_4q_avg": 24.06,
            "equity": 847136,
            "current_ratio": 216.27,
            "debt_ratio": 34.65,
            "inventory_turnover_ratio": 2.3,
            "account_receivable_turnover_ratio": 1.57,
            "reinvestment_rate": 22.14,
            "research_to_sale_ratio": null,
            "price_fair": 331.71,
            "eps_avg_yearly": 9.48,
            "eps_latest_yearly": 3.04,
            "eps_growth_yearly": 39.09
        },
        "20093": {
            "year_quarter": 20093,
            "year": 2009,
            "quarter": 3,
            "eps": 1.28,
            "eps_growth_year": -50,
            "eps_4q": 2.94,
            "eps_4q_growth_year": -67.85,
            "roe": 5.69,
            "roe_4q": 12.37,
            "gross_profit": 111236,
            "gross_margin": 38.86,
            "gross_margin_4q_avg": 38.67,
            "net_income": 49612,
            "revenue": 286280,
            "common_shares": 398261,
            "book_valuer_per_share": 22.52,
            "book_valuer_per_share_4q_avg": 23.57,
            "equity": 896748,
            "current_ratio": 295.05,
            "debt_ratio": 24.68,
            "inventory_turnover_ratio": 2.84,
            "account_receivable_turnover_ratio": 1.41,
            "reinvestment_rate": 22.76,
            "research_to_sale_ratio": null,
            "price_fair": 321.13,
            "eps_avg_yearly": 9.18,
            "eps_latest_yearly": 5.12,
            "eps_growth_yearly": 43.23
        },
        "20094": {
            "year_quarter": 20094,
            "year": 2009,
            "quarter": 4,
            "eps": 0.64,
            "eps_growth_year": 4.92,
            "eps_4q": 2.98,
            "eps_4q_growth_year": -55.61,
            "roe": 2.73,
            "roe_4q": 12.7,
            "gross_profit": 69895,
            "gross_margin": 38.22,
            "gross_margin_4q_avg": 37.86,
            "net_income": 24840,
            "revenue": 182875,
            "common_shares": 398261,
            "book_valuer_per_share": 23.87,
            "book_valuer_per_share_4q_avg": 23.26,
            "equity": 921588,
            "current_ratio": 389.07,
            "debt_ratio": 17.92,
            "inventory_turnover_ratio": 1.82,
            "account_receivable_turnover_ratio": 2.23,
            "reinvestment_rate": 24.46,
            "research_to_sale_ratio": null,
            "price_fair": 260.68,
            "eps_avg_yearly": 8.47,
            "eps_latest_yearly": 2.56,
            "eps_growth_yearly": 20.8
        },
        "20101": {
            "year_quarter": 20101,
            "year": 2010,
            "quarter": 1,
            "eps": 1.25,
            "eps_growth_year": 331.03,
            "eps_4q": 3.94,
            "eps_4q_growth_year": -29.21,
            "roe": 5.12,
            "roe_4q": 16.71,
            "gross_profit": 110826,
            "gross_margin": 37.58,
            "gross_margin_4q_avg": 38.18,
            "net_income": 48403,
            "revenue": 294874,
            "common_shares": 398261,
            "book_valuer_per_share": 25.12,
            "book_valuer_per_share_4q_avg": 23.2,
            "equity": 969991,
            "current_ratio": 318.75,
            "debt_ratio": 22.98,
            "inventory_turnover_ratio": 2.94,
            "account_receivable_turnover_ratio": 1.57,
            "reinvestment_rate": 24.54,
            "research_to_sale_ratio": 8.38,
            "price_fair": 280.88,
            "eps_avg_yearly": 8.03,
            "eps_latest_yearly": 5,
            "eps_growth_yearly": 48
        },
        "20102": {
            "year_quarter": 20102,
            "year": 2010,
            "quarter": 2,
            "eps": 1.57,
            "eps_growth_year": 106.22,
            "eps_4q": 4.75,
            "eps_4q_growth_year": 12.08,
            "roe": 6.29,
            "roe_4q": 19.830000000000002,
            "gross_profit": 131489,
            "gross_margin": 37.1,
            "gross_margin_4q_avg": 37.94,
            "net_income": 60520,
            "revenue": 354392,
            "common_shares": 398261,
            "book_valuer_per_share": 24.69,
            "book_valuer_per_share_4q_avg": 24.05,
            "equity": 953281,
            "current_ratio": 261.16,
            "debt_ratio": 29.46,
            "inventory_turnover_ratio": 3.07,
            "account_receivable_turnover_ratio": 1.45,
            "reinvestment_rate": 25.21,
            "research_to_sale_ratio": 10.62,
            "price_fair": 255.15,
            "eps_avg_yearly": 7.29,
            "eps_latest_yearly": 6.28,
            "eps_growth_yearly": 41.94
        },
        "20103": {
            "year_quarter": 20103,
            "year": 2010,
            "quarter": 3,
            "eps": 1.54,
            "eps_growth_year": 20.39,
            "eps_4q": 5.01,
            "eps_4q_growth_year": 70.24,
            "roe": 6.05,
            "roe_4q": 20.19,
            "gross_profit": 128003,
            "gross_margin": 38.07,
            "gross_margin_4q_avg": 37.74,
            "net_income": 59508,
            "revenue": 336241,
            "common_shares": 398261,
            "book_valuer_per_share": 26.23,
            "book_valuer_per_share_4q_avg": 24.98,
            "equity": 1012789,
            "current_ratio": 387.95,
            "debt_ratio": 18.97,
            "inventory_turnover_ratio": 2.75,
            "account_receivable_turnover_ratio": 1.25,
            "reinvestment_rate": 25.84,
            "research_to_sale_ratio": 11.48,
            "price_fair": 237.48,
            "eps_avg_yearly": 6.79,
            "eps_latest_yearly": 6.16,
            "eps_growth_yearly": 46.73
        },
        "20104": {
            "year_quarter": 20104,
            "year": 2010,
            "quarter": 4,
            "eps": 0.48,
            "eps_growth_year": -24.7,
            "eps_4q": 4.84,
            "eps_4q_growth_year": 62.5,
            "roe": 1.82,
            "roe_4q": 19.28,
            "gross_profit": 83603,
            "gross_margin": 32.41,
            "gross_margin_4q_avg": 36.29,
            "net_income": 18609,
            "revenue": 257955,
            "common_shares": 397151,
            "book_valuer_per_share": 26.71,
            "book_valuer_per_share_4q_avg": 25.69,
            "equity": 1031398,
            "current_ratio": 405.37,
            "debt_ratio": 18.07,
            "inventory_turnover_ratio": 2.19,
            "account_receivable_turnover_ratio": 1.12,
            "reinvestment_rate": 27.73,
            "research_to_sale_ratio": 12.95,
            "price_fair": 211.75,
            "eps_avg_yearly": 6.05,
            "eps_latest_yearly": 1.92,
            "eps_growth_yearly": 30.5
        },
        "20111": {
            "year_quarter": 20111,
            "year": 2011,
            "quarter": 1,
            "eps": 1.14,
            "eps_growth_year": -8.8,
            "eps_4q": 4.73,
            "eps_4q_growth_year": 19.96,
            "roe": 4.18,
            "roe_4q": 18.34,
            "gross_profit": 101933,
            "gross_margin": 30.51,
            "gross_margin_4q_avg": 34.52,
            "net_income": 44084,
            "revenue": 334128,
            "common_shares": 386151,
            "book_valuer_per_share": 27.85,
            "book_valuer_per_share_4q_avg": 26.37,
            "equity": 1075482,
            "current_ratio": 358.85,
            "debt_ratio": 21.01,
            "inventory_turnover_ratio": 2.1,
            "account_receivable_turnover_ratio": 1.5,
            "reinvestment_rate": 28.56,
            "research_to_sale_ratio": 11.69,
            "price_fair": 201.25,
            "eps_avg_yearly": 5.75,
            "eps_latest_yearly": 4.56,
            "eps_growth_yearly": 72.77
        },
        "20112": {
            "year_quarter": 20112,
            "year": 2011,
            "quarter": 2,
            "eps": 0.56,
            "eps_growth_year": -64.13,
            "eps_4q": 3.73,
            "eps_4q_growth_year": -21.52,
            "roe": 2.12,
            "roe_4q": 14.169999999999998,
            "gross_profit": 83262,
            "gross_margin": 26.78,
            "gross_margin_4q_avg": 31.94,
            "net_income": 21707,
            "revenue": 310902,
            "common_shares": 386151,
            "book_valuer_per_share": 25.21,
            "book_valuer_per_share_4q_avg": 26.5,
            "equity": 973621,
            "current_ratio": 293.84,
            "debt_ratio": 25.27,
            "inventory_turnover_ratio": 2.3,
            "account_receivable_turnover_ratio": 1.24,
            "reinvestment_rate": 29.42,
            "research_to_sale_ratio": 11.04,
            "price_fair": 190.58,
            "eps_avg_yearly": 5.45,
            "eps_latest_yearly": 2.24,
            "eps_growth_yearly": 66.04
        },
        "20113": {
            "year_quarter": 20113,
            "year": 2011,
            "quarter": 3,
            "eps": 0.91,
            "eps_growth_year": -40.98,
            "eps_4q": 3.1,
            "eps_4q_growth_year": -38.16,
            "roe": 3.54,
            "roe_4q": 11.66,
            "gross_profit": 70507,
            "gross_margin": 30.3,
            "gross_margin_4q_avg": 30,
            "net_income": 35123,
            "revenue": 232709,
            "common_shares": 386151,
            "book_valuer_per_share": 26.12,
            "book_valuer_per_share_4q_avg": 26.47,
            "equity": 1008744,
            "current_ratio": 393.24,
            "debt_ratio": 18.46,
            "inventory_turnover_ratio": 2.1,
            "account_receivable_turnover_ratio": 0.99,
            "reinvestment_rate": 32.3,
            "research_to_sale_ratio": 16.48,
            "price_fair": 177.63,
            "eps_avg_yearly": 5.08,
            "eps_latest_yearly": 3.64,
            "eps_growth_yearly": 73.1
        },
        "20114": {
            "year_quarter": 20114,
            "year": 2011,
            "quarter": 4,
            "eps": 0.1,
            "eps_growth_year": -80.05,
            "eps_4q": 2.71,
            "eps_4q_growth_year": -44.06,
            "roe": 0.37,
            "roe_4q": 10.21,
            "gross_profit": 58527,
            "gross_margin": 29.51,
            "gross_margin_4q_avg": 29.28,
            "net_income": 3712,
            "revenue": 198315,
            "common_shares": 386151,
            "book_valuer_per_share": 26.22,
            "book_valuer_per_share_4q_avg": 26.35,
            "equity": 1012456,
            "current_ratio": 533.68,
            "debt_ratio": 13.5,
            "inventory_turnover_ratio": 1.64,
            "account_receivable_turnover_ratio": 0.98,
            "reinvestment_rate": 37.06,
            "research_to_sale_ratio": 18,
            "price_fair": 150.85,
            "eps_avg_yearly": 4.31,
            "eps_latest_yearly": 0.4,
            "eps_growth_yearly": 42.79
        },
        "20121": {
            "year_quarter": 20121,
            "year": 2012,
            "quarter": 1,
            "eps": 0.5,
            "eps_growth_year": -56.14,
            "eps_4q": 2.06,
            "eps_4q_growth_year": -56.39,
            "roe": 1.87,
            "roe_4q": 7.9,
            "gross_profit": 89844,
            "gross_margin": 30.75,
            "gross_margin_4q_avg": 29.34,
            "net_income": 19147,
            "revenue": 292207,
            "common_shares": 386151,
            "book_valuer_per_share": 26.72,
            "book_valuer_per_share_4q_avg": 26.07,
            "equity": 1031603,
            "current_ratio": 442.42,
            "debt_ratio": 16.83,
            "inventory_turnover_ratio": 2.28,
            "account_receivable_turnover_ratio": 1.36,
            "reinvestment_rate": 37.39,
            "research_to_sale_ratio": 13.04,
            "price_fair": 142.1,
            "eps_avg_yearly": 4.06,
            "eps_latest_yearly": 2,
            "eps_growth_yearly": 155.92
        },
        "20122": {
            "year_quarter": 20122,
            "year": 2012,
            "quarter": 2,
            "eps": 0.85,
            "eps_growth_year": 51.24,
            "eps_4q": 2.35,
            "eps_4q_growth_year": -36.9,
            "roe": 3.2,
            "roe_4q": 8.98,
            "gross_profit": 102685,
            "gross_margin": 27.5,
            "gross_margin_4q_avg": 29.52,
            "net_income": 32829,
            "revenue": 373343,
            "common_shares": 386151,
            "book_valuer_per_share": 26.37,
            "book_valuer_per_share_4q_avg": 26.36,
            "equity": 1018094,
            "current_ratio": 315.99,
            "debt_ratio": 24.32,
            "inventory_turnover_ratio": 2.42,
            "account_receivable_turnover_ratio": 1.47,
            "reinvestment_rate": 39.84,
            "research_to_sale_ratio": 10.52,
            "price_fair": 131.6,
            "eps_avg_yearly": 3.76,
            "eps_latest_yearly": 3.4,
            "eps_growth_yearly": 164.25
        },
        "20123": {
            "year_quarter": 20123,
            "year": 2012,
            "quarter": 3,
            "eps": 0.56,
            "eps_growth_year": -38.76,
            "eps_4q": 2,
            "eps_4q_growth_year": -35.41,
            "roe": 2.09,
            "roe_4q": 7.53,
            "gross_profit": 75851,
            "gross_margin": 24.83,
            "gross_margin_4q_avg": 28.15,
            "net_income": 21509,
            "revenue": 305473,
            "common_shares": 386151,
            "book_valuer_per_share": 26.92,
            "book_valuer_per_share_4q_avg": 26.56,
            "equity": 1039603,
            "current_ratio": 429.72,
            "debt_ratio": 17.78,
            "inventory_turnover_ratio": 1.71,
            "account_receivable_turnover_ratio": 1.2,
            "reinvestment_rate": 45.83,
            "research_to_sale_ratio": 12.46,
            "price_fair": 114.1,
            "eps_avg_yearly": 3.26,
            "eps_latest_yearly": 2.24,
            "eps_growth_yearly": 149.51
        },
        "20124": {
            "year_quarter": 20124,
            "year": 2012,
            "quarter": 4,
            "eps": 0.41,
            "eps_growth_year": 330.36,
            "eps_4q": 2.32,
            "eps_4q_growth_year": -14.5,
            "roe": 1.52,
            "roe_4q": 8.68,
            "gross_profit": 65457,
            "gross_margin": 24.14,
            "gross_margin_4q_avg": 26.81,
            "net_income": 15975,
            "revenue": 271105,
            "common_shares": 386151,
            "book_valuer_per_share": 27.34,
            "book_valuer_per_share_4q_avg": 26.84,
            "equity": 1055578,
            "current_ratio": 505.56,
            "debt_ratio": 15.63,
            "inventory_turnover_ratio": 1.59,
            "account_receivable_turnover_ratio": 1.09,
            "reinvestment_rate": 45.98,
            "research_to_sale_ratio": 10.65,
            "price_fair": 112.35,
            "eps_avg_yearly": 3.21,
            "eps_latest_yearly": 1.64,
            "eps_growth_yearly": 161.85
        },
        "20131": {
            "year_quarter": 20131,
            "year": 2013,
            "quarter": 1,
            "eps": 0.62,
            "eps_growth_year": 24,
            "eps_4q": 2.44,
            "eps_4q_growth_year": 18.16,
            "roe": 2.24,
            "roe_4q": 9.05,
            "gross_profit": 70420,
            "gross_margin": 24.07,
            "gross_margin_4q_avg": 25.14,
            "net_income": 23849,
            "revenue": 292528,
            "common_shares": 386151,
            "book_valuer_per_share": 27.83,
            "book_valuer_per_share_4q_avg": 27.12,
            "equity": 1074489,
            "current_ratio": 409.84,
            "debt_ratio": 18.89,
            "inventory_turnover_ratio": 1.68,
            "account_receivable_turnover_ratio": 0.98,
            "reinvestment_rate": 44.66,
            "research_to_sale_ratio": 13.24,
            "price_fair": 115.24,
            "eps_avg_yearly": 3.29,
            "eps_latest_yearly": 2.48,
            "eps_growth_yearly": 187.77
        },
        "20132": {
            "year_quarter": 20132,
            "year": 2013,
            "quarter": 2,
            "eps": 0.27,
            "eps_growth_year": -68.24,
            "eps_4q": 1.86,
            "eps_4q_growth_year": -20.9,
            "roe": 0.99,
            "roe_4q": 6.84,
            "gross_profit": 68318,
            "gross_margin": 25.19,
            "gross_margin_4q_avg": 24.56,
            "net_income": 10501,
            "revenue": 271192,
            "common_shares": 386151,
            "book_valuer_per_share": 26.9,
            "book_valuer_per_share_4q_avg": 27.25,
            "equity": 1038652,
            "current_ratio": 415.7,
            "debt_ratio": 18.49,
            "inventory_turnover_ratio": 1.6,
            "account_receivable_turnover_ratio": 0.84,
            "reinvestment_rate": -0.41,
            "research_to_sale_ratio": 14.44,
            "price_fair": 110.95,
            "eps_avg_yearly": 3.17,
            "eps_latest_yearly": 1.08,
            "eps_growth_yearly": 133.14
        },
        "20133": {
            "year_quarter": 20133,
            "year": 2013,
            "quarter": 3,
            "eps": 0.35,
            "eps_growth_year": -37.16,
            "eps_4q": 1.66,
            "eps_4q_growth_year": -17.12,
            "roe": 1.31,
            "roe_4q": 6.0600000000000005,
            "gross_profit": 70602,
            "gross_margin": 26.4,
            "gross_margin_4q_avg": 24.95,
            "net_income": 13653,
            "revenue": 267465,
            "common_shares": 386151,
            "book_valuer_per_share": 27.25,
            "book_valuer_per_share_4q_avg": 27.33,
            "equity": 1052305,
            "current_ratio": 434.08,
            "debt_ratio": 17.69,
            "inventory_turnover_ratio": 1.64,
            "account_receivable_turnover_ratio": 0.88,
            "reinvestment_rate": -2.46,
            "research_to_sale_ratio": 11.41,
            "price_fair": 102.81,
            "eps_avg_yearly": 2.94,
            "eps_latest_yearly": 1.4,
            "eps_growth_yearly": 123.44
        },
        "20134": {
            "year_quarter": 20134,
            "year": 2013,
            "quarter": 4,
            "eps": 0.46,
            "eps_growth_year": 10.65,
            "eps_4q": 1.7,
            "eps_4q_growth_year": -26.58,
            "roe": 1.66,
            "roe_4q": 6.2,
            "gross_profit": 75233,
            "gross_margin": 25.31,
            "gross_margin_4q_avg": 25.24,
            "net_income": 17677,
            "revenue": 297222,
            "common_shares": 386151,
            "book_valuer_per_share": 27.77,
            "book_valuer_per_share_4q_avg": 27.44,
            "equity": 1072292,
            "current_ratio": 504.44,
            "debt_ratio": 34.28,
            "inventory_turnover_ratio": 1.52,
            "account_receivable_turnover_ratio": 0.91,
            "reinvestment_rate": -4.55,
            "research_to_sale_ratio": 11.23,
            "price_fair": 101.24,
            "eps_avg_yearly": 2.89,
            "eps_latest_yearly": 1.84,
            "eps_growth_yearly": 143.8
        },
        "20141": {
            "year_quarter": 20141,
            "year": 2014,
            "quarter": 1,
            "eps": 0.55,
            "eps_growth_year": -11.29,
            "eps_4q": 1.63,
            "eps_4q_growth_year": -33.11,
            "roe": 1.95,
            "roe_4q": 5.91,
            "gross_profit": 66842,
            "gross_margin": 23.94,
            "gross_margin_4q_avg": 25.21,
            "net_income": 21153,
            "revenue": 279175,
            "common_shares": 386151,
            "book_valuer_per_share": 28.32,
            "book_valuer_per_share_4q_avg": 27.56,
            "equity": 1093445,
            "current_ratio": 578.09,
            "debt_ratio": 31.29,
            "inventory_turnover_ratio": 1.34,
            "account_receivable_turnover_ratio": 0.85,
            "reinvestment_rate": -4.86,
            "research_to_sale_ratio": 12.14,
            "price_fair": 95.11,
            "eps_avg_yearly": 2.72,
            "eps_latest_yearly": 2.2,
            "eps_growth_yearly": 124.86
        },
        "20142": {
            "year_quarter": 20142,
            "year": 2014,
            "quarter": 2,
            "eps": 0.2,
            "eps_growth_year": -25.93,
            "eps_4q": 1.56,
            "eps_4q_growth_year": -16.04,
            "roe": 0.73,
            "roe_4q": 5.65,
            "gross_profit": 66444,
            "gross_margin": 25.85,
            "gross_margin_4q_avg": 25.38,
            "net_income": 7830,
            "revenue": 257018,
            "common_shares": 386151,
            "book_valuer_per_share": 27.32,
            "book_valuer_per_share_4q_avg": 27.67,
            "equity": 1054937,
            "current_ratio": 493.48,
            "debt_ratio": 33.45,
            "inventory_turnover_ratio": 1.28,
            "account_receivable_turnover_ratio": 0.92,
            "reinvestment_rate": -5.61,
            "research_to_sale_ratio": 13.4,
            "price_fair": 83.13,
            "eps_avg_yearly": 2.38,
            "eps_latest_yearly": 0.8,
            "eps_growth_yearly": 102.56
        },
        "20143": {
            "year_quarter": 20143,
            "year": 2014,
            "quarter": 3,
            "eps": 0.47,
            "eps_growth_year": 34.29,
            "eps_4q": 1.68,
            "eps_4q_growth_year": 1.51,
            "roe": 1.72,
            "roe_4q": 6.0600000000000005,
            "gross_profit": 63855,
            "gross_margin": 24.89,
            "gross_margin_4q_avg": 25,
            "net_income": 18283,
            "revenue": 256556,
            "common_shares": 386151,
            "book_valuer_per_share": 27.79,
            "book_valuer_per_share_4q_avg": 27.8,
            "equity": 1073220,
            "current_ratio": 518.08,
            "debt_ratio": 32.62,
            "inventory_turnover_ratio": 1.21,
            "account_receivable_turnover_ratio": 0.98,
            "reinvestment_rate": -6.53,
            "research_to_sale_ratio": 13.04,
            "price_fair": 73.76,
            "eps_avg_yearly": 2.11,
            "eps_latest_yearly": 1.88,
            "eps_growth_yearly": 136.78
        },
        "20144": {
            "year_quarter": 20144,
            "year": 2014,
            "quarter": 4,
            "eps": 0.79,
            "eps_growth_year": 72.76,
            "eps_4q": 2.01,
            "eps_4q_growth_year": 18.46,
            "roe": 2.81,
            "roe_4q": 7.21,
            "gross_profit": 68810,
            "gross_margin": 25.95,
            "gross_margin_4q_avg": 25.16,
            "net_income": 30539,
            "revenue": 265185,
            "common_shares": 386151,
            "book_valuer_per_share": 28.52,
            "book_valuer_per_share_4q_avg": 27.99,
            "equity": 1101189,
            "current_ratio": 583.34,
            "debt_ratio": 31.16,
            "inventory_turnover_ratio": 1.03,
            "account_receivable_turnover_ratio": 1.05,
            "reinvestment_rate": -4.38,
            "research_to_sale_ratio": 10.86,
            "price_fair": 76.48,
            "eps_avg_yearly": 2.19,
            "eps_latest_yearly": 3.16,
            "eps_growth_yearly": 171.01
        },
        "20151": {
            "year_quarter": 20151,
            "year": 2015,
            "quarter": 1,
            "eps": 0.33,
            "eps_growth_year": -40,
            "eps_4q": 1.78,
            "eps_4q_growth_year": 9.43,
            "roe": 1.15,
            "roe_4q": 6.41,
            "gross_profit": 57736,
            "gross_margin": 25.44,
            "gross_margin_4q_avg": 25.53,
            "net_income": 12833,
            "revenue": 226924,
            "common_shares": 389306,
            "book_valuer_per_share": 28.82,
            "book_valuer_per_share_4q_avg": 28.11,
            "equity": 1122085,
            "current_ratio": 563.88,
            "debt_ratio": 29.04,
            "inventory_turnover_ratio": 0.83,
            "account_receivable_turnover_ratio": 1.05,
            "reinvestment_rate": 99.1,
            "research_to_sale_ratio": 11.88,
            "price_fair": 69.39,
            "eps_avg_yearly": 1.98,
            "eps_latest_yearly": 1.32,
            "eps_growth_yearly": 122.08
        },
        "20152": {
            "year_quarter": 20152,
            "year": 2015,
            "quarter": 2,
            "eps": 0.11,
            "eps_growth_year": -45,
            "eps_4q": 1.69,
            "eps_4q_growth_year": 8.3,
            "roe": 0.39,
            "roe_4q": 6.069999999999999,
            "gross_profit": 48757,
            "gross_margin": 20.36,
            "gross_margin_4q_avg": 24.16,
            "net_income": 4195,
            "revenue": 239492,
            "common_shares": 389306,
            "book_valuer_per_share": 26.94,
            "book_valuer_per_share_4q_avg": 28.02,
            "equity": 1048918,
            "current_ratio": 346.83,
            "debt_ratio": 35.73,
            "inventory_turnover_ratio": 0.95,
            "account_receivable_turnover_ratio": 1.21,
            "reinvestment_rate": 105.69,
            "research_to_sale_ratio": 11.38,
            "price_fair": 65.45,
            "eps_avg_yearly": 1.87,
            "eps_latest_yearly": 0.44,
            "eps_growth_yearly": 118.13
        },
        "20153": {
            "year_quarter": 20153,
            "year": 2015,
            "quarter": 3,
            "eps": -0.3,
            "eps_growth_year": -163.83,
            "eps_4q": 0.92,
            "eps_4q_growth_year": -45.47,
            "roe": -1.14,
            "roe_4q": 3.21,
            "gross_profit": 22130,
            "gross_margin": 11.03,
            "gross_margin_4q_avg": 20.7,
            "net_income": -11862,
            "revenue": 200548,
            "common_shares": 389306,
            "book_valuer_per_share": 26.65,
            "book_valuer_per_share_4q_avg": 27.73,
            "equity": 1037382,
            "current_ratio": 421.93,
            "debt_ratio": 33.15,
            "inventory_turnover_ratio": 0.79,
            "account_receivable_turnover_ratio": 1.03,
            "reinvestment_rate": 122.38,
            "research_to_sale_ratio": 12.78,
            "price_fair": 61.32,
            "eps_avg_yearly": 1.75,
            "eps_latest_yearly": 0.44,
            "eps_growth_yearly": 109.34
        },
        "20154": {
            "year_quarter": 20154,
            "year": 2015,
            "quarter": 4,
            "eps": -0.12,
            "eps_growth_year": -115.57,
            "eps_4q": 0.01,
            "eps_4q_growth_year": -99.53,
            "roe": -0.46,
            "roe_4q": -0.06000000000000005,
            "gross_profit": 44760,
            "gross_margin": 19.42,
            "gross_margin_4q_avg": 19.06,
            "net_income": -4795,
            "revenue": 230474,
            "common_shares": 389306,
            "book_valuer_per_share": 26.52,
            "book_valuer_per_share_4q_avg": 27.23,
            "equity": 1032401,
            "current_ratio": 189.62,
            "debt_ratio": 29.16,
            "inventory_turnover_ratio": 0.79,
            "account_receivable_turnover_ratio": 1.31,
            "reinvestment_rate": 141.91,
            "research_to_sale_ratio": 7.53,
            "price_fair": 64.7,
            "eps_avg_yearly": 1.85,
            "eps_latest_yearly": 0.44,
            "eps_growth_yearly": 142.58
        },
        "20161": {
            "year_quarter": 20161,
            "year": 2016,
            "quarter": 1,
            "eps": 0.11,
            "eps_growth_year": -66.67,
            "eps_4q": -0.21,
            "eps_4q_growth_year": -111.72,
            "roe": 0.42,
            "roe_4q": -0.7899999999999999,
            "gross_profit": 52351,
            "gross_margin": 18.71,
            "gross_margin_4q_avg": 17.38,
            "net_income": 4320,
            "revenue": 279780,
            "common_shares": 389306,
            "book_valuer_per_share": 26.63,
            "book_valuer_per_share_4q_avg": 26.69,
            "equity": 1036714,
            "current_ratio": 178.36,
            "debt_ratio": 32.01,
            "inventory_turnover_ratio": 1.13,
            "account_receivable_turnover_ratio": 1.53,
            "reinvestment_rate": 150.84,
            "research_to_sale_ratio": 9.68,
            "price_fair": 64.29,
            "eps_avg_yearly": 1.84,
            "eps_latest_yearly": 0.44,
            "eps_growth_yearly": 30.47
        },
        "20162": {
            "year_quarter": 20162,
            "year": 2016,
            "quarter": 2,
            "eps": -0.26,
            "eps_growth_year": -336.36,
            "eps_4q": -0.58,
            "eps_4q_growth_year": -134.06,
            "roe": -0.98,
            "roe_4q": -2.16,
            "gross_profit": 30048,
            "gross_margin": 12.63,
            "gross_margin_4q_avg": 15.45,
            "net_income": -10090,
            "revenue": 237884,
            "common_shares": 389306,
            "book_valuer_per_share": 26.07,
            "book_valuer_per_share_4q_avg": 26.47,
            "equity": 1014840,
            "current_ratio": 170.83,
            "debt_ratio": 33.81,
            "inventory_turnover_ratio": 1.01,
            "account_receivable_turnover_ratio": 1.15,
            "reinvestment_rate": 186.68,
            "research_to_sale_ratio": 11.95,
            "price_fair": 33.59,
            "eps_avg_yearly": 1.71,
            "eps_latest_yearly": 0.44,
            "eps_growth_yearly": 9.68
        },
        "20163": {
            "year_quarter": 20163,
            "year": 2016,
            "quarter": 3,
            "eps": -0.44,
            "eps_growth_year": null,
            "eps_4q": -0.71,
            "eps_4q_growth_year": -177.51,
            "roe": -1.7,
            "roe_4q": -2.7199999999999998,
            "gross_profit": 22380,
            "gross_margin": 10.41,
            "gross_margin_4q_avg": 15.29,
            "net_income": -17109,
            "revenue": 214942,
            "common_shares": 389306,
            "book_valuer_per_share": 25.62,
            "book_valuer_per_share_4q_avg": 26.21,
            "equity": 997370,
            "current_ratio": 174.78,
            "debt_ratio": 31.86,
            "inventory_turnover_ratio": 0.81,
            "account_receivable_turnover_ratio": 1.1,
            "reinvestment_rate": 238.23,
            "research_to_sale_ratio": 10.68,
            "price_fair": 54.67,
            "eps_avg_yearly": 1.66,
            "eps_latest_yearly": 0.44,
            "eps_growth_yearly": 22.97
        },
        "20164": {
            "year_quarter": 20164,
            "year": 2016,
            "quarter": 4,
            "eps": 0.04,
            "eps_growth_year": null,
            "eps_4q": -0.3,
            "eps_4q_growth_year": -3241.58,
            "roe": 0.21,
            "roe_4q": -2.05,
            "gross_profit": 46995,
            "gross_margin": 11.6,
            "gross_margin_4q_avg": 13.34,
            "net_income": 2706,
            "revenue": 405156,
            "common_shares": 673797,
            "book_valuer_per_share": 22.89,
            "book_valuer_per_share_4q_avg": 25.3,
            "equity": 1542280,
            "current_ratio": 387.42,
            "debt_ratio": 24.61,
            "inventory_turnover_ratio": 1.13,
            "account_receivable_turnover_ratio": 1.51,
            "reinvestment_rate": 344.08,
            "research_to_sale_ratio": 13.68,
            "price_fair": 58.1,
            "eps_avg_yearly": 1.66,
            "eps_latest_yearly": 0.44,
            "eps_growth_yearly": 35.98
        },
        "20171": {
            "year_quarter": 20171,
            "year": 2017,
            "quarter": 1,
            "eps": -0.35,
            "eps_growth_year": -418.18,
            "eps_4q": -0.71,
            "eps_4q_growth_year": null,
            "roe": -1.53,
            "roe_4q": -4,
            "gross_profit": 69025,
            "gross_margin": 18,
            "gross_margin_4q_avg": 13.16,
            "net_income": -23374,
            "revenue": 383455,
            "common_shares": 673797,
            "book_valuer_per_share": 22.53,
            "book_valuer_per_share_4q_avg": 24.28,
            "equity": 1518028,
            "current_ratio": 447.56,
            "debt_ratio": 22.27,
            "inventory_turnover_ratio": 0.81,
            "account_receivable_turnover_ratio": 1.19,
            "reinvestment_rate": 564.63,
            "research_to_sale_ratio": 13.76,
            "price_fair": 42.69,
            "eps_avg_yearly": 1.57,
            "eps_latest_yearly": 0.44,
            "eps_growth_yearly": 17.21
        },
        "20172": {
            "year_quarter": 20172,
            "year": 2017,
            "quarter": 2,
            "eps": -0.13,
            "eps_growth_year": null,
            "eps_4q": -0.69,
            "eps_4q_growth_year": null,
            "roe": -0.58,
            "roe_4q": -3.5999999999999996,
            "gross_profit": 72833,
            "gross_margin": 21.04,
            "gross_margin_4q_avg": 15.26,
            "net_income": -8728,
            "revenue": 346155,
            "common_shares": 673797,
            "book_valuer_per_share": 22.4,
            "book_valuer_per_share_4q_avg": 23.36,
            "equity": 1509595,
            "current_ratio": 519.06,
            "debt_ratio": 20.33,
            "inventory_turnover_ratio": 0.73,
            "account_receivable_turnover_ratio": 1.28,
            "reinvestment_rate": 748.97,
            "research_to_sale_ratio": 15.7,
            "price_fair": 57.05,
            "eps_avg_yearly": 1.63,
            "eps_latest_yearly": 0.44,
            "eps_growth_yearly": 47.59
        },
        "20173": {
            "year_quarter": 20173,
            "year": 2017,
            "quarter": 3,
            "eps": -0.09,
            "eps_growth_year": null,
            "eps_4q": -0.53,
            "eps_4q_growth_year": null,
            "roe": -0.41,
            "roe_4q": -2.31,
            "gross_profit": 76114,
            "gross_margin": 23.76,
            "gross_margin_4q_avg": 18.6,
            "net_income": -6161,
            "revenue": 320402,
            "common_shares": 673797,
            "book_valuer_per_share": 22.32,
            "book_valuer_per_share_4q_avg": 22.54,
            "equity": 1503671,
            "current_ratio": 529.45,
            "debt_ratio": 20.21,
            "inventory_turnover_ratio": 0.68,
            "account_receivable_turnover_ratio": 1.3,
            "reinvestment_rate": 1132.21,
            "research_to_sale_ratio": 16.63,
            "price_fair": 58.2,
            "eps_avg_yearly": 1.66,
            "eps_latest_yearly": 0.44,
            "eps_growth_yearly": 37.46
        },
        "20174": {
            "year_quarter": 20174,
            "year": 2017,
            "quarter": 4,
            "eps": -0.11,
            "eps_growth_year": -374.17,
            "eps_4q": -0.68,
            "eps_4q_growth_year": null,
            "roe": -0.5,
            "roe_4q": -3.0199999999999996,
            "gross_profit": 63563,
            "gross_margin": 25.72,
            "gross_margin_4q_avg": 22.13,
            "net_income": -7419,
            "revenue": 247145,
            "common_shares": 673797,
            "book_valuer_per_share": 22.13,
            "book_valuer_per_share_4q_avg": 22.35,
            "equity": 1490935,
            "current_ratio": 480.21,
            "debt_ratio": 21.18,
            "inventory_turnover_ratio": 0.52,
            "account_receivable_turnover_ratio": 1.02,
            "reinvestment_rate": 3452.4,
            "research_to_sale_ratio": 21.52,
            "price_fair": 53.49,
            "eps_avg_yearly": 1.63,
            "eps_latest_yearly": 0.44,
            "eps_growth_yearly": 22.75
        },
        "20181": {
            "year_quarter": 20181,
            "year": 2018,
            "quarter": 1,
            "eps": -0.61,
            "eps_growth_year": null,
            "eps_4q": -0.94,
            "eps_4q_growth_year": null,
            "roe": -2.79,
            "roe_4q": -4.28,
            "gross_profit": 54260,
            "gross_margin": 22.35,
            "gross_margin_4q_avg": 23.22,
            "net_income": -40990,
            "revenue": 242800,
            "common_shares": 673797,
            "book_valuer_per_share": 21.47,
            "book_valuer_per_share_4q_avg": 22.08,
            "equity": 1446478,
            "current_ratio": 413.55,
            "debt_ratio": 22.6,
            "inventory_turnover_ratio": 0.56,
            "account_receivable_turnover_ratio": 1.02,
            "reinvestment_rate": null,
            "research_to_sale_ratio": 24.52,
            "price_fair": 32.9,
            "eps_avg_yearly": 1.52,
            "eps_latest_yearly": 0.44,
            "eps_growth_yearly": 11.64
        },
        "20182": {
            "year_quarter": 20182,
            "year": 2018,
            "quarter": 2,
            "eps": -0.52,
            "eps_growth_year": null,
            "eps_4q": -1.33,
            "eps_4q_growth_year": null,
            "roe": -2.45,
            "roe_4q": -6.15,
            "gross_profit": 39901,
            "gross_margin": 15.52,
            "gross_margin_4q_avg": 21.84,
            "net_income": -34984,
            "revenue": 257049,
            "common_shares": 673797,
            "book_valuer_per_share": 20.95,
            "book_valuer_per_share_4q_avg": 21.72,
            "equity": 1411367,
            "current_ratio": 435.73,
            "debt_ratio": 21.96,
            "inventory_turnover_ratio": 0.73,
            "account_receivable_turnover_ratio": 1.03,
            "reinvestment_rate": null,
            "research_to_sale_ratio": 26.95,
            "price_fair": 59.5,
            "eps_avg_yearly": 1.7,
            "eps_latest_yearly": 0.44,
            "eps_growth_yearly": 78.19
        },
        "20183": {
            "year_quarter": 20183,
            "year": 2018,
            "quarter": 3,
            "eps": -0.01,
            "eps_growth_year": null,
            "eps_4q": -1.25,
            "eps_4q_growth_year": null,
            "roe": -0.06,
            "roe_4q": -5.800000000000001,
            "gross_profit": 71268,
            "gross_margin": 24.23,
            "gross_margin_4q_avg": 21.96,
            "net_income": -793,
            "revenue": 294172,
            "common_shares": 673797,
            "book_valuer_per_share": 20.93,
            "book_valuer_per_share_4q_avg": 21.37,
            "equity": 1410161,
            "current_ratio": 444.1,
            "debt_ratio": 19.51,
            "inventory_turnover_ratio": 0.84,
            "account_receivable_turnover_ratio": 1.04,
            "reinvestment_rate": null,
            "research_to_sale_ratio": 20.99,
            "price_fair": 4.92,
            "eps_avg_yearly": 1.64,
            "eps_latest_yearly": 0.44,
            "eps_growth_yearly": -75.75
        },
        "20184": {
            "year_quarter": 20184,
            "year": 2018,
            "quarter": 4,
            "eps": -0.23,
            "eps_growth_year": null,
            "eps_4q": -1.37,
            "eps_4q_growth_year": null,
            "roe": -1.12,
            "roe_4q": -6.42,
            "gross_profit": 52918,
            "gross_margin": 20.48,
            "gross_margin_4q_avg": 20.65,
            "net_income": -15690,
            "revenue": 258348,
            "common_shares": 673797,
            "book_valuer_per_share": 20.66,
            "book_valuer_per_share_4q_avg": 21,
            "equity": 1391859,
            "current_ratio": 315.58,
            "debt_ratio": 17.76,
            "inventory_turnover_ratio": 0.85,
            "account_receivable_turnover_ratio": 0.85,
            "reinvestment_rate": null,
            "research_to_sale_ratio": 22.04,
            "price_fair": 2.64,
            "eps_avg_yearly": 0.88,
            "eps_latest_yearly": 0.44,
            "eps_growth_yearly": -249.79
        },
        "20191": {
            "year_quarter": 20191,
            "year": 2019,
            "quarter": 1,
            "eps": -0.16,
            "eps_growth_year": null,
            "eps_4q": -0.92,
            "eps_4q_growth_year": null,
            "roe": -0.77,
            "roe_4q": -4.4,
            "gross_profit": 64210,
            "gross_margin": 27.82,
            "gross_margin_4q_avg": 22.01,
            "net_income": -10732,
            "revenue": 230847,
            "common_shares": 673797,
            "book_valuer_per_share": 20.51,
            "book_valuer_per_share_4q_avg": 20.76,
            "equity": 1382156,
            "current_ratio": 448.39,
            "debt_ratio": 11.86,
            "inventory_turnover_ratio": 0.73,
            "account_receivable_turnover_ratio": 0.77,
            "reinvestment_rate": null,
            "research_to_sale_ratio": 25.17,
            "price_fair": 1.32,
            "eps_avg_yearly": 0.44,
            "eps_latest_yearly": 0.44,
            "eps_growth_yearly": -266.67
        },
        "20192": {
            "year_quarter": 20192,
            "year": 2019,
            "quarter": 2,
            "eps": -0.02,
            "eps_growth_year": null,
            "eps_4q": -0.42,
            "eps_4q_growth_year": null,
            "roe": -0.08,
            "roe_4q": -2.0300000000000002,
            "gross_profit": 83142,
            "gross_margin": 30.16,
            "gross_margin_4q_avg": 25.67,
            "net_income": -1148,
            "revenue": 275686,
            "common_shares": 673797,
            "book_valuer_per_share": 20.46,
            "book_valuer_per_share_4q_avg": 20.64,
            "equity": 1378759,
            "current_ratio": 410.55,
            "debt_ratio": 13.34,
            "inventory_turnover_ratio": 0.86,
            "account_receivable_turnover_ratio": 0.97,
            "reinvestment_rate": null,
            "research_to_sale_ratio": 23.29,
            "price_fair": 0,
            "eps_avg_yearly": 0,
            "eps_latest_yearly": 0,
            "eps_growth_yearly": 0
        },
        "20193": {
            "year_quarter": 20193,
            "year": 2019,
            "quarter": 3,
            "eps": 0.06,
            "eps_growth_year": null,
            "eps_4q": -0.35,
            "eps_4q_growth_year": null,
            "roe": 0.28,
            "roe_4q": -1.6900000000000002,
            "gross_profit": 88373,
            "gross_margin": 32.4,
            "gross_margin_4q_avg": 27.72,
            "net_income": 3885,
            "revenue": 272796,
            "common_shares": 673797,
            "book_valuer_per_share": 20.52,
            "book_valuer_per_share_4q_avg": 20.54,
            "equity": 1382384,
            "current_ratio": 439.5,
            "debt_ratio": 12.7,
            "inventory_turnover_ratio": 0.9,
            "account_receivable_turnover_ratio": 0.97,
            "reinvestment_rate": null,
            "research_to_sale_ratio": 22.89,
            "price_fair": 0,
            "eps_avg_yearly": 0,
            "eps_latest_yearly": 0,
            "eps_growth_yearly": 0
        },
        "20194": {
            "year_quarter": 20194,
            "year": 2019,
            "quarter": 4,
            "eps": 0.04,
            "eps_growth_year": null,
            "eps_4q": -0.08,
            "eps_4q_growth_year": null,
            "roe": 0.21,
            "roe_4q": -0.36000000000000004,
            "gross_profit": 87992,
            "gross_margin": 30.31,
            "gross_margin_4q_avg": 30.17,
            "net_income": 2938,
            "revenue": 290318,
            "common_shares": 673797,
            "book_valuer_per_share": 20.55,
            "book_valuer_per_share_4q_avg": 20.51,
            "equity": 1384535,
            "current_ratio": 437.25,
            "debt_ratio": 12.85,
            "inventory_turnover_ratio": 1.14,
            "account_receivable_turnover_ratio": 1.04,
            "reinvestment_rate": null,
            "research_to_sale_ratio": 20.01,
            "price_fair": 0.48,
            "eps_avg_yearly": 0.16,
            "eps_latest_yearly": 0.16,
            "eps_growth_yearly": -133.33
        },
        "20201": {
            "year_quarter": 20201,
            "year": 2020,
            "quarter": 1,
            "eps": 0.29,
            "eps_growth_year": null,
            "eps_4q": 0.37,
            "eps_4q_growth_year": null,
            "roe": 1.39,
            "roe_4q": 1.7999999999999998,
            "gross_profit": 91359,
            "gross_margin": 32.89,
            "gross_margin_4q_avg": 31.44,
            "net_income": 19351,
            "revenue": 277813,
            "common_shares": 673797,
            "book_valuer_per_share": 20.79,
            "book_valuer_per_share_4q_avg": 20.58,
            "equity": 1400884,
            "current_ratio": 459.01,
            "debt_ratio": 12.41,
            "inventory_turnover_ratio": 1.19,
            "account_receivable_turnover_ratio": 1,
            "reinvestment_rate": null,
            "research_to_sale_ratio": 20.75,
            "price_fair": 23.1,
            "eps_avg_yearly": 0.66,
            "eps_latest_yearly": 1.16,
            "eps_growth_yearly": 1183.33
        },
        "20202": {
            "year_quarter": 20202,
            "year": 2020,
            "quarter": 2,
            "eps": 0.16,
            "eps_growth_year": null,
            "eps_4q": 0.55,
            "eps_4q_growth_year": null,
            "roe": 0.78,
            "roe_4q": 2.66,
            "gross_profit": 89642,
            "gross_margin": 31.36,
            "gross_margin_4q_avg": 31.74,
            "net_income": 10944,
            "revenue": 285817,
            "common_shares": 673797,
            "book_valuer_per_share": 21.03,
            "book_valuer_per_share_4q_avg": 20.72,
            "equity": 1417325,
            "current_ratio": 398.42,
            "debt_ratio": 13.77,
            "inventory_turnover_ratio": 1.24,
            "account_receivable_turnover_ratio": 1.06,
            "reinvestment_rate": null,
            "research_to_sale_ratio": 19.28,
            "price_fair": 22.87,
            "eps_avg_yearly": 0.65,
            "eps_latest_yearly": 0.64,
            "eps_growth_yearly": 729.12
        },
        "20203": {
            "year_quarter": 20203,
            "year": 2020,
            "quarter": 3,
            "eps": 0.74,
            "eps_growth_year": 1133.33,
            "eps_4q": 1.5,
            "eps_4q_growth_year": null,
            "roe": 2.82,
            "roe_4q": 5.199999999999999,
            "gross_profit": 127659,
            "gross_margin": 36.4,
            "gross_margin_4q_avg": 32.74,
            "net_income": 37614,
            "revenue": 350698,
            "common_shares": 471658,
            "book_valuer_per_share": 26.57,
            "book_valuer_per_share_4q_avg": 22.24,
            "equity": 1252967,
            "current_ratio": 265.11,
            "debt_ratio": 21.47,
            "inventory_turnover_ratio": 1.46,
            "account_receivable_turnover_ratio": 1.35,
            "reinvestment_rate": null,
            "research_to_sale_ratio": 17.28,
            "price_fair": 43.05,
            "eps_avg_yearly": 1.23,
            "eps_latest_yearly": 2.96,
            "eps_growth_yearly": 909.34
        },
        "20204": {
            "year_quarter": 20204,
            "year": 2020,
            "quarter": 4,
            "eps": 0.88,
            "eps_growth_year": 1910.19,
            "eps_4q": 2.32,
            "eps_4q_growth_year": null,
            "roe": 3.25,
            "roe_4q": 8.24,
            "gross_profit": 140521,
            "gross_margin": 38.51,
            "gross_margin_4q_avg": 34.79,
            "net_income": 41342,
            "revenue": 364938,
            "common_shares": 471658,
            "book_valuer_per_share": 27.33,
            "book_valuer_per_share_4q_avg": 23.93,
            "equity": 1288944,
            "current_ratio": 271.1,
            "debt_ratio": 21.99,
            "inventory_turnover_ratio": 1.48,
            "account_receivable_turnover_ratio": 1.35,
            "reinvestment_rate": null,
            "research_to_sale_ratio": 17.56,
            "price_fair": 59.08,
            "eps_avg_yearly": 1.69,
            "eps_latest_yearly": 3.52,
            "eps_growth_yearly": 742.61
        },
        "20211": {
            "year_quarter": 20211,
            "year": 2021,
            "quarter": 1,
            "eps": 1.19,
            "eps_growth_year": 310.34,
            "eps_4q": 3.1,
            "eps_4q_growth_year": 734.51,
            "roe": 4.24,
            "roe_4q": 11.09,
            "gross_profit": 149049,
            "gross_margin": 39.51,
            "gross_margin_4q_avg": 36.45,
            "net_income": 56291,
            "revenue": 377277,
            "common_shares": 471658,
            "book_valuer_per_share": 29.02,
            "book_valuer_per_share_4q_avg": 25.99,
            "equity": 1368917,
            "current_ratio": 299.14,
            "debt_ratio": 20.05,
            "inventory_turnover_ratio": 1.21,
            "account_receivable_turnover_ratio": 1.33,
            "reinvestment_rate": -280.12,
            "research_to_sale_ratio": 15.28,
            "price_fair": 77,
            "eps_avg_yearly": 2.2,
            "eps_latest_yearly": 4.76,
            "eps_growth_yearly": 642.32
        },
        "20212": {
            "year_quarter": 20212,
            "year": 2021,
            "quarter": 2,
            "eps": 1.21,
            "eps_growth_year": 656.25,
            "eps_4q": 4.08,
            "eps_4q_growth_year": 640.48,
            "roe": 4.12,
            "roe_4q": 14.43,
            "gross_profit": 177364,
            "gross_margin": 41.95,
            "gross_margin_4q_avg": 39.09,
            "net_income": 57149,
            "revenue": 422846,
            "common_shares": 471658,
            "book_valuer_per_share": 29.77,
            "book_valuer_per_share_4q_avg": 28.17,
            "equity": 1403950,
            "current_ratio": 250.01,
            "debt_ratio": 24.75,
            "inventory_turnover_ratio": 1.15,
            "account_receivable_turnover_ratio": 1.38,
            "reinvestment_rate": -114.49,
            "research_to_sale_ratio": 17.2,
            "price_fair": 90.2,
            "eps_avg_yearly": 2.58,
            "eps_latest_yearly": 4.84,
            "eps_growth_yearly": 551.52
        },
        "20213": {
            "year_quarter": 20213,
            "year": 2021,
            "quarter": 3,
            "eps": 1.73,
            "eps_growth_year": 133.78,
            "eps_4q": 5.01,
            "eps_4q_growth_year": 233.72,
            "roe": 5.64,
            "roe_4q": 17.25,
            "gross_profit": 201790,
            "gross_margin": 46.57,
            "gross_margin_4q_avg": 41.64,
            "net_income": 81651,
            "revenue": 433294,
            "common_shares": 471658,
            "book_valuer_per_share": 31.61,
            "book_valuer_per_share_4q_avg": 29.43,
            "equity": 1491013,
            "current_ratio": 274.61,
            "debt_ratio": 23.33,
            "inventory_turnover_ratio": 1.02,
            "account_receivable_turnover_ratio": 1.29,
            "reinvestment_rate": -61.33,
            "research_to_sale_ratio": 16.4,
            "price_fair": 109.2,
            "eps_avg_yearly": 3.12,
            "eps_latest_yearly": 6.92,
            "eps_growth_yearly": 504.07
        },
        "20214": {
            "year_quarter": 20214,
            "year": 2021,
            "quarter": 4,
            "eps": 1,
            "eps_growth_year": 14.64,
            "eps_4q": 5.14,
            "eps_4q_growth_year": 121.95,
            "roe": 3.11,
            "roe_4q": 17.11,
            "gross_profit": 137720,
            "gross_margin": 40.16,
            "gross_margin_4q_avg": 42.05,
            "net_income": 47393,
            "revenue": 342930,
            "common_shares": 471658,
            "book_valuer_per_share": 32.96,
            "book_valuer_per_share_4q_avg": 30.84,
            "equity": 1554598,
            "current_ratio": 284.63,
            "debt_ratio": 22.17,
            "inventory_turnover_ratio": 0.74,
            "account_receivable_turnover_ratio": 1.02,
            "reinvestment_rate": -47.8,
            "research_to_sale_ratio": 17.74,
            "price_fair": 112.62,
            "eps_avg_yearly": 3.22,
            "eps_latest_yearly": 4,
            "eps_growth_yearly": 429.31
        },
        "20221": {
            "year_quarter": 20221,
            "year": 2022,
            "quarter": 1,
            "eps": 1.24,
            "eps_growth_year": 4.2,
            "eps_4q": 5.19,
            "eps_4q_growth_year": 67.35,
            "roe": 3.72,
            "roe_4q": 16.59,
            "gross_profit": 131776,
            "gross_margin": 37.14,
            "gross_margin_4q_avg": 41.46,
            "net_income": 58462,
            "revenue": 354800,
            "common_shares": 471658,
            "book_valuer_per_share": 33.65,
            "book_valuer_per_share_4q_avg": 32,
            "equity": 1587072,
            "current_ratio": 317.39,
            "debt_ratio": 20.31,
            "inventory_turnover_ratio": 0.7,
            "account_receivable_turnover_ratio": 1.12,
            "reinvestment_rate": -25.2,
            "research_to_sale_ratio": 17.6,
            "price_fair": 118.72,
            "eps_avg_yearly": 3.39,
            "eps_latest_yearly": 4.96,
            "eps_growth_yearly": 395.98
        },
        "20222": {
            "year_quarter": 20222,
            "year": 2022,
            "quarter": 2,
            "eps": 1.26,
            "eps_growth_year": 4.13,
            "eps_4q": 5.24,
            "eps_4q_growth_year": 28.44,
            "roe": 3.91,
            "roe_4q": 16.38,
            "gross_profit": 121763,
            "gross_margin": 39.22,
            "gross_margin_4q_avg": 40.77,
            "net_income": 59614,
            "revenue": 310471,
            "common_shares": 471658,
            "book_valuer_per_share": 30.92,
            "book_valuer_per_share_4q_avg": 32.29,
            "equity": 1458580,
            "current_ratio": 255.79,
            "debt_ratio": 24.69,
            "inventory_turnover_ratio": 0.55,
            "account_receivable_turnover_ratio": 0.99,
            "reinvestment_rate": -17.23,
            "research_to_sale_ratio": 19.98,
            "price_fair": 123.96,
            "eps_avg_yearly": 3.54,
            "eps_latest_yearly": 5.04,
            "eps_growth_yearly": 360.57
        },
        "20223": {
            "year_quarter": 20223,
            "year": 2022,
            "quarter": 3,
            "eps": 0.4,
            "eps_growth_year": -76.88,
            "eps_4q": 3.91,
            "eps_4q_growth_year": -21.98,
            "roe": 1.3,
            "roe_4q": 12.04,
            "gross_profit": 65148,
            "gross_margin": 32.19,
            "gross_margin_4q_avg": 37.18,
            "net_income": 19005,
            "revenue": 202381,
            "common_shares": 471658,
            "book_valuer_per_share": 30.93,
            "book_valuer_per_share_4q_avg": 32.12,
            "equity": 1459040,
            "current_ratio": 522.71,
            "debt_ratio": 11.51,
            "inventory_turnover_ratio": 0.38,
            "account_receivable_turnover_ratio": 0.72,
            "reinvestment_rate": -13.52,
            "research_to_sale_ratio": 28.79,
            "price_fair": 118.3,
            "eps_avg_yearly": 3.38,
            "eps_latest_yearly": 1.6,
            "eps_growth_yearly": 307.77
        },
        "20224": {
            "year_quarter": 20224,
            "year": 2022,
            "quarter": 4,
            "eps": -0.62,
            "eps_growth_year": -161.23,
            "eps_4q": 2.29,
            "eps_4q_growth_year": -55.44,
            "roe": -2.01,
            "roe_4q": 6.92,
            "gross_profit": 35963,
            "gross_margin": 21.37,
            "gross_margin_4q_avg": 32.48,
            "net_income": -29019,
            "revenue": 168323,
            "common_shares": 471658,
            "book_valuer_per_share": 30.37,
            "book_valuer_per_share_4q_avg": 31.47,
            "equity": 1432346,
            "current_ratio": 615.94,
            "debt_ratio": 9.32,
            "inventory_turnover_ratio": 0.37,
            "account_receivable_turnover_ratio": 0.76,
            "reinvestment_rate": -12.89,
            "research_to_sale_ratio": 28.52,
            "price_fair": 118.3,
            "eps_avg_yearly": 3.38,
            "eps_latest_yearly": 1.6,
            "eps_growth_yearly": 307.77
        },
        "20231": {
            "year_quarter": 20231,
            "year": 2023,
            "quarter": 1,
            "eps": -0.59,
            "eps_growth_year": -147.58,
            "eps_4q": 0.47,
            "eps_4q_growth_year": -91.02,
            "roe": -1.93,
            "roe_4q": 1.2700000000000005,
            "gross_profit": 40125,
            "gross_margin": 20.21,
            "gross_margin_4q_avg": 28.25,
            "net_income": -27634,
            "revenue": 198549,
            "common_shares": 471658,
            "book_valuer_per_share": 30.49,
            "book_valuer_per_share_4q_avg": 30.68,
            "equity": 1437903,
            "current_ratio": 715.37,
            "debt_ratio": 8.2,
            "inventory_turnover_ratio": 0.52,
            "account_receivable_turnover_ratio": 0.98,
            "reinvestment_rate": -12.93,
            "research_to_sale_ratio": 28.07,
            "price_fair": 118.3,
            "eps_avg_yearly": 3.38,
            "eps_latest_yearly": 1.6,
            "eps_growth_yearly": 307.77
        }
    },
    "months": {
        "2004-12": {
            "month": "2004-12",
            "price": "49.92",
            "revenue": 23656
        },
        "2005-01": {
            "month": "2005-01",
            "price": "43.79",
            "revenue": 30907
        },
        "2005-02": {
            "month": "2005-02",
            "price": "49.68",
            "revenue": 32243
        },
        "2005-03": {
            "month": "2005-03",
            "price": "66.19",
            "revenue": 35650
        },
        "2005-04": {
            "month": "2005-04",
            "price": "72.81",
            "revenue": 37069
        },
        "2005-05": {
            "month": "2005-05",
            "price": "73.35",
            "revenue": 40430
        },
        "2005-06": {
            "month": "2005-06",
            "price": "72.03",
            "revenue": 45158
        },
        "2005-07": {
            "month": "2005-07",
            "price": "75.12",
            "revenue": 50235
        },
        "2005-08": {
            "month": "2005-08",
            "price": "84.32",
            "revenue": 56588
        },
        "2005-09": {
            "month": "2005-09",
            "price": "79.47",
            "revenue": 60547
        },
        "2005-10": {
            "month": "2005-10",
            "price": "87.68",
            "revenue": 62194
        },
        "2005-11": {
            "month": "2005-11",
            "price": "88.02",
            "revenue": 60569
        },
        "2005-12": {
            "month": "2005-12",
            "price": "130.97",
            "revenue": 63853
        },
        "2006-01": {
            "month": "2006-01",
            "price": "153.22",
            "revenue": 60271
        },
        "2006-02": {
            "month": "2006-02",
            "price": "162.78",
            "revenue": 60625
        },
        "2006-03": {
            "month": "2006-03",
            "price": "203.38",
            "revenue": 67001
        },
        "2006-04": {
            "month": "2006-04",
            "price": "267.55",
            "revenue": 75394
        },
        "2006-05": {
            "month": "2006-05",
            "price": "274.79",
            "revenue": 82216
        },
        "2006-06": {
            "month": "2006-06",
            "price": "267.52",
            "revenue": 84236
        },
        "2006-07": {
            "month": "2006-07",
            "price": "312.89",
            "revenue": 85275
        },
        "2006-08": {
            "month": "2006-08",
            "price": "315.87",
            "revenue": 87110
        },
        "2006-09": {
            "month": "2006-09",
            "price": "401.71",
            "revenue": 96494
        },
        "2006-10": {
            "month": "2006-10",
            "price": "360.25",
            "revenue": 102274
        },
        "2006-11": {
            "month": "2006-11",
            "price": "333.41",
            "revenue": 105081
        },
        "2006-12": {
            "month": "2006-12",
            "price": "307.00",
            "revenue": 82400
        },
        "2007-01": {
            "month": "2007-01",
            "price": "329.52",
            "revenue": 81023
        },
        "2007-02": {
            "month": "2007-02",
            "price": "349.17",
            "revenue": 71203
        },
        "2007-03": {
            "month": "2007-03",
            "price": "318.41",
            "revenue": 67431
        },
        "2007-04": {
            "month": "2007-04",
            "price": "282.62",
            "revenue": 67572
        },
        "2007-05": {
            "month": "2007-05",
            "price": "267.75",
            "revenue": 70608
        },
        "2007-06": {
            "month": "2007-06",
            "price": "308.18",
            "revenue": 84805
        },
        "2007-07": {
            "month": "2007-07",
            "price": "322.02",
            "revenue": 94710
        },
        "2007-08": {
            "month": "2007-08",
            "price": "213.83",
            "revenue": 102135
        },
        "2007-09": {
            "month": "2007-09",
            "price": "162.53",
            "revenue": 116916
        },
        "2007-10": {
            "month": "2007-10",
            "price": "180.55",
            "revenue": 140144
        },
        "2007-11": {
            "month": "2007-11",
            "price": "156.41",
            "revenue": 125503
        },
        "2007-12": {
            "month": "2007-12",
            "price": "131.95",
            "revenue": 110713
        },
        "2008-01": {
            "month": "2008-01",
            "price": "115.72",
            "revenue": 112512
        },
        "2008-02": {
            "month": "2008-02",
            "price": "99.06",
            "revenue": 98278
        },
        "2008-03": {
            "month": "2008-03",
            "price": "109.19",
            "revenue": 109141
        },
        "2008-04": {
            "month": "2008-04",
            "price": "135.10",
            "revenue": 105561
        },
        "2008-05": {
            "month": "2008-05",
            "price": "148.83",
            "revenue": 112258
        },
        "2008-06": {
            "month": "2008-06",
            "price": "131.00",
            "revenue": 113652
        },
        "2008-07": {
            "month": "2008-07",
            "price": "97.70",
            "revenue": 104362
        },
        "2008-08": {
            "month": "2008-08",
            "price": "88.44",
            "revenue": 91678
        },
        "2008-09": {
            "month": "2008-09",
            "price": "67.87",
            "revenue": 85439
        },
        "2008-10": {
            "month": "2008-10",
            "price": "58.59",
            "revenue": 72183
        },
        "2008-11": {
            "month": "2008-11",
            "price": "47.58",
            "revenue": 41148
        },
        "2008-12": {
            "month": "2008-12",
            "price": "43.35",
            "revenue": 19252
        },
        "2009-01": {
            "month": "2009-01",
            "price": "44.26",
            "revenue": 15565
        },
        "2009-02": {
            "month": "2009-02",
            "price": "50.83",
            "revenue": 30810
        },
        "2009-03": {
            "month": "2009-03",
            "price": "60.82",
            "revenue": 60315
        },
        "2009-04": {
            "month": "2009-04",
            "price": "67.15",
            "revenue": 68303
        },
        "2009-05": {
            "month": "2009-05",
            "price": "69.56",
            "revenue": 72585
        },
        "2009-06": {
            "month": "2009-06",
            "price": "67.54",
            "revenue": 83195
        },
        "2009-07": {
            "month": "2009-07",
            "price": "66.10",
            "revenue": 88349
        },
        "2009-08": {
            "month": "2009-08",
            "price": "66.04",
            "revenue": 96287
        },
        "2009-09": {
            "month": "2009-09",
            "price": "66.20",
            "revenue": 101645
        },
        "2009-10": {
            "month": "2009-10",
            "price": "76.00",
            "revenue": 80549
        },
        "2009-11": {
            "month": "2009-11",
            "price": "80.47",
            "revenue": 56097
        },
        "2009-12": {
            "month": "2009-12",
            "price": "88.68",
            "revenue": 46229
        },
        "2010-01": {
            "month": "2010-01",
            "price": "83.98",
            "revenue": 91132
        },
        "2010-02": {
            "month": "2010-02",
            "price": "76.66",
            "revenue": 86178
        },
        "2010-03": {
            "month": "2010-03",
            "price": "83.08",
            "revenue": 117564
        },
        "2010-04": {
            "month": "2010-04",
            "price": "90.39",
            "revenue": 110541
        },
        "2010-05": {
            "month": "2010-05",
            "price": "82.14",
            "revenue": 118544
        },
        "2010-06": {
            "month": "2010-06",
            "price": "78.49",
            "revenue": 125306
        },
        "2010-07": {
            "month": "2010-07",
            "price": "77.11",
            "revenue": 133262
        },
        "2010-08": {
            "month": "2010-08",
            "price": "72.38",
            "revenue": 101292
        },
        "2010-09": {
            "month": "2010-09",
            "price": "69.16",
            "revenue": 101687
        },
        "2010-10": {
            "month": "2010-10",
            "price": "67.11",
            "revenue": 90387
        },
        "2010-11": {
            "month": "2010-11",
            "price": "67.41",
            "revenue": 82463
        },
        "2010-12": {
            "month": "2010-12",
            "price": "71.17",
            "revenue": 85106
        },
        "2011-01": {
            "month": "2011-01",
            "price": "69.24",
            "revenue": 131593
        },
        "2011-02": {
            "month": "2011-02",
            "price": "70.99",
            "revenue": 100530
        },
        "2011-03": {
            "month": "2011-03",
            "price": "68.45",
            "revenue": 102006
        },
        "2011-04": {
            "month": "2011-04",
            "price": "60.08",
            "revenue": 103418
        },
        "2011-05": {
            "month": "2011-05",
            "price": "59.35",
            "revenue": 103655
        },
        "2011-06": {
            "month": "2011-06",
            "price": "57.20",
            "revenue": 103829
        },
        "2011-07": {
            "month": "2011-07",
            "price": "50.77",
            "revenue": 86478
        },
        "2011-08": {
            "month": "2011-08",
            "price": "43.34",
            "revenue": 75849
        },
        "2011-09": {
            "month": "2011-09",
            "price": "38.90",
            "revenue": 70382
        },
        "2011-10": {
            "month": "2011-10",
            "price": "39.53",
            "revenue": 68249
        },
        "2011-11": {
            "month": "2011-11",
            "price": "38.62",
            "revenue": 64688
        },
        "2011-12": {
            "month": "2011-12",
            "price": "32.85",
            "revenue": 65378
        },
        "2012-01": {
            "month": "2012-01",
            "price": "34.03",
            "revenue": 80122
        },
        "2012-02": {
            "month": "2012-02",
            "price": "46.68",
            "revenue": 100428
        },
        "2012-03": {
            "month": "2012-03",
            "price": "48.68",
            "revenue": 111658
        },
        "2012-04": {
            "month": "2012-04",
            "price": "40.00",
            "revenue": 120141
        },
        "2012-05": {
            "month": "2012-05",
            "price": "37.99",
            "revenue": 125827
        },
        "2012-06": {
            "month": "2012-06",
            "price": "36.00",
            "revenue": 127376
        },
        "2012-07": {
            "month": "2012-07",
            "price": "35.69",
            "revenue": 119269
        },
        "2012-08": {
            "month": "2012-08",
            "price": "35.84",
            "revenue": 102980
        },
        "2012-09": {
            "month": "2012-09",
            "price": "36.63",
            "revenue": 83222
        },
        "2012-10": {
            "month": "2012-10",
            "price": "32.42",
            "revenue": 88336
        },
        "2012-11": {
            "month": "2012-11",
            "price": "29.02",
            "revenue": 97282
        },
        "2012-12": {
            "month": "2012-12",
            "price": "31.34",
            "revenue": 85488
        },
        "2013-01": {
            "month": "2013-01",
            "price": "31.58",
            "revenue": 116950
        },
        "2013-02": {
            "month": "2013-02",
            "price": "31.48",
            "revenue": 85535
        },
        "2013-03": {
            "month": "2013-03",
            "price": "31.86",
            "revenue": 90043
        },
        "2013-04": {
            "month": "2013-04",
            "price": "30.04",
            "revenue": 84845
        },
        "2013-05": {
            "month": "2013-05",
            "price": "30.13",
            "revenue": 95601
        },
        "2013-06": {
            "month": "2013-06",
            "price": "28.69",
            "revenue": 90746
        },
        "2013-07": {
            "month": "2013-07",
            "price": "28.11",
            "revenue": 85323
        },
        "2013-08": {
            "month": "2013-08",
            "price": "27.98",
            "revenue": 86828
        },
        "2013-09": {
            "month": "2013-09",
            "price": "27.97",
            "revenue": 95314
        },
        "2013-10": {
            "month": "2013-10",
            "price": "27.18",
            "revenue": 96242
        },
        "2013-11": {
            "month": "2013-11",
            "price": "26.65",
            "revenue": 100895
        },
        "2013-12": {
            "month": "2013-12",
            "price": "28.42",
            "revenue": 100086
        },
        "2014-01": {
            "month": "2014-01",
            "price": "32.49",
            "revenue": 103810
        },
        "2014-02": {
            "month": "2014-02",
            "price": "31.13",
            "revenue": 83032
        },
        "2014-03": {
            "month": "2014-03",
            "price": "31.97",
            "revenue": 92334
        },
        "2014-04": {
            "month": "2014-04",
            "price": "33.53",
            "revenue": 90205
        },
        "2014-05": {
            "month": "2014-05",
            "price": "31.55",
            "revenue": 86670
        },
        "2014-06": {
            "month": "2014-06",
            "price": "32.36",
            "revenue": 80142
        },
        "2014-07": {
            "month": "2014-07",
            "price": "30.32",
            "revenue": 73156
        },
        "2014-08": {
            "month": "2014-08",
            "price": "28.24",
            "revenue": 85223
        },
        "2014-09": {
            "month": "2014-09",
            "price": "27.81",
            "revenue": 98177
        },
        "2014-10": {
            "month": "2014-10",
            "price": "26.71",
            "revenue": 91792
        },
        "2014-11": {
            "month": "2014-11",
            "price": "26.28",
            "revenue": 85713
        },
        "2014-12": {
            "month": "2014-12",
            "price": "27.24",
            "revenue": 87681
        },
        "2015-01": {
            "month": "2015-01",
            "price": "28.26",
            "revenue": 83988
        },
        "2015-02": {
            "month": "2015-02",
            "price": "27.54",
            "revenue": 71551
        },
        "2015-03": {
            "month": "2015-03",
            "price": "29.48",
            "revenue": 71385
        },
        "2015-04": {
            "month": "2015-04",
            "price": "28.92",
            "revenue": 75590
        },
        "2015-05": {
            "month": "2015-05",
            "price": "27.65",
            "revenue": 81337
        },
        "2015-06": {
            "month": "2015-06",
            "price": "26.46",
            "revenue": 82564
        },
        "2015-07": {
            "month": "2015-07",
            "price": "25.54",
            "revenue": 75493
        },
        "2015-08": {
            "month": "2015-08",
            "price": "18.53",
            "revenue": 56072
        },
        "2015-09": {
            "month": "2015-09",
            "price": "18.32",
            "revenue": 68983
        },
        "2015-10": {
            "month": "2015-10",
            "price": "19.63",
            "revenue": 75508
        },
        "2015-11": {
            "month": "2015-11",
            "price": "18.05",
            "revenue": 54585
        },
        "2015-12": {
            "month": "2015-12",
            "price": "17.44",
            "revenue": 100380
        },
        "2016-01": {
            "month": "2016-01",
            "price": "16.33",
            "revenue": 90506
        },
        "2016-02": {
            "month": "2016-02",
            "price": "16.90",
            "revenue": 67900
        },
        "2016-03": {
            "month": "2016-03",
            "price": "18.08",
            "revenue": 121374
        },
        "2016-04": {
            "month": "2016-04",
            "price": "21.32",
            "revenue": 97234
        },
        "2016-05": {
            "month": "2016-05",
            "price": "18.21",
            "revenue": 65451
        },
        "2016-06": {
            "month": "2016-06",
            "price": "17.86",
            "revenue": 75198
        },
        "2016-07": {
            "month": "2016-07",
            "price": "19.36",
            "revenue": 65351
        },
        "2016-08": {
            "month": "2016-08",
            "price": "19.20",
            "revenue": 70400
        },
        "2016-09": {
            "month": "2016-09",
            "price": "18.55",
            "revenue": 79190
        },
        "2016-10": {
            "month": "2016-10",
            "price": "18.22",
            "revenue": 125447
        },
        "2016-11": {
            "month": "2016-11",
            "price": "16.92",
            "revenue": 132742
        },
        "2016-12": {
            "month": "2016-12",
            "price": "17.26",
            "revenue": 146968
        },
        "2017-01": {
            "month": "2017-01",
            "price": "17.72",
            "revenue": 130690
        },
        "2017-02": {
            "month": "2017-02",
            "price": "19.31",
            "revenue": 99942
        },
        "2017-03": {
            "month": "2017-03",
            "price": "19.52",
            "revenue": 152823
        },
        "2017-04": {
            "month": "2017-04",
            "price": "24.41",
            "revenue": 105823
        },
        "2017-05": {
            "month": "2017-05",
            "price": "21.50",
            "revenue": 120654
        },
        "2017-06": {
            "month": "2017-06",
            "price": "21.69",
            "revenue": 119678
        },
        "2017-07": {
            "month": "2017-07",
            "price": "21.11",
            "revenue": 106738
        },
        "2017-08": {
            "month": "2017-08",
            "price": "19.87",
            "revenue": 105166
        },
        "2017-09": {
            "month": "2017-09",
            "price": "20.60",
            "revenue": 108500
        },
        "2017-10": {
            "month": "2017-10",
            "price": "22.16",
            "revenue": 81505
        },
        "2017-11": {
            "month": "2017-11",
            "price": "23.66",
            "revenue": 93654
        },
        "2017-12": {
            "month": "2017-12",
            "price": "21.75",
            "revenue": 71984
        },
        "2018-01": {
            "month": "2018-01",
            "price": "22.21",
            "revenue": 84468
        },
        "2018-02": {
            "month": "2018-02",
            "price": "20.15",
            "revenue": 70306
        },
        "2018-03": {
            "month": "2018-03",
            "price": "21.66",
            "revenue": 88026
        },
        "2018-04": {
            "month": "2018-04",
            "price": "21.69",
            "revenue": 80899
        },
        "2018-05": {
            "month": "2018-05",
            "price": "21.86",
            "revenue": 97068
        },
        "2018-06": {
            "month": "2018-06",
            "price": "22.53",
            "revenue": 79082
        },
        "2018-07": {
            "month": "2018-07",
            "price": "19.38",
            "revenue": 107349
        },
        "2018-08": {
            "month": "2018-08",
            "price": "17.44",
            "revenue": 96153
        },
        "2018-09": {
            "month": "2018-09",
            "price": "15.63",
            "revenue": 90670
        },
        "2018-10": {
            "month": "2018-10",
            "price": "12.37",
            "revenue": 94738
        },
        "2018-11": {
            "month": "2018-11",
            "price": "12.39",
            "revenue": 79434
        },
        "2018-12": {
            "month": "2018-12",
            "price": "21.42",
            "revenue": 84177
        },
        "2019-01": {
            "month": "2019-01",
            "price": "22.72",
            "revenue": 73038
        },
        "2019-02": {
            "month": "2019-02",
            "price": "22.78",
            "revenue": 67670
        },
        "2019-03": {
            "month": "2019-03",
            "price": "22.24",
            "revenue": 90140
        },
        "2019-04": {
            "month": "2019-04",
            "price": "21.48",
            "revenue": 90987
        },
        "2019-05": {
            "month": "2019-05",
            "price": "20.90",
            "revenue": 94116
        },
        "2019-06": {
            "month": "2019-06",
            "price": "21.03",
            "revenue": 90582
        },
        "2019-07": {
            "month": "2019-07",
            "price": "23.09",
            "revenue": 92749
        },
        "2019-08": {
            "month": "2019-08",
            "price": "26.21",
            "revenue": 87520
        },
        "2019-09": {
            "month": "2019-09",
            "price": "28.99",
            "revenue": 92528
        },
        "2019-10": {
            "month": "2019-10",
            "price": "27.06",
            "revenue": 88477
        },
        "2019-11": {
            "month": "2019-11",
            "price": "32.11",
            "revenue": 99371
        },
        "2019-12": {
            "month": "2019-12",
            "price": "39.09",
            "revenue": 102470
        },
        "2020-01": {
            "month": "2020-01",
            "price": "38.88",
            "revenue": 64318
        },
        "2020-02": {
            "month": "2020-02",
            "price": "36.78",
            "revenue": 77536
        },
        "2020-03": {
            "month": "2020-03",
            "price": "26.47",
            "revenue": 135959
        },
        "2020-04": {
            "month": "2020-04",
            "price": "28.31",
            "revenue": 96179
        },
        "2020-05": {
            "month": "2020-05",
            "price": "31.92",
            "revenue": 92717
        },
        "2020-06": {
            "month": "2020-06",
            "price": "32.63",
            "revenue": 96920
        },
        "2020-07": {
            "month": "2020-07",
            "price": "33.36",
            "revenue": 114454
        },
        "2020-08": {
            "month": "2020-08",
            "price": "30.98",
            "revenue": 112819
        },
        "2020-09": {
            "month": "2020-09",
            "price": "42.88",
            "revenue": 123425
        },
        "2020-10": {
            "month": "2020-10",
            "price": "45.70",
            "revenue": 125679
        },
        "2020-11": {
            "month": "2020-11",
            "price": "50.28",
            "revenue": 121971
        },
        "2020-12": {
            "month": "2020-12",
            "price": "52.24",
            "revenue": 117288
        },
        "2021-01": {
            "month": "2021-01",
            "price": "50.89",
            "revenue": 134278
        },
        "2021-02": {
            "month": "2021-02",
            "price": "52.14",
            "revenue": 111228
        },
        "2021-03": {
            "month": "2021-03",
            "price": "67.01",
            "revenue": 131771
        },
        "2021-04": {
            "month": "2021-04",
            "price": "85.22",
            "revenue": 142069
        },
        "2021-05": {
            "month": "2021-05",
            "price": "71.28",
            "revenue": 138118
        },
        "2021-06": {
            "month": "2021-06",
            "price": "78.57",
            "revenue": 142658
        },
        "2021-07": {
            "month": "2021-07",
            "price": "91.16",
            "revenue": 144263
        },
        "2021-08": {
            "month": "2021-08",
            "price": "90.64",
            "revenue": 148566
        },
        "2021-09": {
            "month": "2021-09",
            "price": "84.79",
            "revenue": 140466
        },
        "2021-10": {
            "month": "2021-10",
            "price": "78.18",
            "revenue": 122895
        },
        "2021-11": {
            "month": "2021-11",
            "price": "87.75",
            "revenue": 115961
        },
        "2021-12": {
            "month": "2021-12",
            "price": "87.85",
            "revenue": 104074
        },
        "2022-01": {
            "month": "2022-01",
            "price": "80.11",
            "revenue": 108131
        },
        "2022-02": {
            "month": "2022-02",
            "price": "75.10",
            "revenue": 107894
        },
        "2022-03": {
            "month": "2022-03",
            "price": "73.09",
            "revenue": 138775
        },
        "2022-04": {
            "month": "2022-04",
            "price": "70.45",
            "revenue": 123338
        },
        "2022-05": {
            "month": "2022-05",
            "price": "65.89",
            "revenue": 104165
        },
        "2022-06": {
            "month": "2022-06",
            "price": "62.98",
            "revenue": 82967
        },
        "2022-07": {
            "month": "2022-07",
            "price": "48.89",
            "revenue": 73137
        },
        "2022-08": {
            "month": "2022-08",
            "price": "51.49",
            "revenue": 67325
        },
        "2022-09": {
            "month": "2022-09",
            "price": "47.85",
            "revenue": 61920
        },
        "2022-10": {
            "month": "2022-10",
            "price": "45.70",
            "revenue": 56267
        },
        "2022-11": {
            "month": "2022-11",
            "price": "51.66",
            "revenue": 59151
        },
        "2022-12": {
            "month": "2022-12",
            "price": "53.50",
            "revenue": 52905
        },
        "2023-01": {
            "month": "2023-01",
            "price": "54.43",
            "revenue": 54253
        },
        "2023-02": {
            "month": "2023-02",
            "price": "58.23",
            "revenue": 58220
        },
        "2023-03": {
            "month": "2023-03",
            "price": "62.13",
            "revenue": 86076
        },
        "2023-04": {
            "month": "2023-04",
            "price": "59.48",
            "revenue": 88808
        }
    }
}
