{
    "summary": {
        "stock_name": "聯一光",
        "stock_id": "3441",
        "category": "光電",
        "main_business": "各種光學玻璃、光學鏡片、透鏡毛胚、稜鏡毛胚之製造、加工及買賣<br>各種精密光學鏡頭、光學儀器之製造、加工及買賣<br>照相機、望遠鏡、放大鏡、等光學用器具之製造加工及買賣",
        "website_url": "http://www.t-unique.com",
        "ceo": "陳忠禮",
        "pe_ratio": 19,
        "report_year_from": 2003,
        "report_year_to": 2023,
        "age": 20,
        "eps_negative_percentage": 40,
        "eps_growth_avg": {
            "last_all": -1.38,
            "last_2y": 0,
            "last_4y": 0,
            "last_8y": -33.33,
            "last_12y": -1.38,
            "last_16y": null,
            "last_20y": null,
            "at_2006_last_3y": null,
            "at_2007_last_3y": null,
            "at_2008_last_3y": null,
            "at_2009_last_3y": null,
            "at_2010_last_3y": null,
            "at_2011_last_3y": null,
            "at_2012_last_3y": null,
            "at_2013_last_3y": 22.58,
            "at_2014_last_3y": -3.23,
            "at_2015_last_3y": -68.9,
            "at_2016_last_3y": -100,
            "at_2017_last_3y": -100,
            "at_2018_last_3y": -100,
            "at_2019_last_3y": null,
            "at_2020_last_3y": -100,
            "at_2021_last_3y": -100,
            "at_2022_last_3y": 0,
            "at_2023_last_3y": 0,
            "at_2006_last_all": null,
            "at_2007_last_all": null,
            "at_2008_last_all": null,
            "at_2009_last_all": null,
            "at_2010_last_all": null,
            "at_2011_last_all": 98.5,
            "at_2012_last_all": 63.44,
            "at_2013_last_all": 22.58,
            "at_2014_last_all": 22.58,
            "at_2015_last_all": -1.94,
            "at_2016_last_all": -1.94,
            "at_2017_last_all": -1.94,
            "at_2018_last_all": -1.94,
            "at_2019_last_all": -1.94,
            "at_2020_last_all": -18.28,
            "at_2021_last_all": -18.28,
            "at_2022_last_all": -1.38,
            "at_2023_last_all": -1.38
        },
        "latest_eps": 2.14,
        "latest_price": 41.65,
        "latest_roe": 11.53,
        "latest_gross_margin": 34.99,
        "latest_equity": 801241,
        "latest_revenue": 78996,
        "latest_gross_profit": 27642,
        "latest_net_income": 11541,
        "latest_debt_ratio": 23.55,
        "latest_current_ratio": 435.16,
        "latest_account_receivable_turnover_ratio": 0.98,
        "latest_inventory_turnover_ratio": 0.25,
        "latest_reinvestment_rate": -36.46,
        "latest_research_to_sale_ratio": 2.21
    },
    "eps_dividends": {
        "2001": {
            "cash": 0,
            "stock": 0,
            "eps": 0
        },
        "2002": {
            "cash": 0,
            "stock": 0,
            "eps": 0
        },
        "2003": {
            "cash": 0,
            "stock": 0,
            "eps": 0
        },
        "2004": {
            "cash": 0,
            "stock": 0,
            "eps": 0
        },
        "2005": {
            "cash": 1,
            "stock": 2,
            "eps": 0
        },
        "2006": {
            "cash": 1,
            "stock": 2,
            "eps": 0
        },
        "2007": {
            "cash": 0,
            "stock": 1,
            "eps": 0
        },
        "2008": {
            "cash": 1,
            "stock": 1,
            "eps": 0
        },
        "2009": {
            "cash": 1,
            "stock": 1,
            "eps": 0.79
        },
        "2010": {
            "cash": 1,
            "stock": 0,
            "eps": 1.67
        },
        "2011": {
            "cash": 1,
            "stock": 0,
            "eps": 3.29
        },
        "2012": {
            "cash": 1,
            "stock": 0,
            "eps": 3.07
        },
        "2013": {
            "cash": 2,
            "stock": 0,
            "eps": -0.06
        },
        "2014": {
            "cash": 1,
            "stock": 0,
            "eps": 0.25
        },
        "2015": {
            "cash": 1,
            "stock": 0,
            "eps": -0.89
        },
        "2016": {
            "cash": 0,
            "stock": 0,
            "eps": -0.69
        },
        "2017": {
            "cash": 1,
            "stock": 0,
            "eps": -0.04
        },
        "2018": {
            "cash": 2,
            "stock": 0,
            "eps": -0.59
        },
        "2019": {
            "cash": 2,
            "stock": 0,
            "eps": 0.67
        },
        "2020": {
            "cash": 2,
            "stock": 0,
            "eps": -0.4
        },
        "2021": {
            "cash": 1,
            "stock": 0,
            "eps": 0.64
        },
        "2022": {
            "cash": 1,
            "stock": 0,
            "eps": 2.51
        },
        "2023": {
            "cash": 2,
            "stock": 0,
            "eps": 0.28
        }
    },
    "dividends": {
        "2005-04-01": {
            "cash": 0.5,
            "stock": 1.5
        },
        "2006-03-17": {
            "cash": 0.5,
            "stock": 1.5
        },
        "2007-03-28": {
            "cash": 0,
            "stock": 1
        },
        "2008-03-21": {
            "cash": 0.5,
            "stock": 1
        },
        "2009-03-31": {
            "cash": 0.5,
            "stock": 0.5
        },
        "2010-03-30": {
            "cash": 0.5,
            "stock": 0
        },
        "2011-03-31": {
            "cash": 0.8,
            "stock": 0
        },
        "2012-06-13": {
            "cash": 0.83,
            "stock": 0.25
        },
        "2013-06-10": {
            "cash": 1.5,
            "stock": 0.3
        },
        "2014-08-14": {
            "cash": 0.5,
            "stock": 0
        },
        "2015-07-31": {
            "cash": 0.6,
            "stock": 0
        },
        "2017-08-16": {
            "cash": 1.2,
            "stock": 0
        },
        "2018-08-21": {
            "cash": 1.5,
            "stock": 0
        },
        "2019-08-13": {
            "cash": 1.5,
            "stock": 0
        },
        "2020-08-05": {
            "cash": 2.1,
            "stock": 0
        },
        "2021-09-16": {
            "cash": 0.5,
            "stock": 0
        },
        "2022-08-02": {
            "cash": 0.5,
            "stock": 0
        },
        "2023-03-07": {
            "cash": 1.5,
            "stock": 0
        }
    },
    "prices": {
        "200101": "無",
        "200102": "無",
        "200103": "無",
        "200104": "無",
        "200105": "無",
        "200106": "無",
        "200107": "無",
        "200108": "無",
        "200109": "無",
        "200110": "無",
        "200111": "無",
        "200112": "無",
        "200201": "無",
        "200202": "無",
        "200203": "無",
        "200204": "無",
        "200205": "無",
        "200206": "無",
        "200207": "無",
        "200208": "無",
        "200209": "無",
        "200210": "無",
        "200211": "無",
        "200212": "無",
        "200301": "無",
        "200302": "無",
        "200303": "無",
        "200304": "無",
        "200305": "無",
        "200306": "無",
        "200307": "無",
        "200308": "無",
        "200309": "無",
        "200310": "無",
        "200311": "無",
        "200312": "無",
        "200401": "無",
        "200402": "無",
        "200403": "無",
        "200404": "無",
        "200405": "無",
        "200406": "無",
        "200407": "無",
        "200408": "無",
        "200409": "無",
        "200410": "無",
        "200411": "無",
        "200412": "無",
        "200501": "無",
        "200502": "無",
        "200503": "無",
        "200504": "無",
        "200505": "48.23",
        "200506": "48.85",
        "200507": "49.80",
        "200508": "45.26",
        "200509": "45.85",
        "200510": "45.00",
        "200511": "42.19",
        "200512": "43.11",
        "200601": "45.38",
        "200602": "47.26",
        "200603": "49.45",
        "200604": "48.44",
        "200605": "48.88",
        "200606": "48.60",
        "200607": "47.01",
        "200608": "41.10",
        "200609": "32.45",
        "200610": "27.32",
        "200611": "24.31",
        "200612": "21.56",
        "200701": "20.20",
        "200702": "20.06",
        "200703": "20.03",
        "200704": "23.38",
        "200705": "23.52",
        "200706": "24.74",
        "200707": "26.82",
        "200708": "26.81",
        "200709": "25.42",
        "200710": "23.00",
        "200711": "17.65",
        "200712": "13.38",
        "200801": "13.22",
        "200802": "12.86",
        "200803": "12.24",
        "200804": "13.59",
        "200805": "14.90",
        "200806": "14.28",
        "200807": "15.37",
        "200808": "15.68",
        "200809": "14.24",
        "200810": "14.03",
        "200811": "8.12",
        "200812": "6.68",
        "200901": "7.10",
        "200902": "7.56",
        "200903": "8.08",
        "200904": "6.60",
        "200905": "無",
        "200906": "6.50",
        "200907": "7.02",
        "200908": "10.11",
        "200909": "10.00",
        "200910": "10.00",
        "200911": "10.00",
        "200912": "10.90",
        "201001": "無",
        "201002": "無",
        "201003": "12.82",
        "201004": "23.01",
        "201005": "36.85",
        "201006": "38.15",
        "201007": "37.41",
        "201008": "42.80",
        "201009": "44.18",
        "201010": "35.88",
        "201011": "30.43",
        "201012": "33.03",
        "201101": "31.49",
        "201102": "29.22",
        "201103": "32.81",
        "201104": "34.99",
        "201105": "40.23",
        "201106": "51.64",
        "201107": "54.14",
        "201108": "55.83",
        "201109": "47.99",
        "201110": "42.85",
        "201111": "41.52",
        "201112": "35.26",
        "201201": "37.44",
        "201202": "47.45",
        "201203": "54.37",
        "201204": "52.56",
        "201205": "52.77",
        "201206": "52.14",
        "201207": "49.91",
        "201208": "48.71",
        "201209": "48.19",
        "201210": "42.83",
        "201211": "36.07",
        "201212": "34.64",
        "201301": "37.67",
        "201302": "39.45",
        "201303": "36.80",
        "201304": "32.54",
        "201305": "31.25",
        "201306": "27.80",
        "201307": "27.04",
        "201308": "24.14",
        "201309": "22.18",
        "201310": "20.20",
        "201311": "17.11",
        "201312": "17.91",
        "201401": "21.19",
        "201402": "20.13",
        "201403": "21.77",
        "201404": "20.92",
        "201405": "19.82",
        "201406": "21.88",
        "201407": "25.39",
        "201408": "21.27",
        "201409": "21.19",
        "201410": "19.49",
        "201411": "18.15",
        "201412": "18.57",
        "201501": "19.27",
        "201502": "19.10",
        "201503": "19.85",
        "201504": "21.11",
        "201505": "19.12",
        "201506": "15.86",
        "201507": "13.77",
        "201508": "11.11",
        "201509": "11.23",
        "201510": "11.95",
        "201511": "11.93",
        "201512": "11.44",
        "201601": "10.60",
        "201602": "11.90",
        "201603": "11.92",
        "201604": "11.41",
        "201605": "10.93",
        "201606": "12.16",
        "201607": "14.76",
        "201608": "14.32",
        "201609": "14.85",
        "201610": "14.05",
        "201611": "14.12",
        "201612": "15.51",
        "201701": "19.23",
        "201702": "18.94",
        "201703": "19.73",
        "201704": "30.09",
        "201705": "40.89",
        "201706": "41.89",
        "201707": "42.84",
        "201708": "51.61",
        "201709": "56.05",
        "201710": "51.68",
        "201711": "44.53",
        "201712": "41.06",
        "201801": "37.94",
        "201802": "33.90",
        "201803": "34.44",
        "201804": "35.09",
        "201805": "32.29",
        "201806": "40.49",
        "201807": "36.15",
        "201808": "32.71",
        "201809": "26.73",
        "201810": "21.75",
        "201811": "22.02",
        "201812": "23.15",
        "201901": "24.01",
        "201902": "27.65",
        "201903": "30.88",
        "201904": "32.28",
        "201905": "29.91",
        "201906": "30.38",
        "201907": "31.90",
        "201908": "28.83",
        "201909": "29.72",
        "201910": "30.84",
        "201911": "30.21",
        "201912": "29.82",
        "202001": "29.35",
        "202002": "25.49",
        "202003": "22.01",
        "202004": "25.02",
        "202005": "25.83",
        "202006": "27.34",
        "202007": "28.42",
        "202008": "26.72",
        "202009": "26.38",
        "202010": "24.68",
        "202011": "24.89",
        "202012": "27.58",
        "202101": "26.81",
        "202102": "27.95",
        "202103": "34.72",
        "202104": "43.56",
        "202105": "33.86",
        "202106": "36.71",
        "202107": "41.96",
        "202108": "38.17",
        "202109": "40.24",
        "202110": "38.53",
        "202111": "40.90",
        "202112": "38.78",
        "202201": "38.39",
        "202202": "35.94",
        "202203": "32.53",
        "202204": "32.19",
        "202205": "31.05",
        "202206": "35.56",
        "202207": "36.63",
        "202208": "41.48",
        "202209": "37.67",
        "202210": "32.12",
        "202211": "37.76",
        "202212": "41.87",
        "202301": "38.50",
        "202302": "41.56",
        "202303": "45.34",
        "202304": "45.58",
        "202305": "42.40"
    },
    "quarters": {
        "20011": {
            "year_quarter": 20011,
            "year": 2001,
            "quarter": 1,
            "eps": null,
            "eps_growth_year": null,
            "eps_4q": null,
            "eps_4q_growth_year": null,
            "roe": null,
            "roe_4q": 0,
            "gross_profit": null,
            "gross_margin": null,
            "gross_margin_4q_avg": 0,
            "net_income": null,
            "revenue": null,
            "common_shares": null,
            "book_valuer_per_share": null,
            "book_valuer_per_share_4q_avg": 0,
            "equity": null,
            "current_ratio": null,
            "debt_ratio": null,
            "inventory_turnover_ratio": null,
            "account_receivable_turnover_ratio": null,
            "reinvestment_rate": null,
            "research_to_sale_ratio": null,
            "price_fair": 0,
            "eps_avg_yearly": 0,
            "eps_latest_yearly": 0,
            "eps_growth_yearly": 0
        },
        "20012": {
            "year_quarter": 20012,
            "year": 2001,
            "quarter": 2,
            "eps": null,
            "eps_growth_year": null,
            "eps_4q": null,
            "eps_4q_growth_year": null,
            "roe": null,
            "roe_4q": 0,
            "gross_profit": null,
            "gross_margin": null,
            "gross_margin_4q_avg": 0,
            "net_income": null,
            "revenue": null,
            "common_shares": null,
            "book_valuer_per_share": null,
            "book_valuer_per_share_4q_avg": 0,
            "equity": null,
            "current_ratio": null,
            "debt_ratio": null,
            "inventory_turnover_ratio": null,
            "account_receivable_turnover_ratio": null,
            "reinvestment_rate": null,
            "research_to_sale_ratio": null,
            "price_fair": 0,
            "eps_avg_yearly": 0,
            "eps_latest_yearly": 0,
            "eps_growth_yearly": 0
        },
        "20013": {
            "year_quarter": 20013,
            "year": 2001,
            "quarter": 3,
            "eps": null,
            "eps_growth_year": null,
            "eps_4q": null,
            "eps_4q_growth_year": null,
            "roe": null,
            "roe_4q": 0,
            "gross_profit": null,
            "gross_margin": null,
            "gross_margin_4q_avg": 0,
            "net_income": null,
            "revenue": null,
            "common_shares": null,
            "book_valuer_per_share": null,
            "book_valuer_per_share_4q_avg": 0,
            "equity": null,
            "current_ratio": null,
            "debt_ratio": null,
            "inventory_turnover_ratio": null,
            "account_receivable_turnover_ratio": null,
            "reinvestment_rate": null,
            "research_to_sale_ratio": null,
            "price_fair": 0,
            "eps_avg_yearly": 0,
            "eps_latest_yearly": 0,
            "eps_growth_yearly": 0
        },
        "20014": {
            "year_quarter": 20014,
            "year": 2001,
            "quarter": 4,
            "eps": null,
            "eps_growth_year": null,
            "eps_4q": null,
            "eps_4q_growth_year": null,
            "roe": null,
            "roe_4q": 0,
            "gross_profit": null,
            "gross_margin": null,
            "gross_margin_4q_avg": 0,
            "net_income": null,
            "revenue": null,
            "common_shares": 67860,
            "book_valuer_per_share": 12.89,
            "book_valuer_per_share_4q_avg": 3.22,
            "equity": 87460,
            "current_ratio": 153.65,
            "debt_ratio": 40.38,
            "inventory_turnover_ratio": null,
            "account_receivable_turnover_ratio": null,
            "reinvestment_rate": null,
            "research_to_sale_ratio": null,
            "price_fair": 0,
            "eps_avg_yearly": 0,
            "eps_latest_yearly": 0,
            "eps_growth_yearly": 0
        },
        "20021": {
            "year_quarter": 20021,
            "year": 2002,
            "quarter": 1,
            "eps": null,
            "eps_growth_year": null,
            "eps_4q": null,
            "eps_4q_growth_year": null,
            "roe": null,
            "roe_4q": 0,
            "gross_profit": null,
            "gross_margin": null,
            "gross_margin_4q_avg": 0,
            "net_income": null,
            "revenue": null,
            "common_shares": null,
            "book_valuer_per_share": null,
            "book_valuer_per_share_4q_avg": 3.22,
            "equity": null,
            "current_ratio": null,
            "debt_ratio": null,
            "inventory_turnover_ratio": null,
            "account_receivable_turnover_ratio": null,
            "reinvestment_rate": null,
            "research_to_sale_ratio": null,
            "price_fair": 0,
            "eps_avg_yearly": 0,
            "eps_latest_yearly": 0,
            "eps_growth_yearly": 0
        },
        "20022": {
            "year_quarter": 20022,
            "year": 2002,
            "quarter": 2,
            "eps": null,
            "eps_growth_year": null,
            "eps_4q": null,
            "eps_4q_growth_year": null,
            "roe": null,
            "roe_4q": 0,
            "gross_profit": null,
            "gross_margin": null,
            "gross_margin_4q_avg": 0,
            "net_income": null,
            "revenue": null,
            "common_shares": null,
            "book_valuer_per_share": null,
            "book_valuer_per_share_4q_avg": 3.22,
            "equity": null,
            "current_ratio": null,
            "debt_ratio": null,
            "inventory_turnover_ratio": null,
            "account_receivable_turnover_ratio": null,
            "reinvestment_rate": null,
            "research_to_sale_ratio": null,
            "price_fair": 0,
            "eps_avg_yearly": 0,
            "eps_latest_yearly": 0,
            "eps_growth_yearly": 0
        },
        "20023": {
            "year_quarter": 20023,
            "year": 2002,
            "quarter": 3,
            "eps": null,
            "eps_growth_year": null,
            "eps_4q": null,
            "eps_4q_growth_year": null,
            "roe": null,
            "roe_4q": 0,
            "gross_profit": null,
            "gross_margin": null,
            "gross_margin_4q_avg": 0,
            "net_income": null,
            "revenue": null,
            "common_shares": null,
            "book_valuer_per_share": null,
            "book_valuer_per_share_4q_avg": 3.22,
            "equity": null,
            "current_ratio": null,
            "debt_ratio": null,
            "inventory_turnover_ratio": null,
            "account_receivable_turnover_ratio": null,
            "reinvestment_rate": null,
            "research_to_sale_ratio": null,
            "price_fair": 0,
            "eps_avg_yearly": 0,
            "eps_latest_yearly": 0,
            "eps_growth_yearly": 0
        },
        "20024": {
            "year_quarter": 20024,
            "year": 2002,
            "quarter": 4,
            "eps": null,
            "eps_growth_year": null,
            "eps_4q": null,
            "eps_4q_growth_year": null,
            "roe": null,
            "roe_4q": 0,
            "gross_profit": null,
            "gross_margin": null,
            "gross_margin_4q_avg": 0,
            "net_income": null,
            "revenue": null,
            "common_shares": 67860,
            "book_valuer_per_share": 13.68,
            "book_valuer_per_share_4q_avg": 3.42,
            "equity": 117964,
            "current_ratio": 119.17,
            "debt_ratio": 55.83,
            "inventory_turnover_ratio": null,
            "account_receivable_turnover_ratio": null,
            "reinvestment_rate": null,
            "research_to_sale_ratio": null,
            "price_fair": 0,
            "eps_avg_yearly": 0,
            "eps_latest_yearly": 0,
            "eps_growth_yearly": 0
        },
        "20031": {
            "year_quarter": 20031,
            "year": 2003,
            "quarter": 1,
            "eps": null,
            "eps_growth_year": null,
            "eps_4q": null,
            "eps_4q_growth_year": null,
            "roe": null,
            "roe_4q": 0,
            "gross_profit": null,
            "gross_margin": null,
            "gross_margin_4q_avg": 0,
            "net_income": null,
            "revenue": null,
            "common_shares": null,
            "book_valuer_per_share": null,
            "book_valuer_per_share_4q_avg": 3.42,
            "equity": null,
            "current_ratio": null,
            "debt_ratio": null,
            "inventory_turnover_ratio": null,
            "account_receivable_turnover_ratio": null,
            "reinvestment_rate": null,
            "research_to_sale_ratio": null,
            "price_fair": 0,
            "eps_avg_yearly": 0,
            "eps_latest_yearly": 0,
            "eps_growth_yearly": 0
        },
        "20032": {
            "year_quarter": 20032,
            "year": 2003,
            "quarter": 2,
            "eps": null,
            "eps_growth_year": null,
            "eps_4q": null,
            "eps_4q_growth_year": null,
            "roe": null,
            "roe_4q": 0,
            "gross_profit": null,
            "gross_margin": null,
            "gross_margin_4q_avg": 0,
            "net_income": null,
            "revenue": null,
            "common_shares": null,
            "book_valuer_per_share": null,
            "book_valuer_per_share_4q_avg": 3.42,
            "equity": null,
            "current_ratio": null,
            "debt_ratio": null,
            "inventory_turnover_ratio": null,
            "account_receivable_turnover_ratio": null,
            "reinvestment_rate": null,
            "research_to_sale_ratio": null,
            "price_fair": 0,
            "eps_avg_yearly": 0,
            "eps_latest_yearly": 0,
            "eps_growth_yearly": 0
        },
        "20033": {
            "year_quarter": 20033,
            "year": 2003,
            "quarter": 3,
            "eps": null,
            "eps_growth_year": null,
            "eps_4q": null,
            "eps_4q_growth_year": null,
            "roe": null,
            "roe_4q": 0,
            "gross_profit": null,
            "gross_margin": null,
            "gross_margin_4q_avg": 0,
            "net_income": null,
            "revenue": null,
            "common_shares": null,
            "book_valuer_per_share": null,
            "book_valuer_per_share_4q_avg": 3.42,
            "equity": null,
            "current_ratio": null,
            "debt_ratio": null,
            "inventory_turnover_ratio": null,
            "account_receivable_turnover_ratio": null,
            "reinvestment_rate": null,
            "research_to_sale_ratio": null,
            "price_fair": 0,
            "eps_avg_yearly": 0,
            "eps_latest_yearly": 0,
            "eps_growth_yearly": 0
        },
        "20034": {
            "year_quarter": 20034,
            "year": 2003,
            "quarter": 4,
            "eps": null,
            "eps_growth_year": null,
            "eps_4q": null,
            "eps_4q_growth_year": null,
            "roe": null,
            "roe_4q": 0,
            "gross_profit": null,
            "gross_margin": null,
            "gross_margin_4q_avg": 0,
            "net_income": null,
            "revenue": null,
            "common_shares": 100071,
            "book_valuer_per_share": 15.56,
            "book_valuer_per_share_4q_avg": 3.89,
            "equity": 187433,
            "current_ratio": 134.51,
            "debt_ratio": 57.34,
            "inventory_turnover_ratio": null,
            "account_receivable_turnover_ratio": null,
            "reinvestment_rate": null,
            "research_to_sale_ratio": null,
            "price_fair": 0,
            "eps_avg_yearly": 0,
            "eps_latest_yearly": 0,
            "eps_growth_yearly": 0
        },
        "20041": {
            "year_quarter": 20041,
            "year": 2004,
            "quarter": 1,
            "eps": null,
            "eps_growth_year": null,
            "eps_4q": null,
            "eps_4q_growth_year": null,
            "roe": null,
            "roe_4q": 0,
            "gross_profit": null,
            "gross_margin": null,
            "gross_margin_4q_avg": 0,
            "net_income": null,
            "revenue": null,
            "common_shares": null,
            "book_valuer_per_share": null,
            "book_valuer_per_share_4q_avg": 3.89,
            "equity": null,
            "current_ratio": null,
            "debt_ratio": null,
            "inventory_turnover_ratio": null,
            "account_receivable_turnover_ratio": null,
            "reinvestment_rate": null,
            "research_to_sale_ratio": null,
            "price_fair": 0,
            "eps_avg_yearly": 0,
            "eps_latest_yearly": 0,
            "eps_growth_yearly": 0
        },
        "20042": {
            "year_quarter": 20042,
            "year": 2004,
            "quarter": 2,
            "eps": null,
            "eps_growth_year": null,
            "eps_4q": null,
            "eps_4q_growth_year": null,
            "roe": null,
            "roe_4q": 0,
            "gross_profit": null,
            "gross_margin": null,
            "gross_margin_4q_avg": 0,
            "net_income": null,
            "revenue": null,
            "common_shares": null,
            "book_valuer_per_share": null,
            "book_valuer_per_share_4q_avg": 3.89,
            "equity": null,
            "current_ratio": null,
            "debt_ratio": null,
            "inventory_turnover_ratio": null,
            "account_receivable_turnover_ratio": null,
            "reinvestment_rate": null,
            "research_to_sale_ratio": null,
            "price_fair": 0,
            "eps_avg_yearly": 0,
            "eps_latest_yearly": 0,
            "eps_growth_yearly": 0
        },
        "20043": {
            "year_quarter": 20043,
            "year": 2004,
            "quarter": 3,
            "eps": null,
            "eps_growth_year": null,
            "eps_4q": null,
            "eps_4q_growth_year": null,
            "roe": null,
            "roe_4q": 0,
            "gross_profit": null,
            "gross_margin": null,
            "gross_margin_4q_avg": 0,
            "net_income": null,
            "revenue": null,
            "common_shares": null,
            "book_valuer_per_share": null,
            "book_valuer_per_share_4q_avg": 3.89,
            "equity": null,
            "current_ratio": null,
            "debt_ratio": null,
            "inventory_turnover_ratio": null,
            "account_receivable_turnover_ratio": null,
            "reinvestment_rate": null,
            "research_to_sale_ratio": null,
            "price_fair": 0,
            "eps_avg_yearly": 0,
            "eps_latest_yearly": 0,
            "eps_growth_yearly": 0
        },
        "20044": {
            "year_quarter": 20044,
            "year": 2004,
            "quarter": 4,
            "eps": null,
            "eps_growth_year": null,
            "eps_4q": null,
            "eps_4q_growth_year": null,
            "roe": null,
            "roe_4q": 0,
            "gross_profit": null,
            "gross_margin": null,
            "gross_margin_4q_avg": 0,
            "net_income": null,
            "revenue": null,
            "common_shares": 157839,
            "book_valuer_per_share": 26.41,
            "book_valuer_per_share_4q_avg": 6.6,
            "equity": 457242,
            "current_ratio": 214.95,
            "debt_ratio": 38.79,
            "inventory_turnover_ratio": null,
            "account_receivable_turnover_ratio": null,
            "reinvestment_rate": null,
            "research_to_sale_ratio": null,
            "price_fair": 0,
            "eps_avg_yearly": 0,
            "eps_latest_yearly": 0,
            "eps_growth_yearly": 0
        },
        "20051": {
            "year_quarter": 20051,
            "year": 2005,
            "quarter": 1,
            "eps": null,
            "eps_growth_year": null,
            "eps_4q": null,
            "eps_4q_growth_year": null,
            "roe": null,
            "roe_4q": 0,
            "gross_profit": null,
            "gross_margin": null,
            "gross_margin_4q_avg": 0,
            "net_income": null,
            "revenue": null,
            "common_shares": null,
            "book_valuer_per_share": null,
            "book_valuer_per_share_4q_avg": 6.6,
            "equity": null,
            "current_ratio": null,
            "debt_ratio": null,
            "inventory_turnover_ratio": null,
            "account_receivable_turnover_ratio": null,
            "reinvestment_rate": null,
            "research_to_sale_ratio": null,
            "price_fair": 0,
            "eps_avg_yearly": 0,
            "eps_latest_yearly": 0,
            "eps_growth_yearly": 0
        },
        "20052": {
            "year_quarter": 20052,
            "year": 2005,
            "quarter": 2,
            "eps": null,
            "eps_growth_year": null,
            "eps_4q": null,
            "eps_4q_growth_year": null,
            "roe": null,
            "roe_4q": 0,
            "gross_profit": null,
            "gross_margin": null,
            "gross_margin_4q_avg": 0,
            "net_income": null,
            "revenue": null,
            "common_shares": null,
            "book_valuer_per_share": null,
            "book_valuer_per_share_4q_avg": 6.6,
            "equity": null,
            "current_ratio": null,
            "debt_ratio": null,
            "inventory_turnover_ratio": null,
            "account_receivable_turnover_ratio": null,
            "reinvestment_rate": null,
            "research_to_sale_ratio": null,
            "price_fair": 0,
            "eps_avg_yearly": 0,
            "eps_latest_yearly": 0,
            "eps_growth_yearly": 0
        },
        "20053": {
            "year_quarter": 20053,
            "year": 2005,
            "quarter": 3,
            "eps": null,
            "eps_growth_year": null,
            "eps_4q": null,
            "eps_4q_growth_year": null,
            "roe": null,
            "roe_4q": 0,
            "gross_profit": null,
            "gross_margin": null,
            "gross_margin_4q_avg": 0,
            "net_income": null,
            "revenue": null,
            "common_shares": null,
            "book_valuer_per_share": null,
            "book_valuer_per_share_4q_avg": 6.6,
            "equity": null,
            "current_ratio": null,
            "debt_ratio": null,
            "inventory_turnover_ratio": null,
            "account_receivable_turnover_ratio": null,
            "reinvestment_rate": null,
            "research_to_sale_ratio": null,
            "price_fair": 0,
            "eps_avg_yearly": 0,
            "eps_latest_yearly": 0,
            "eps_growth_yearly": 0
        },
        "20054": {
            "year_quarter": 20054,
            "year": 2005,
            "quarter": 4,
            "eps": null,
            "eps_growth_year": null,
            "eps_4q": null,
            "eps_4q_growth_year": null,
            "roe": null,
            "roe_4q": 0,
            "gross_profit": null,
            "gross_margin": null,
            "gross_margin_4q_avg": 0,
            "net_income": null,
            "revenue": null,
            "common_shares": 184543,
            "book_valuer_per_share": 25.82,
            "book_valuer_per_share_4q_avg": 6.46,
            "equity": 571702,
            "current_ratio": 283.34,
            "debt_ratio": 23.79,
            "inventory_turnover_ratio": null,
            "account_receivable_turnover_ratio": null,
            "reinvestment_rate": null,
            "research_to_sale_ratio": null,
            "price_fair": 0,
            "eps_avg_yearly": 0,
            "eps_latest_yearly": 0,
            "eps_growth_yearly": 0
        },
        "20061": {
            "year_quarter": 20061,
            "year": 2006,
            "quarter": 1,
            "eps": null,
            "eps_growth_year": null,
            "eps_4q": null,
            "eps_4q_growth_year": null,
            "roe": null,
            "roe_4q": 0,
            "gross_profit": null,
            "gross_margin": null,
            "gross_margin_4q_avg": 0,
            "net_income": null,
            "revenue": null,
            "common_shares": null,
            "book_valuer_per_share": null,
            "book_valuer_per_share_4q_avg": 6.46,
            "equity": null,
            "current_ratio": null,
            "debt_ratio": null,
            "inventory_turnover_ratio": null,
            "account_receivable_turnover_ratio": null,
            "reinvestment_rate": null,
            "research_to_sale_ratio": null,
            "price_fair": 0,
            "eps_avg_yearly": 0,
            "eps_latest_yearly": 0,
            "eps_growth_yearly": 0
        },
        "20062": {
            "year_quarter": 20062,
            "year": 2006,
            "quarter": 2,
            "eps": null,
            "eps_growth_year": null,
            "eps_4q": null,
            "eps_4q_growth_year": null,
            "roe": null,
            "roe_4q": 0,
            "gross_profit": null,
            "gross_margin": null,
            "gross_margin_4q_avg": 0,
            "net_income": null,
            "revenue": null,
            "common_shares": null,
            "book_valuer_per_share": null,
            "book_valuer_per_share_4q_avg": 6.46,
            "equity": null,
            "current_ratio": null,
            "debt_ratio": null,
            "inventory_turnover_ratio": null,
            "account_receivable_turnover_ratio": null,
            "reinvestment_rate": null,
            "research_to_sale_ratio": null,
            "price_fair": 0,
            "eps_avg_yearly": 0,
            "eps_latest_yearly": 0,
            "eps_growth_yearly": 0
        },
        "20063": {
            "year_quarter": 20063,
            "year": 2006,
            "quarter": 3,
            "eps": null,
            "eps_growth_year": null,
            "eps_4q": null,
            "eps_4q_growth_year": null,
            "roe": null,
            "roe_4q": 0,
            "gross_profit": null,
            "gross_margin": null,
            "gross_margin_4q_avg": 0,
            "net_income": null,
            "revenue": null,
            "common_shares": null,
            "book_valuer_per_share": null,
            "book_valuer_per_share_4q_avg": 6.46,
            "equity": null,
            "current_ratio": null,
            "debt_ratio": null,
            "inventory_turnover_ratio": null,
            "account_receivable_turnover_ratio": null,
            "reinvestment_rate": null,
            "research_to_sale_ratio": null,
            "price_fair": 0,
            "eps_avg_yearly": 0,
            "eps_latest_yearly": 0,
            "eps_growth_yearly": 0
        },
        "20064": {
            "year_quarter": 20064,
            "year": 2006,
            "quarter": 4,
            "eps": null,
            "eps_growth_year": null,
            "eps_4q": null,
            "eps_4q_growth_year": null,
            "roe": null,
            "roe_4q": 0,
            "gross_profit": null,
            "gross_margin": null,
            "gross_margin_4q_avg": 0,
            "net_income": null,
            "revenue": null,
            "common_shares": 215080,
            "book_valuer_per_share": 21.89,
            "book_valuer_per_share_4q_avg": 5.47,
            "equity": 564503,
            "current_ratio": 195.8,
            "debt_ratio": 30.33,
            "inventory_turnover_ratio": null,
            "account_receivable_turnover_ratio": null,
            "reinvestment_rate": null,
            "research_to_sale_ratio": null,
            "price_fair": 0,
            "eps_avg_yearly": 0,
            "eps_latest_yearly": 0,
            "eps_growth_yearly": 0
        },
        "20071": {
            "year_quarter": 20071,
            "year": 2007,
            "quarter": 1,
            "eps": null,
            "eps_growth_year": null,
            "eps_4q": null,
            "eps_4q_growth_year": null,
            "roe": null,
            "roe_4q": 0,
            "gross_profit": null,
            "gross_margin": null,
            "gross_margin_4q_avg": 0,
            "net_income": null,
            "revenue": null,
            "common_shares": null,
            "book_valuer_per_share": null,
            "book_valuer_per_share_4q_avg": 5.47,
            "equity": null,
            "current_ratio": null,
            "debt_ratio": null,
            "inventory_turnover_ratio": null,
            "account_receivable_turnover_ratio": null,
            "reinvestment_rate": null,
            "research_to_sale_ratio": null,
            "price_fair": 0,
            "eps_avg_yearly": 0,
            "eps_latest_yearly": 0,
            "eps_growth_yearly": 0
        },
        "20072": {
            "year_quarter": 20072,
            "year": 2007,
            "quarter": 2,
            "eps": null,
            "eps_growth_year": null,
            "eps_4q": null,
            "eps_4q_growth_year": null,
            "roe": null,
            "roe_4q": 0,
            "gross_profit": null,
            "gross_margin": null,
            "gross_margin_4q_avg": 0,
            "net_income": null,
            "revenue": null,
            "common_shares": null,
            "book_valuer_per_share": null,
            "book_valuer_per_share_4q_avg": 5.47,
            "equity": null,
            "current_ratio": null,
            "debt_ratio": null,
            "inventory_turnover_ratio": null,
            "account_receivable_turnover_ratio": null,
            "reinvestment_rate": null,
            "research_to_sale_ratio": null,
            "price_fair": 0,
            "eps_avg_yearly": 0,
            "eps_latest_yearly": 0,
            "eps_growth_yearly": 0
        },
        "20073": {
            "year_quarter": 20073,
            "year": 2007,
            "quarter": 3,
            "eps": null,
            "eps_growth_year": null,
            "eps_4q": null,
            "eps_4q_growth_year": null,
            "roe": null,
            "roe_4q": 0,
            "gross_profit": null,
            "gross_margin": null,
            "gross_margin_4q_avg": 0,
            "net_income": null,
            "revenue": null,
            "common_shares": null,
            "book_valuer_per_share": null,
            "book_valuer_per_share_4q_avg": 5.47,
            "equity": null,
            "current_ratio": null,
            "debt_ratio": null,
            "inventory_turnover_ratio": null,
            "account_receivable_turnover_ratio": null,
            "reinvestment_rate": null,
            "research_to_sale_ratio": null,
            "price_fair": 0,
            "eps_avg_yearly": 0,
            "eps_latest_yearly": 0,
            "eps_growth_yearly": 0
        },
        "20074": {
            "year_quarter": 20074,
            "year": 2007,
            "quarter": 4,
            "eps": null,
            "eps_growth_year": null,
            "eps_4q": null,
            "eps_4q_growth_year": null,
            "roe": null,
            "roe_4q": 0,
            "gross_profit": null,
            "gross_margin": null,
            "gross_margin_4q_avg": 0,
            "net_income": null,
            "revenue": null,
            "common_shares": 236588,
            "book_valuer_per_share": 21.69,
            "book_valuer_per_share_4q_avg": 5.42,
            "equity": 615191,
            "current_ratio": 195.49,
            "debt_ratio": 31.59,
            "inventory_turnover_ratio": null,
            "account_receivable_turnover_ratio": null,
            "reinvestment_rate": null,
            "research_to_sale_ratio": null,
            "price_fair": 0,
            "eps_avg_yearly": 0,
            "eps_latest_yearly": 0,
            "eps_growth_yearly": 0
        },
        "20081": {
            "year_quarter": 20081,
            "year": 2008,
            "quarter": 1,
            "eps": null,
            "eps_growth_year": null,
            "eps_4q": null,
            "eps_4q_growth_year": null,
            "roe": null,
            "roe_4q": 0,
            "gross_profit": null,
            "gross_margin": null,
            "gross_margin_4q_avg": 0,
            "net_income": null,
            "revenue": null,
            "common_shares": null,
            "book_valuer_per_share": null,
            "book_valuer_per_share_4q_avg": 5.42,
            "equity": null,
            "current_ratio": null,
            "debt_ratio": null,
            "inventory_turnover_ratio": null,
            "account_receivable_turnover_ratio": null,
            "reinvestment_rate": null,
            "research_to_sale_ratio": null,
            "price_fair": 0,
            "eps_avg_yearly": 0,
            "eps_latest_yearly": 0,
            "eps_growth_yearly": 0
        },
        "20082": {
            "year_quarter": 20082,
            "year": 2008,
            "quarter": 2,
            "eps": null,
            "eps_growth_year": null,
            "eps_4q": null,
            "eps_4q_growth_year": null,
            "roe": null,
            "roe_4q": 0,
            "gross_profit": null,
            "gross_margin": null,
            "gross_margin_4q_avg": 0,
            "net_income": null,
            "revenue": null,
            "common_shares": null,
            "book_valuer_per_share": null,
            "book_valuer_per_share_4q_avg": 5.42,
            "equity": null,
            "current_ratio": null,
            "debt_ratio": null,
            "inventory_turnover_ratio": null,
            "account_receivable_turnover_ratio": null,
            "reinvestment_rate": null,
            "research_to_sale_ratio": null,
            "price_fair": 0,
            "eps_avg_yearly": 0,
            "eps_latest_yearly": 0,
            "eps_growth_yearly": 0
        },
        "20083": {
            "year_quarter": 20083,
            "year": 2008,
            "quarter": 3,
            "eps": null,
            "eps_growth_year": null,
            "eps_4q": null,
            "eps_4q_growth_year": null,
            "roe": null,
            "roe_4q": 0,
            "gross_profit": null,
            "gross_margin": null,
            "gross_margin_4q_avg": 0,
            "net_income": null,
            "revenue": null,
            "common_shares": null,
            "book_valuer_per_share": null,
            "book_valuer_per_share_4q_avg": 5.42,
            "equity": null,
            "current_ratio": null,
            "debt_ratio": null,
            "inventory_turnover_ratio": null,
            "account_receivable_turnover_ratio": null,
            "reinvestment_rate": null,
            "research_to_sale_ratio": null,
            "price_fair": 0,
            "eps_avg_yearly": 0,
            "eps_latest_yearly": 0,
            "eps_growth_yearly": 0
        },
        "20084": {
            "year_quarter": 20084,
            "year": 2008,
            "quarter": 4,
            "eps": null,
            "eps_growth_year": null,
            "eps_4q": null,
            "eps_4q_growth_year": null,
            "roe": null,
            "roe_4q": 0,
            "gross_profit": null,
            "gross_margin": null,
            "gross_margin_4q_avg": 0,
            "net_income": null,
            "revenue": null,
            "common_shares": 261560,
            "book_valuer_per_share": 22.07,
            "book_valuer_per_share_4q_avg": 5.52,
            "equity": 644733,
            "current_ratio": 208.61,
            "debt_ratio": 30.09,
            "inventory_turnover_ratio": null,
            "account_receivable_turnover_ratio": null,
            "reinvestment_rate": null,
            "research_to_sale_ratio": null,
            "price_fair": 0,
            "eps_avg_yearly": 0,
            "eps_latest_yearly": 0,
            "eps_growth_yearly": 0
        },
        "20091": {
            "year_quarter": 20091,
            "year": 2009,
            "quarter": 1,
            "eps": -0.04,
            "eps_growth_year": null,
            "eps_4q": null,
            "eps_4q_growth_year": null,
            "roe": -0.18,
            "roe_4q": -0.18,
            "gross_profit": 3315,
            "gross_margin": 7.35,
            "gross_margin_4q_avg": 1.84,
            "net_income": -1122,
            "revenue": 45092,
            "common_shares": 261560,
            "book_valuer_per_share": 22.3,
            "book_valuer_per_share_4q_avg": 11.09,
            "equity": 583373,
            "current_ratio": 97.92,
            "debt_ratio": 19.03,
            "inventory_turnover_ratio": 0.27,
            "account_receivable_turnover_ratio": 0.45,
            "reinvestment_rate": null,
            "research_to_sale_ratio": null,
            "price_fair": 0,
            "eps_avg_yearly": 0,
            "eps_latest_yearly": 0,
            "eps_growth_yearly": 0
        },
        "20092": {
            "year_quarter": 20092,
            "year": 2009,
            "quarter": 2,
            "eps": 0.11,
            "eps_growth_year": null,
            "eps_4q": null,
            "eps_4q_growth_year": null,
            "roe": 0.5,
            "roe_4q": 0.32,
            "gross_profit": 11943,
            "gross_margin": 10.33,
            "gross_margin_4q_avg": 4.42,
            "net_income": 2873,
            "revenue": 115641,
            "common_shares": 261560,
            "book_valuer_per_share": 21.67,
            "book_valuer_per_share_4q_avg": 16.51,
            "equity": 566883,
            "current_ratio": 85.99,
            "debt_ratio": 26.1,
            "inventory_turnover_ratio": 28.34,
            "account_receivable_turnover_ratio": 1.31,
            "reinvestment_rate": null,
            "research_to_sale_ratio": null,
            "price_fair": 0,
            "eps_avg_yearly": 0,
            "eps_latest_yearly": 0,
            "eps_growth_yearly": 0
        },
        "20093": {
            "year_quarter": 20093,
            "year": 2009,
            "quarter": 3,
            "eps": 0.55,
            "eps_growth_year": null,
            "eps_4q": null,
            "eps_4q_growth_year": null,
            "roe": 2.66,
            "roe_4q": 2.98,
            "gross_profit": 12270,
            "gross_margin": 8.89,
            "gross_margin_4q_avg": 6.64,
            "net_income": 15154,
            "revenue": 138008,
            "common_shares": 274638,
            "book_valuer_per_share": 20.78,
            "book_valuer_per_share_4q_avg": 21.71,
            "equity": 570756,
            "current_ratio": 89.9,
            "debt_ratio": 28.39,
            "inventory_turnover_ratio": 77.78,
            "account_receivable_turnover_ratio": 1,
            "reinvestment_rate": null,
            "research_to_sale_ratio": null,
            "price_fair": 77,
            "eps_avg_yearly": 2.2,
            "eps_latest_yearly": 2.2,
            "eps_growth_yearly": 1600
        },
        "20094": {
            "year_quarter": 20094,
            "year": 2009,
            "quarter": 4,
            "eps": 0.17,
            "eps_growth_year": null,
            "eps_4q": 0.79,
            "eps_4q_growth_year": null,
            "roe": 0.78,
            "roe_4q": 3.7600000000000002,
            "gross_profit": 11363,
            "gross_margin": 7.24,
            "gross_margin_4q_avg": 8.45,
            "net_income": 4693,
            "revenue": 156895,
            "common_shares": 274638,
            "book_valuer_per_share": 20.86,
            "book_valuer_per_share_4q_avg": 21.4,
            "equity": 633606,
            "current_ratio": 226.5,
            "debt_ratio": 29.28,
            "inventory_turnover_ratio": 1.18,
            "account_receivable_turnover_ratio": 1.28,
            "reinvestment_rate": null,
            "research_to_sale_ratio": null,
            "price_fair": 50.4,
            "eps_avg_yearly": 1.44,
            "eps_latest_yearly": 0.68,
            "eps_growth_yearly": 661.82
        },
        "20101": {
            "year_quarter": 20101,
            "year": 2010,
            "quarter": 1,
            "eps": 0.39,
            "eps_growth_year": null,
            "eps_4q": 1.22,
            "eps_4q_growth_year": null,
            "roe": 1.73,
            "roe_4q": 5.67,
            "gross_profit": 38117,
            "gross_margin": 20.47,
            "gross_margin_4q_avg": 11.73,
            "net_income": 11010,
            "revenue": 186237,
            "common_shares": 274638,
            "book_valuer_per_share": 21.1,
            "book_valuer_per_share_4q_avg": 21.1,
            "equity": 640373,
            "current_ratio": 254.16,
            "debt_ratio": 26.13,
            "inventory_turnover_ratio": 0.61,
            "account_receivable_turnover_ratio": 0.78,
            "reinvestment_rate": null,
            "research_to_sale_ratio": 0.44,
            "price_fair": 51.8,
            "eps_avg_yearly": 1.48,
            "eps_latest_yearly": 1.56,
            "eps_growth_yearly": 613.76
        },
        "20102": {
            "year_quarter": 20102,
            "year": 2010,
            "quarter": 2,
            "eps": 0.34,
            "eps_growth_year": 204.73,
            "eps_4q": 1.45,
            "eps_4q_growth_year": null,
            "roe": 1.49,
            "roe_4q": 6.66,
            "gross_profit": 35898,
            "gross_margin": 18.57,
            "gross_margin_4q_avg": 13.79,
            "net_income": 9599,
            "revenue": 193334,
            "common_shares": 274638,
            "book_valuer_per_share": 21.23,
            "book_valuer_per_share_4q_avg": 20.99,
            "equity": 645430,
            "current_ratio": 242.94,
            "debt_ratio": 27.91,
            "inventory_turnover_ratio": 0.67,
            "account_receivable_turnover_ratio": 0.8,
            "reinvestment_rate": null,
            "research_to_sale_ratio": 0.4,
            "price_fair": 50.75,
            "eps_avg_yearly": 1.45,
            "eps_latest_yearly": 1.36,
            "eps_growth_yearly": 447.5
        },
        "20103": {
            "year_quarter": 20103,
            "year": 2010,
            "quarter": 3,
            "eps": 0.51,
            "eps_growth_year": -7.26,
            "eps_4q": 1.2,
            "eps_4q_growth_year": null,
            "roe": 2.62,
            "roe_4q": 6.62,
            "gross_profit": 51424,
            "gross_margin": 23.26,
            "gross_margin_4q_avg": 17.39,
            "net_income": 18145,
            "revenue": 221122,
            "common_shares": 277328,
            "book_valuer_per_share": 21.57,
            "book_valuer_per_share_4q_avg": 21.19,
            "equity": 739124,
            "current_ratio": 253.49,
            "debt_ratio": 28.74,
            "inventory_turnover_ratio": 0.72,
            "account_receivable_turnover_ratio": 0.89,
            "reinvestment_rate": null,
            "research_to_sale_ratio": 0.05,
            "price_fair": 54.88,
            "eps_avg_yearly": 1.57,
            "eps_latest_yearly": 2.04,
            "eps_growth_yearly": 398
        },
        "20104": {
            "year_quarter": 20104,
            "year": 2010,
            "quarter": 4,
            "eps": 0.43,
            "eps_growth_year": 151.48,
            "eps_4q": 1.64,
            "eps_4q_growth_year": 108.8,
            "roe": 1.86,
            "roe_4q": 7.700000000000001,
            "gross_profit": 43841,
            "gross_margin": 21.39,
            "gross_margin_4q_avg": 20.92,
            "net_income": 13466,
            "revenue": 204928,
            "common_shares": 314308,
            "book_valuer_per_share": 20.82,
            "book_valuer_per_share_4q_avg": 21.18,
            "equity": 712297,
            "current_ratio": 326.41,
            "debt_ratio": 22.09,
            "inventory_turnover_ratio": 0.71,
            "account_receivable_turnover_ratio": 0.87,
            "reinvestment_rate": null,
            "research_to_sale_ratio": 0.73,
            "price_fair": 55.77,
            "eps_avg_yearly": 1.59,
            "eps_latest_yearly": 1.72,
            "eps_growth_yearly": 321.21
        },
        "20111": {
            "year_quarter": 20111,
            "year": 2011,
            "quarter": 1,
            "eps": 0.53,
            "eps_growth_year": 35.9,
            "eps_4q": 1.84,
            "eps_4q_growth_year": 51.09,
            "roe": 2.33,
            "roe_4q": 8.3,
            "gross_profit": 44681,
            "gross_margin": 21.79,
            "gross_margin_4q_avg": 21.25,
            "net_income": 16896,
            "revenue": 205013,
            "common_shares": 314308,
            "book_valuer_per_share": 21.57,
            "book_valuer_per_share_4q_avg": 21.3,
            "equity": 737000,
            "current_ratio": 326.88,
            "debt_ratio": 22.5,
            "inventory_turnover_ratio": 0.69,
            "account_receivable_turnover_ratio": 0.88,
            "reinvestment_rate": null,
            "research_to_sale_ratio": 0.31,
            "price_fair": 58.4,
            "eps_avg_yearly": 1.67,
            "eps_latest_yearly": 2.12,
            "eps_growth_yearly": 288.61
        },
        "20112": {
            "year_quarter": 20112,
            "year": 2011,
            "quarter": 2,
            "eps": 0.69,
            "eps_growth_year": 106.94,
            "eps_4q": 2.24,
            "eps_4q_growth_year": 54.71,
            "roe": 3.06,
            "roe_4q": 9.870000000000001,
            "gross_profit": 55546,
            "gross_margin": 20.06,
            "gross_margin_4q_avg": 21.63,
            "net_income": 22343,
            "revenue": 276921,
            "common_shares": 314308,
            "book_valuer_per_share": 21.2,
            "book_valuer_per_share_4q_avg": 21.29,
            "equity": 725180,
            "current_ratio": 233.56,
            "debt_ratio": 32.42,
            "inventory_turnover_ratio": 0.83,
            "account_receivable_turnover_ratio": 0.99,
            "reinvestment_rate": null,
            "research_to_sale_ratio": 0.34,
            "price_fair": 63.18,
            "eps_avg_yearly": 1.81,
            "eps_latest_yearly": 2.76,
            "eps_growth_yearly": 267.63
        },
        "20113": {
            "year_quarter": 20113,
            "year": 2011,
            "quarter": 3,
            "eps": 1.51,
            "eps_growth_year": 196.96,
            "eps_4q": 3.17,
            "eps_4q_growth_year": 165.29,
            "roe": 6.44,
            "roe_4q": 13.69,
            "gross_profit": 75070,
            "gross_margin": 21.97,
            "gross_margin_4q_avg": 21.3,
            "net_income": 49908,
            "revenue": 341630,
            "common_shares": 314308,
            "book_valuer_per_share": 24.1,
            "book_valuer_per_share_4q_avg": 21.92,
            "equity": 823619,
            "current_ratio": 216.84,
            "debt_ratio": 35.61,
            "inventory_turnover_ratio": 0.79,
            "account_receivable_turnover_ratio": 0.94,
            "reinvestment_rate": null,
            "research_to_sale_ratio": 0.26,
            "price_fair": 79.64,
            "eps_avg_yearly": 2.28,
            "eps_latest_yearly": 6.04,
            "eps_growth_yearly": 290.71
        },
        "20114": {
            "year_quarter": 20114,
            "year": 2011,
            "quarter": 4,
            "eps": 0.56,
            "eps_growth_year": 31.51,
            "eps_4q": 3.31,
            "eps_4q_growth_year": 101.28,
            "roe": 2.18,
            "roe_4q": 14.010000000000002,
            "gross_profit": 62899,
            "gross_margin": 20.03,
            "gross_margin_4q_avg": 20.96,
            "net_income": 18151,
            "revenue": 314044,
            "common_shares": 314308,
            "book_valuer_per_share": 24.63,
            "book_valuer_per_share_4q_avg": 22.88,
            "equity": 840772,
            "current_ratio": 257.28,
            "debt_ratio": 29.83,
            "inventory_turnover_ratio": 0.66,
            "account_receivable_turnover_ratio": 0.78,
            "reinvestment_rate": null,
            "research_to_sale_ratio": 0.32,
            "price_fair": 79.52,
            "eps_avg_yearly": 2.27,
            "eps_latest_yearly": 2.24,
            "eps_growth_yearly": 236.47
        },
        "20121": {
            "year_quarter": 20121,
            "year": 2012,
            "quarter": 1,
            "eps": 0.91,
            "eps_growth_year": 71.7,
            "eps_4q": 3.68,
            "eps_4q_growth_year": 100.14,
            "roe": 3.49,
            "roe_4q": 15.17,
            "gross_profit": 74134,
            "gross_margin": 23.66,
            "gross_margin_4q_avg": 21.43,
            "net_income": 29531,
            "revenue": 313380,
            "common_shares": 314308,
            "book_valuer_per_share": 25.03,
            "book_valuer_per_share_4q_avg": 23.74,
            "equity": 852698,
            "current_ratio": 281.38,
            "debt_ratio": 27.56,
            "inventory_turnover_ratio": 0.65,
            "account_receivable_turnover_ratio": 0.79,
            "reinvestment_rate": null,
            "research_to_sale_ratio": 0.34,
            "price_fair": 83.87,
            "eps_avg_yearly": 2.4,
            "eps_latest_yearly": 3.64,
            "eps_growth_yearly": 237.7
        },
        "20122": {
            "year_quarter": 20122,
            "year": 2012,
            "quarter": 2,
            "eps": 1.05,
            "eps_growth_year": 52.07,
            "eps_4q": 3.95,
            "eps_4q_growth_year": 76.43,
            "roe": 3.94,
            "roe_4q": 16.05,
            "gross_profit": 73663,
            "gross_margin": 18.89,
            "gross_margin_4q_avg": 21.14,
            "net_income": 33849,
            "revenue": 389994,
            "common_shares": 314308,
            "book_valuer_per_share": 25.46,
            "book_valuer_per_share_4q_avg": 24.81,
            "equity": 866811,
            "current_ratio": 224.87,
            "debt_ratio": 35.72,
            "inventory_turnover_ratio": 0.9,
            "account_receivable_turnover_ratio": 0.86,
            "reinvestment_rate": null,
            "research_to_sale_ratio": 0.24,
            "price_fair": 89.13,
            "eps_avg_yearly": 2.55,
            "eps_latest_yearly": 4.2,
            "eps_growth_yearly": 223.02
        },
        "20123": {
            "year_quarter": 20123,
            "year": 2012,
            "quarter": 3,
            "eps": 0.94,
            "eps_growth_year": -38.26,
            "eps_4q": 3,
            "eps_4q_growth_year": -5.32,
            "roe": 3.44,
            "roe_4q": 13.05,
            "gross_profit": 77729,
            "gross_margin": 19.06,
            "gross_margin_4q_avg": 20.41,
            "net_income": 34481,
            "revenue": 407712,
            "common_shares": 388737,
            "book_valuer_per_share": 27.59,
            "book_valuer_per_share_4q_avg": 25.68,
            "equity": 1135474,
            "current_ratio": 386.08,
            "debt_ratio": 21.56,
            "inventory_turnover_ratio": 0.95,
            "account_receivable_turnover_ratio": 0.81,
            "reinvestment_rate": null,
            "research_to_sale_ratio": 0.22,
            "price_fair": 92.4,
            "eps_avg_yearly": 2.64,
            "eps_latest_yearly": 3.76,
            "eps_growth_yearly": 202.64
        },
        "20124": {
            "year_quarter": 20124,
            "year": 2012,
            "quarter": 4,
            "eps": 0.17,
            "eps_growth_year": -69.92,
            "eps_4q": 2.72,
            "eps_4q_growth_year": -17.82,
            "roe": 0.51,
            "roe_4q": 11.38,
            "gross_profit": 30623,
            "gross_margin": 15.54,
            "gross_margin_4q_avg": 19.29,
            "net_income": 5771,
            "revenue": 197061,
            "common_shares": 388737,
            "book_valuer_per_share": 27.69,
            "book_valuer_per_share_4q_avg": 26.44,
            "equity": 1138553,
            "current_ratio": 780.45,
            "debt_ratio": 10.6,
            "inventory_turnover_ratio": 0.52,
            "account_receivable_turnover_ratio": 0.51,
            "reinvestment_rate": -14.88,
            "research_to_sale_ratio": 0.56,
            "price_fair": 87.5,
            "eps_avg_yearly": 2.5,
            "eps_latest_yearly": 0.68,
            "eps_growth_yearly": 164.77
        },
        "20131": {
            "year_quarter": 20131,
            "year": 2013,
            "quarter": 1,
            "eps": 0.11,
            "eps_growth_year": -87.91,
            "eps_4q": 2.09,
            "eps_4q_growth_year": -43.11,
            "roe": 0.22,
            "roe_4q": 8.11,
            "gross_profit": 16175,
            "gross_margin": 11.52,
            "gross_margin_4q_avg": 16.25,
            "net_income": 2509,
            "revenue": 140351,
            "common_shares": 388737,
            "book_valuer_per_share": 28.22,
            "book_valuer_per_share_4q_avg": 27.24,
            "equity": 1158268,
            "current_ratio": 941.52,
            "debt_ratio": 9.35,
            "inventory_turnover_ratio": 0.42,
            "account_receivable_turnover_ratio": 0.64,
            "reinvestment_rate": 90.99,
            "research_to_sale_ratio": 0.66,
            "price_fair": 82.69,
            "eps_avg_yearly": 2.36,
            "eps_latest_yearly": 0.44,
            "eps_growth_yearly": 144.37
        },
        "20132": {
            "year_quarter": 20132,
            "year": 2013,
            "quarter": 2,
            "eps": 0.19,
            "eps_growth_year": -81.99,
            "eps_4q": 1.36,
            "eps_4q_growth_year": -65.47,
            "roe": 0.64,
            "roe_4q": 4.8100000000000005,
            "gross_profit": 34050,
            "gross_margin": 17.98,
            "gross_margin_4q_avg": 16.03,
            "net_income": 7341,
            "revenue": 189325,
            "common_shares": 388737,
            "book_valuer_per_share": 27.19,
            "book_valuer_per_share_4q_avg": 27.67,
            "equity": 1119255,
            "current_ratio": 559.51,
            "debt_ratio": 14.97,
            "inventory_turnover_ratio": 0.52,
            "account_receivable_turnover_ratio": 0.96,
            "reinvestment_rate": 90.8,
            "research_to_sale_ratio": 0.44,
            "price_fair": 79.19,
            "eps_avg_yearly": 2.26,
            "eps_latest_yearly": 0.76,
            "eps_growth_yearly": 153.53
        },
        "20133": {
            "year_quarter": 20133,
            "year": 2013,
            "quarter": 3,
            "eps": -0.16,
            "eps_growth_year": -117.11,
            "eps_4q": 0.3,
            "eps_4q_growth_year": -90.15,
            "roe": -0.59,
            "roe_4q": 0.78,
            "gross_profit": 27912,
            "gross_margin": 13.35,
            "gross_margin_4q_avg": 14.6,
            "net_income": -6536,
            "revenue": 209031,
            "common_shares": 400399,
            "book_valuer_per_share": 26.02,
            "book_valuer_per_share_4q_avg": 27.28,
            "equity": 1103290,
            "current_ratio": 892.65,
            "debt_ratio": 9.79,
            "inventory_turnover_ratio": 0.64,
            "account_receivable_turnover_ratio": 0.92,
            "reinvestment_rate": 92.41,
            "research_to_sale_ratio": 0.43,
            "price_fair": 79.33,
            "eps_avg_yearly": 2.27,
            "eps_latest_yearly": 0.76,
            "eps_growth_yearly": 57.1
        },
        "20134": {
            "year_quarter": 20134,
            "year": 2013,
            "quarter": 4,
            "eps": -0.2,
            "eps_growth_year": -216.7,
            "eps_4q": -0.07,
            "eps_4q_growth_year": -102.42,
            "roe": -0.75,
            "roe_4q": -0.47999999999999987,
            "gross_profit": 23660,
            "gross_margin": 12.54,
            "gross_margin_4q_avg": 13.85,
            "net_income": -8325,
            "revenue": 188715,
            "common_shares": 400399,
            "book_valuer_per_share": 26.07,
            "book_valuer_per_share_4q_avg": 26.88,
            "equity": 1105904,
            "current_ratio": 658.65,
            "debt_ratio": 12.67,
            "inventory_turnover_ratio": 0.64,
            "account_receivable_turnover_ratio": 0.83,
            "reinvestment_rate": -221,
            "research_to_sale_ratio": 0.52,
            "price_fair": 83.3,
            "eps_avg_yearly": 2.38,
            "eps_latest_yearly": 0.76,
            "eps_growth_yearly": 80.92
        },
        "20141": {
            "year_quarter": 20141,
            "year": 2014,
            "quarter": 1,
            "eps": 0.13,
            "eps_growth_year": 18.18,
            "eps_4q": -0.05,
            "eps_4q_growth_year": -102.16,
            "roe": 0.4,
            "roe_4q": -0.29999999999999993,
            "gross_profit": 20686,
            "gross_margin": 15.43,
            "gross_margin_4q_avg": 14.83,
            "net_income": 4465,
            "revenue": 134075,
            "common_shares": 400399,
            "book_valuer_per_share": 26.5,
            "book_valuer_per_share_4q_avg": 26.45,
            "equity": 1123617,
            "current_ratio": 845.99,
            "debt_ratio": 10.22,
            "inventory_turnover_ratio": 0.46,
            "account_receivable_turnover_ratio": 0.66,
            "reinvestment_rate": -224.59,
            "research_to_sale_ratio": 0.65,
            "price_fair": 85.51,
            "eps_avg_yearly": 2.44,
            "eps_latest_yearly": 0.76,
            "eps_growth_yearly": 47.32
        },
        "20142": {
            "year_quarter": 20142,
            "year": 2014,
            "quarter": 2,
            "eps": -0.36,
            "eps_growth_year": -289.47,
            "eps_4q": -0.59,
            "eps_4q_growth_year": -143.37,
            "roe": -1.45,
            "roe_4q": -2.3899999999999997,
            "gross_profit": 12129,
            "gross_margin": 6.55,
            "gross_margin_4q_avg": 11.97,
            "net_income": -15879,
            "revenue": 185231,
            "common_shares": 400399,
            "book_valuer_per_share": 25.29,
            "book_valuer_per_share_4q_avg": 25.97,
            "equity": 1072281,
            "current_ratio": 479.14,
            "debt_ratio": 17.25,
            "inventory_turnover_ratio": 0.65,
            "account_receivable_turnover_ratio": 0.96,
            "reinvestment_rate": -255.62,
            "research_to_sale_ratio": 0.46,
            "price_fair": 88.67,
            "eps_avg_yearly": 2.53,
            "eps_latest_yearly": 0.76,
            "eps_growth_yearly": 55.54
        },
        "20143": {
            "year_quarter": 20143,
            "year": 2014,
            "quarter": 3,
            "eps": -0.14,
            "eps_growth_year": null,
            "eps_4q": -0.57,
            "eps_4q_growth_year": -292.65,
            "roe": -0.64,
            "roe_4q": -2.44,
            "gross_profit": 22552,
            "gross_margin": 8.95,
            "gross_margin_4q_avg": 10.87,
            "net_income": -6888,
            "revenue": 252081,
            "common_shares": 400399,
            "book_valuer_per_share": 25.46,
            "book_valuer_per_share_4q_avg": 25.83,
            "equity": 1079099,
            "current_ratio": 606.4,
            "debt_ratio": 13.85,
            "inventory_turnover_ratio": 0.81,
            "account_receivable_turnover_ratio": 1.1,
            "reinvestment_rate": -281.42,
            "research_to_sale_ratio": 0.32,
            "price_fair": 90.24,
            "eps_avg_yearly": 2.58,
            "eps_latest_yearly": 0.76,
            "eps_growth_yearly": 42.4
        },
        "20144": {
            "year_quarter": 20144,
            "year": 2014,
            "quarter": 4,
            "eps": 0.62,
            "eps_growth_year": null,
            "eps_4q": 0.25,
            "eps_4q_growth_year": null,
            "roe": 2.24,
            "roe_4q": 0.5500000000000002,
            "gross_profit": 37915,
            "gross_margin": 16.17,
            "gross_margin_4q_avg": 11.78,
            "net_income": 24863,
            "revenue": 234480,
            "common_shares": 400399,
            "book_valuer_per_share": 26.83,
            "book_valuer_per_share_4q_avg": 26.02,
            "equity": 1136277,
            "current_ratio": 679.34,
            "debt_ratio": 12.71,
            "inventory_turnover_ratio": 0.7,
            "account_receivable_turnover_ratio": 0.97,
            "reinvestment_rate": 14.04,
            "research_to_sale_ratio": 0.32,
            "price_fair": 93.24,
            "eps_avg_yearly": 2.66,
            "eps_latest_yearly": 0.76,
            "eps_growth_yearly": 52.92
        },
        "20151": {
            "year_quarter": 20151,
            "year": 2015,
            "quarter": 1,
            "eps": -0.27,
            "eps_growth_year": -307.69,
            "eps_4q": -0.14,
            "eps_4q_growth_year": null,
            "roe": -1.08,
            "roe_4q": -0.9299999999999998,
            "gross_profit": 13905,
            "gross_margin": 9.21,
            "gross_margin_4q_avg": 10.22,
            "net_income": -12205,
            "revenue": 150900,
            "common_shares": 400399,
            "book_valuer_per_share": 26.33,
            "book_valuer_per_share_4q_avg": 25.98,
            "equity": 1113918,
            "current_ratio": 794.97,
            "debt_ratio": 11.08,
            "inventory_turnover_ratio": 0.49,
            "account_receivable_turnover_ratio": 0.76,
            "reinvestment_rate": -286.21,
            "research_to_sale_ratio": 0.57,
            "price_fair": 95.36,
            "eps_avg_yearly": 2.72,
            "eps_latest_yearly": 0.76,
            "eps_growth_yearly": 48.46
        },
        "20152": {
            "year_quarter": 20152,
            "year": 2015,
            "quarter": 2,
            "eps": -0.51,
            "eps_growth_year": null,
            "eps_4q": -0.29,
            "eps_4q_growth_year": null,
            "roe": -2.1,
            "roe_4q": -1.58,
            "gross_profit": 2159,
            "gross_margin": 1.26,
            "gross_margin_4q_avg": 8.9,
            "net_income": -22826,
            "revenue": 170812,
            "common_shares": 400399,
            "book_valuer_per_share": 25.02,
            "book_valuer_per_share_4q_avg": 25.91,
            "equity": 1058444,
            "current_ratio": 657.45,
            "debt_ratio": 13.09,
            "inventory_turnover_ratio": 0.63,
            "account_receivable_turnover_ratio": 0.95,
            "reinvestment_rate": -374.66,
            "research_to_sale_ratio": 0.56,
            "price_fair": 95.2,
            "eps_avg_yearly": 2.72,
            "eps_latest_yearly": 0.76,
            "eps_growth_yearly": 39.43
        },
        "20153": {
            "year_quarter": 20153,
            "year": 2015,
            "quarter": 3,
            "eps": -0.23,
            "eps_growth_year": null,
            "eps_4q": 0.07,
            "eps_4q_growth_year": null,
            "roe": 0.89,
            "roe_4q": -0.04999999999999982,
            "gross_profit": 24279,
            "gross_margin": 11.33,
            "gross_margin_4q_avg": 9.49,
            "net_income": 9551,
            "revenue": 214363,
            "common_shares": 400399,
            "book_valuer_per_share": 25.96,
            "book_valuer_per_share_4q_avg": 26.04,
            "equity": 1098138,
            "current_ratio": 932.2,
            "debt_ratio": 9.9,
            "inventory_turnover_ratio": 0.79,
            "account_receivable_turnover_ratio": 1.06,
            "reinvestment_rate": -599.68,
            "research_to_sale_ratio": 0.61,
            "price_fair": 6.74,
            "eps_avg_yearly": 2.25,
            "eps_latest_yearly": 0.76,
            "eps_growth_yearly": -22.85
        },
        "20154": {
            "year_quarter": 20154,
            "year": 2015,
            "quarter": 4,
            "eps": 0.12,
            "eps_growth_year": -80.14,
            "eps_4q": -0.43,
            "eps_4q_growth_year": -269.12,
            "roe": 0.38,
            "roe_4q": -1.9100000000000001,
            "gross_profit": 10180,
            "gross_margin": 8.17,
            "gross_margin_4q_avg": 7.49,
            "net_income": 4132,
            "revenue": 124669,
            "common_shares": 400399,
            "book_valuer_per_share": 25.86,
            "book_valuer_per_share_4q_avg": 25.79,
            "equity": 1091992,
            "current_ratio": 1293.15,
            "debt_ratio": 7.72,
            "inventory_turnover_ratio": 0.53,
            "account_receivable_turnover_ratio": 0.7,
            "reinvestment_rate": -26.87,
            "research_to_sale_ratio": 0.93,
            "price_fair": 56.81,
            "eps_avg_yearly": 2.25,
            "eps_latest_yearly": 0.76,
            "eps_growth_yearly": 15.28
        },
        "20161": {
            "year_quarter": 20161,
            "year": 2016,
            "quarter": 1,
            "eps": -0.23,
            "eps_growth_year": null,
            "eps_4q": -0.39,
            "eps_4q_growth_year": null,
            "roe": -0.93,
            "roe_4q": -1.7600000000000002,
            "gross_profit": 16778,
            "gross_margin": 14.63,
            "gross_margin_4q_avg": 8.85,
            "net_income": -10088,
            "revenue": 114667,
            "common_shares": 400399,
            "book_valuer_per_share": 25.35,
            "book_valuer_per_share_4q_avg": 25.55,
            "equity": 1069798,
            "current_ratio": 1388.46,
            "debt_ratio": 7.28,
            "inventory_turnover_ratio": 0.5,
            "account_receivable_turnover_ratio": 0.84,
            "reinvestment_rate": -1168.29,
            "research_to_sale_ratio": 1.06,
            "price_fair": 5.9,
            "eps_avg_yearly": 1.97,
            "eps_latest_yearly": 0.76,
            "eps_growth_yearly": -31.66
        },
        "20162": {
            "year_quarter": 20162,
            "year": 2016,
            "quarter": 2,
            "eps": -0.4,
            "eps_growth_year": null,
            "eps_4q": -0.28,
            "eps_4q_growth_year": null,
            "roe": -1.64,
            "roe_4q": -1.2999999999999998,
            "gross_profit": 11456,
            "gross_margin": 10.92,
            "gross_margin_4q_avg": 11.26,
            "net_income": -17382,
            "revenue": 104863,
            "common_shares": 400399,
            "book_valuer_per_share": 24.79,
            "book_valuer_per_share_4q_avg": 25.49,
            "equity": 1045059,
            "current_ratio": 1391.96,
            "debt_ratio": 7.33,
            "inventory_turnover_ratio": 0.51,
            "account_receivable_turnover_ratio": 0.84,
            "reinvestment_rate": -8954.74,
            "research_to_sale_ratio": 1.79,
            "price_fair": 4.23,
            "eps_avg_yearly": 1.41,
            "eps_latest_yearly": 0.76,
            "eps_growth_yearly": -54.96
        },
        "20163": {
            "year_quarter": 20163,
            "year": 2016,
            "quarter": 3,
            "eps": -0.19,
            "eps_growth_year": null,
            "eps_4q": -0.7,
            "eps_4q_growth_year": -1047.63,
            "roe": -0.77,
            "roe_4q": -2.9600000000000004,
            "gross_profit": 24068,
            "gross_margin": 16.8,
            "gross_margin_4q_avg": 12.63,
            "net_income": -7911,
            "revenue": 143239,
            "common_shares": 400399,
            "book_valuer_per_share": 24.09,
            "book_valuer_per_share_4q_avg": 25.02,
            "equity": 1014899,
            "current_ratio": 964.2,
            "debt_ratio": 9.8,
            "inventory_turnover_ratio": 0.7,
            "account_receivable_turnover_ratio": 1.11,
            "reinvestment_rate": null,
            "research_to_sale_ratio": 0.9,
            "price_fair": 1.88,
            "eps_avg_yearly": 0.63,
            "eps_latest_yearly": 0.76,
            "eps_growth_yearly": -59.31
        },
        "20164": {
            "year_quarter": 20164,
            "year": 2016,
            "quarter": 4,
            "eps": 0.13,
            "eps_growth_year": 6.12,
            "eps_4q": -0.7,
            "eps_4q_growth_year": null,
            "roe": 0.54,
            "roe_4q": -2.8,
            "gross_profit": 24128,
            "gross_margin": 18.06,
            "gross_margin_4q_avg": 15.1,
            "net_income": 5510,
            "revenue": 133636,
            "common_shares": 400399,
            "book_valuer_per_share": 24.36,
            "book_valuer_per_share_4q_avg": 24.65,
            "equity": 1025495,
            "current_ratio": 1032.38,
            "debt_ratio": 9.28,
            "inventory_turnover_ratio": 0.67,
            "account_receivable_turnover_ratio": 0.99,
            "reinvestment_rate": null,
            "research_to_sale_ratio": 0.94,
            "price_fair": 21,
            "eps_avg_yearly": 0.6,
            "eps_latest_yearly": 0.76,
            "eps_growth_yearly": 74.87
        },
        "20171": {
            "year_quarter": 20171,
            "year": 2017,
            "quarter": 1,
            "eps": -0.2,
            "eps_growth_year": null,
            "eps_4q": -0.66,
            "eps_4q_growth_year": null,
            "roe": -0.9,
            "roe_4q": -2.7699999999999996,
            "gross_profit": 24363,
            "gross_margin": 21.36,
            "gross_margin_4q_avg": 16.79,
            "net_income": -8858,
            "revenue": 114078,
            "common_shares": 400399,
            "book_valuer_per_share": 23.61,
            "book_valuer_per_share_4q_avg": 24.21,
            "equity": 950231,
            "current_ratio": 1048.97,
            "debt_ratio": 9.57,
            "inventory_turnover_ratio": 0.58,
            "account_receivable_turnover_ratio": 0.9,
            "reinvestment_rate": null,
            "research_to_sale_ratio": 1.07,
            "price_fair": 26.6,
            "eps_avg_yearly": 0.76,
            "eps_latest_yearly": 0.76,
            "eps_growth_yearly": 290.91
        },
        "20172": {
            "year_quarter": 20172,
            "year": 2017,
            "quarter": 2,
            "eps": 0.01,
            "eps_growth_year": null,
            "eps_4q": -0.25,
            "eps_4q_growth_year": null,
            "roe": 0.09,
            "roe_4q": -1.04,
            "gross_profit": 31382,
            "gross_margin": 18.58,
            "gross_margin_4q_avg": 18.7,
            "net_income": 873,
            "revenue": 168911,
            "common_shares": 400399,
            "book_valuer_per_share": 22.62,
            "book_valuer_per_share_4q_avg": 23.67,
            "equity": 911098,
            "current_ratio": 537.18,
            "debt_ratio": 16.82,
            "inventory_turnover_ratio": 0.9,
            "account_receivable_turnover_ratio": 1.23,
            "reinvestment_rate": null,
            "research_to_sale_ratio": 0.67,
            "price_fair": 0,
            "eps_avg_yearly": 0,
            "eps_latest_yearly": 0,
            "eps_growth_yearly": 0
        },
        "20173": {
            "year_quarter": 20173,
            "year": 2017,
            "quarter": 3,
            "eps": 0.13,
            "eps_growth_year": null,
            "eps_4q": 0.07,
            "eps_4q_growth_year": null,
            "roe": 0.64,
            "roe_4q": 0.37,
            "gross_profit": 29890,
            "gross_margin": 18.33,
            "gross_margin_4q_avg": 19.08,
            "net_income": 5895,
            "revenue": 163086,
            "common_shares": 400399,
            "book_valuer_per_share": 22.84,
            "book_valuer_per_share_4q_avg": 23.36,
            "equity": 920547,
            "current_ratio": 632.68,
            "debt_ratio": 13.81,
            "inventory_turnover_ratio": 0.81,
            "account_receivable_turnover_ratio": 1.05,
            "reinvestment_rate": null,
            "research_to_sale_ratio": 0.83,
            "price_fair": 18.2,
            "eps_avg_yearly": 0.52,
            "eps_latest_yearly": 0.52,
            "eps_growth_yearly": 4800
        },
        "20174": {
            "year_quarter": 20174,
            "year": 2017,
            "quarter": 4,
            "eps": 0.02,
            "eps_growth_year": -84.12,
            "eps_4q": -0.04,
            "eps_4q_growth_year": null,
            "roe": 0.13,
            "roe_4q": -0.040000000000000036,
            "gross_profit": 26841,
            "gross_margin": 18.3,
            "gross_margin_4q_avg": 19.14,
            "net_income": 1229,
            "revenue": 146645,
            "common_shares": 400399,
            "book_valuer_per_share": 22.71,
            "book_valuer_per_share_4q_avg": 22.95,
            "equity": 915700,
            "current_ratio": 807.9,
            "debt_ratio": 11.3,
            "inventory_turnover_ratio": 0.71,
            "account_receivable_turnover_ratio": 1.01,
            "reinvestment_rate": null,
            "research_to_sale_ratio": 1.47,
            "price_fair": 10.5,
            "eps_avg_yearly": 0.3,
            "eps_latest_yearly": 0.08,
            "eps_growth_yearly": 2230.77
        },
        "20181": {
            "year_quarter": 20181,
            "year": 2018,
            "quarter": 1,
            "eps": -0.32,
            "eps_growth_year": null,
            "eps_4q": -0.16,
            "eps_4q_growth_year": null,
            "roe": -1.43,
            "roe_4q": -0.5699999999999998,
            "gross_profit": 15478,
            "gross_margin": 17.15,
            "gross_margin_4q_avg": 18.09,
            "net_income": -12982,
            "revenue": 90245,
            "common_shares": 400399,
            "book_valuer_per_share": 22.35,
            "book_valuer_per_share_4q_avg": 22.63,
            "equity": 901408,
            "current_ratio": 1069.12,
            "debt_ratio": 9.83,
            "inventory_turnover_ratio": 0.46,
            "account_receivable_turnover_ratio": 0.77,
            "reinvestment_rate": null,
            "research_to_sale_ratio": 1.18,
            "price_fair": 10.5,
            "eps_avg_yearly": 0.3,
            "eps_latest_yearly": 0.08,
            "eps_growth_yearly": 2230.77
        },
        "20182": {
            "year_quarter": 20182,
            "year": 2018,
            "quarter": 2,
            "eps": -0.13,
            "eps_growth_year": -1400,
            "eps_4q": -0.29,
            "eps_4q_growth_year": null,
            "roe": -0.58,
            "roe_4q": -1.2399999999999998,
            "gross_profit": 20262,
            "gross_margin": 18.88,
            "gross_margin_4q_avg": 18.17,
            "net_income": -5036,
            "revenue": 107314,
            "common_shares": 400399,
            "book_valuer_per_share": 21.04,
            "book_valuer_per_share_4q_avg": 22.24,
            "equity": 848839,
            "current_ratio": 553.99,
            "debt_ratio": 17.08,
            "inventory_turnover_ratio": 0.53,
            "account_receivable_turnover_ratio": 1.07,
            "reinvestment_rate": null,
            "research_to_sale_ratio": 1.04,
            "price_fair": 10.5,
            "eps_avg_yearly": 0.3,
            "eps_latest_yearly": 0.08,
            "eps_growth_yearly": 2230.77
        },
        "20183": {
            "year_quarter": 20183,
            "year": 2018,
            "quarter": 3,
            "eps": 0,
            "eps_growth_year": -100,
            "eps_4q": -0.43,
            "eps_4q_growth_year": -695.08,
            "roe": 0.02,
            "roe_4q": -1.8599999999999999,
            "gross_profit": 32953,
            "gross_margin": 20.24,
            "gross_margin_4q_avg": 18.64,
            "net_income": 177,
            "revenue": 162783,
            "common_shares": 400399,
            "book_valuer_per_share": 20.77,
            "book_valuer_per_share_4q_avg": 21.72,
            "equity": 837957,
            "current_ratio": 554.08,
            "debt_ratio": 17.16,
            "inventory_turnover_ratio": 0.81,
            "account_receivable_turnover_ratio": 1.31,
            "reinvestment_rate": null,
            "research_to_sale_ratio": 0.48,
            "price_fair": 10.5,
            "eps_avg_yearly": 0.3,
            "eps_latest_yearly": 0.08,
            "eps_growth_yearly": 2230.77
        },
        "20184": {
            "year_quarter": 20184,
            "year": 2018,
            "quarter": 4,
            "eps": -0.14,
            "eps_growth_year": -786.5,
            "eps_4q": -0.59,
            "eps_4q_growth_year": null,
            "roe": -0.67,
            "roe_4q": -2.66,
            "gross_profit": 15716,
            "gross_margin": 14,
            "gross_margin_4q_avg": 17.57,
            "net_income": -5601,
            "revenue": 112242,
            "common_shares": 400399,
            "book_valuer_per_share": 20.76,
            "book_valuer_per_share_4q_avg": 21.23,
            "equity": 837750,
            "current_ratio": 577.61,
            "debt_ratio": 16.52,
            "inventory_turnover_ratio": 0.61,
            "account_receivable_turnover_ratio": 0.86,
            "reinvestment_rate": null,
            "research_to_sale_ratio": 0.78,
            "price_fair": 10.5,
            "eps_avg_yearly": 0.3,
            "eps_latest_yearly": 0.08,
            "eps_growth_yearly": 2230.77
        },
        "20191": {
            "year_quarter": 20191,
            "year": 2019,
            "quarter": 1,
            "eps": 1.14,
            "eps_growth_year": null,
            "eps_4q": 0.87,
            "eps_4q_growth_year": null,
            "roe": 5.3,
            "roe_4q": 4.069999999999999,
            "gross_profit": 19649,
            "gross_margin": 22.15,
            "gross_margin_4q_avg": 18.82,
            "net_income": 45835,
            "revenue": 88707,
            "common_shares": 400399,
            "book_valuer_per_share": 22.09,
            "book_valuer_per_share_4q_avg": 21.17,
            "equity": 891506,
            "current_ratio": 675.82,
            "debt_ratio": 15.54,
            "inventory_turnover_ratio": 0.4,
            "account_receivable_turnover_ratio": 0.86,
            "reinvestment_rate": null,
            "research_to_sale_ratio": 0.93,
            "price_fair": 10.5,
            "eps_avg_yearly": 0.3,
            "eps_latest_yearly": 0.08,
            "eps_growth_yearly": 2230.77
        },
        "20192": {
            "year_quarter": 20192,
            "year": 2019,
            "quarter": 2,
            "eps": -0.09,
            "eps_growth_year": null,
            "eps_4q": 0.91,
            "eps_4q_growth_year": null,
            "roe": -0.4,
            "roe_4q": 4.249999999999999,
            "gross_profit": 20634,
            "gross_margin": 21.73,
            "gross_margin_4q_avg": 19.53,
            "net_income": -3473,
            "revenue": 94958,
            "common_shares": 400399,
            "book_valuer_per_share": 20.46,
            "book_valuer_per_share_4q_avg": 21.02,
            "equity": 826056,
            "current_ratio": 479.25,
            "debt_ratio": 20.6,
            "inventory_turnover_ratio": 0.42,
            "account_receivable_turnover_ratio": 1.04,
            "reinvestment_rate": -5887.52,
            "research_to_sale_ratio": 0.81,
            "price_fair": 10.5,
            "eps_avg_yearly": 0.3,
            "eps_latest_yearly": 0.08,
            "eps_growth_yearly": 2230.77
        },
        "20193": {
            "year_quarter": 20193,
            "year": 2019,
            "quarter": 3,
            "eps": -0.1,
            "eps_growth_year": null,
            "eps_4q": 0.81,
            "eps_4q_growth_year": null,
            "roe": -0.5,
            "roe_4q": 3.7299999999999995,
            "gross_profit": 17766,
            "gross_margin": 20.2,
            "gross_margin_4q_avg": 19.52,
            "net_income": -4056,
            "revenue": 87950,
            "common_shares": 400399,
            "book_valuer_per_share": 20.12,
            "book_valuer_per_share_4q_avg": 20.86,
            "equity": 812399,
            "current_ratio": 477.78,
            "debt_ratio": 19.97,
            "inventory_turnover_ratio": 0.42,
            "account_receivable_turnover_ratio": 0.99,
            "reinvestment_rate": null,
            "research_to_sale_ratio": 1.17,
            "price_fair": 10.5,
            "eps_avg_yearly": 0.3,
            "eps_latest_yearly": 0.08,
            "eps_growth_yearly": 2230.77
        },
        "20194": {
            "year_quarter": 20194,
            "year": 2019,
            "quarter": 4,
            "eps": -0.28,
            "eps_growth_year": null,
            "eps_4q": 0.67,
            "eps_4q_growth_year": null,
            "roe": -1.39,
            "roe_4q": 3.01,
            "gross_profit": 20962,
            "gross_margin": 24.74,
            "gross_margin_4q_avg": 22.21,
            "net_income": -11152,
            "revenue": 84717,
            "common_shares": 400399,
            "book_valuer_per_share": 19.57,
            "book_valuer_per_share_4q_avg": 20.56,
            "equity": 790441,
            "current_ratio": 483.19,
            "debt_ratio": 20.32,
            "inventory_turnover_ratio": 0.42,
            "account_receivable_turnover_ratio": 1.1,
            "reinvestment_rate": null,
            "research_to_sale_ratio": 1.15,
            "price_fair": 10.5,
            "eps_avg_yearly": 0.3,
            "eps_latest_yearly": 0.08,
            "eps_growth_yearly": 2230.77
        },
        "20201": {
            "year_quarter": 20201,
            "year": 2020,
            "quarter": 1,
            "eps": -0.03,
            "eps_growth_year": -102.63,
            "eps_4q": -0.5,
            "eps_4q_growth_year": -157.91,
            "roe": -0.16,
            "roe_4q": -2.4499999999999997,
            "gross_profit": 14223,
            "gross_margin": 23.77,
            "gross_margin_4q_avg": 22.61,
            "net_income": -1275,
            "revenue": 59825,
            "common_shares": 400399,
            "book_valuer_per_share": 19.58,
            "book_valuer_per_share_4q_avg": 19.93,
            "equity": 790856,
            "current_ratio": 476.23,
            "debt_ratio": 20.51,
            "inventory_turnover_ratio": 0.32,
            "account_receivable_turnover_ratio": 0.8,
            "reinvestment_rate": null,
            "research_to_sale_ratio": 1.33,
            "price_fair": 10.5,
            "eps_avg_yearly": 0.3,
            "eps_latest_yearly": 0.08,
            "eps_growth_yearly": 2230.77
        },
        "20202": {
            "year_quarter": 20202,
            "year": 2020,
            "quarter": 2,
            "eps": -0.3,
            "eps_growth_year": null,
            "eps_4q": -0.71,
            "eps_4q_growth_year": -178.46,
            "roe": -1.6,
            "roe_4q": -3.65,
            "gross_profit": 8341,
            "gross_margin": 13.2,
            "gross_margin_4q_avg": 20.48,
            "net_income": -11851,
            "revenue": 63176,
            "common_shares": 400399,
            "book_valuer_per_share": 16.97,
            "book_valuer_per_share_4q_avg": 19.06,
            "equity": 686184,
            "current_ratio": 310.62,
            "debt_ratio": 29.91,
            "inventory_turnover_ratio": 0.41,
            "account_receivable_turnover_ratio": 0.86,
            "reinvestment_rate": null,
            "research_to_sale_ratio": 1.64,
            "price_fair": 10.5,
            "eps_avg_yearly": 0.3,
            "eps_latest_yearly": 0.08,
            "eps_growth_yearly": 2230.77
        },
        "20203": {
            "year_quarter": 20203,
            "year": 2020,
            "quarter": 3,
            "eps": -0.08,
            "eps_growth_year": null,
            "eps_4q": -0.69,
            "eps_4q_growth_year": -185.58,
            "roe": -0.45,
            "roe_4q": -3.6000000000000005,
            "gross_profit": 13297,
            "gross_margin": 20.61,
            "gross_margin_4q_avg": 20.58,
            "net_income": -3098,
            "revenue": 64506,
            "common_shares": 400399,
            "book_valuer_per_share": 16.81,
            "book_valuer_per_share_4q_avg": 18.23,
            "equity": 679923,
            "current_ratio": 300.59,
            "debt_ratio": 30.68,
            "inventory_turnover_ratio": 0.42,
            "account_receivable_turnover_ratio": 0.97,
            "reinvestment_rate": null,
            "research_to_sale_ratio": 1.98,
            "price_fair": 10.5,
            "eps_avg_yearly": 0.3,
            "eps_latest_yearly": 0.08,
            "eps_growth_yearly": 2230.77
        },
        "20204": {
            "year_quarter": 20204,
            "year": 2020,
            "quarter": 4,
            "eps": 0.01,
            "eps_growth_year": null,
            "eps_4q": -0.4,
            "eps_4q_growth_year": -159.36,
            "roe": 0.09,
            "roe_4q": -2.12,
            "gross_profit": 15695,
            "gross_margin": 17.7,
            "gross_margin_4q_avg": 18.82,
            "net_income": 579,
            "revenue": 88691,
            "common_shares": 400399,
            "book_valuer_per_share": 16.73,
            "book_valuer_per_share_4q_avg": 17.52,
            "equity": 676979,
            "current_ratio": 322.35,
            "debt_ratio": 28.59,
            "inventory_turnover_ratio": 0.62,
            "account_receivable_turnover_ratio": 1.1,
            "reinvestment_rate": null,
            "research_to_sale_ratio": 1.25,
            "price_fair": 10.5,
            "eps_avg_yearly": 0.3,
            "eps_latest_yearly": 0.08,
            "eps_growth_yearly": 2230.77
        },
        "20211": {
            "year_quarter": 20211,
            "year": 2021,
            "quarter": 1,
            "eps": 0.03,
            "eps_growth_year": null,
            "eps_4q": -0.33,
            "eps_4q_growth_year": null,
            "roe": 0.22,
            "roe_4q": -1.7400000000000002,
            "gross_profit": 27530,
            "gross_margin": 29.48,
            "gross_margin_4q_avg": 20.25,
            "net_income": 1505,
            "revenue": 93374,
            "common_shares": 400399,
            "book_valuer_per_share": 16.76,
            "book_valuer_per_share_4q_avg": 16.82,
            "equity": 678355,
            "current_ratio": 325.31,
            "debt_ratio": 29.65,
            "inventory_turnover_ratio": 0.54,
            "account_receivable_turnover_ratio": 0.99,
            "reinvestment_rate": null,
            "research_to_sale_ratio": 6.87,
            "price_fair": 8.4,
            "eps_avg_yearly": 0.24,
            "eps_latest_yearly": 0.12,
            "eps_growth_yearly": 1753.85
        },
        "20212": {
            "year_quarter": 20212,
            "year": 2021,
            "quarter": 2,
            "eps": 0.02,
            "eps_growth_year": null,
            "eps_4q": -0.02,
            "eps_4q_growth_year": null,
            "roe": 0.15,
            "roe_4q": 0.009999999999999953,
            "gross_profit": 31969,
            "gross_margin": 28.59,
            "gross_margin_4q_avg": 24.1,
            "net_income": 1004,
            "revenue": 111832,
            "common_shares": 400399,
            "book_valuer_per_share": 16.57,
            "book_valuer_per_share_4q_avg": 16.72,
            "equity": 671032,
            "current_ratio": 303.51,
            "debt_ratio": 32.07,
            "inventory_turnover_ratio": 0.61,
            "account_receivable_turnover_ratio": 1.11,
            "reinvestment_rate": null,
            "research_to_sale_ratio": 3.64,
            "price_fair": 7,
            "eps_avg_yearly": 0.2,
            "eps_latest_yearly": 0.08,
            "eps_growth_yearly": 1282.05
        },
        "20213": {
            "year_quarter": 20213,
            "year": 2021,
            "quarter": 3,
            "eps": 0.21,
            "eps_growth_year": null,
            "eps_4q": 0.27,
            "eps_4q_growth_year": null,
            "roe": 1.34,
            "roe_4q": 1.8,
            "gross_profit": 29660,
            "gross_margin": 22.23,
            "gross_margin_4q_avg": 24.5,
            "net_income": 8925,
            "revenue": 133421,
            "common_shares": 400399,
            "book_valuer_per_share": 16.26,
            "book_valuer_per_share_4q_avg": 16.58,
            "equity": 659254,
            "current_ratio": 307.61,
            "debt_ratio": 31.88,
            "inventory_turnover_ratio": 0.76,
            "account_receivable_turnover_ratio": 1.09,
            "reinvestment_rate": null,
            "research_to_sale_ratio": 1.42,
            "price_fair": 9.8,
            "eps_avg_yearly": 0.28,
            "eps_latest_yearly": 0.84,
            "eps_growth_yearly": 1032.05
        },
        "20214": {
            "year_quarter": 20214,
            "year": 2021,
            "quarter": 4,
            "eps": 0.38,
            "eps_growth_year": 3282.1,
            "eps_4q": 0.63,
            "eps_4q_growth_year": null,
            "roe": 2.37,
            "roe_4q": 4.08,
            "gross_profit": 34146,
            "gross_margin": 28.29,
            "gross_margin_4q_avg": 27.15,
            "net_income": 15780,
            "revenue": 120685,
            "common_shares": 400399,
            "book_valuer_per_share": 16.59,
            "book_valuer_per_share_4q_avg": 16.55,
            "equity": 673170,
            "current_ratio": 297.33,
            "debt_ratio": 34.61,
            "inventory_turnover_ratio": 0.63,
            "account_receivable_turnover_ratio": 0.97,
            "reinvestment_rate": -1424.47,
            "research_to_sale_ratio": 1.1,
            "price_fair": 22.4,
            "eps_avg_yearly": 0.64,
            "eps_latest_yearly": 1.52,
            "eps_growth_yearly": 1197.62
        },
        "20221": {
            "year_quarter": 20221,
            "year": 2022,
            "quarter": 1,
            "eps": 0.65,
            "eps_growth_year": 2066.67,
            "eps_4q": 1.25,
            "eps_4q_growth_year": null,
            "roe": 3.84,
            "roe_4q": 7.7,
            "gross_profit": 41562,
            "gross_margin": 35.45,
            "gross_margin_4q_avg": 28.64,
            "net_income": 26671,
            "revenue": 117252,
            "common_shares": 400399,
            "book_valuer_per_share": 17.65,
            "book_valuer_per_share_4q_avg": 16.77,
            "equity": 716583,
            "current_ratio": 307.04,
            "debt_ratio": 33.56,
            "inventory_turnover_ratio": 0.52,
            "account_receivable_turnover_ratio": 1.02,
            "reinvestment_rate": -132.95,
            "research_to_sale_ratio": 2.18,
            "price_fair": 36.12,
            "eps_avg_yearly": 1.03,
            "eps_latest_yearly": 2.6,
            "eps_growth_yearly": 1014.94
        },
        "20222": {
            "year_quarter": 20222,
            "year": 2022,
            "quarter": 2,
            "eps": 0.8,
            "eps_growth_year": 3900,
            "eps_4q": 2.04,
            "eps_4q_growth_year": null,
            "roe": 4.54,
            "roe_4q": 12.09,
            "gross_profit": 59153,
            "gross_margin": 44.76,
            "gross_margin_4q_avg": 32.68,
            "net_income": 33007,
            "revenue": 132151,
            "common_shares": 400399,
            "book_valuer_per_share": 18.15,
            "book_valuer_per_share_4q_avg": 17.16,
            "equity": 737077,
            "current_ratio": 305.5,
            "debt_ratio": 33.45,
            "inventory_turnover_ratio": 0.48,
            "account_receivable_turnover_ratio": 1.12,
            "reinvestment_rate": -77,
            "research_to_sale_ratio": 2.55,
            "price_fair": 48.77,
            "eps_avg_yearly": 1.39,
            "eps_latest_yearly": 3.2,
            "eps_growth_yearly": 861.17
        },
        "20223": {
            "year_quarter": 20223,
            "year": 2022,
            "quarter": 3,
            "eps": 0.93,
            "eps_growth_year": 342.86,
            "eps_4q": 2.77,
            "eps_4q_growth_year": 935.85,
            "roe": 4.92,
            "roe_4q": 15.670000000000002,
            "gross_profit": 48457,
            "gross_margin": 46.1,
            "gross_margin_4q_avg": 38.65,
            "net_income": 37725,
            "revenue": 105114,
            "common_shares": 400399,
            "book_valuer_per_share": 19.65,
            "book_valuer_per_share_4q_avg": 18.01,
            "equity": 797460,
            "current_ratio": 350.77,
            "debt_ratio": 29.63,
            "inventory_turnover_ratio": 0.35,
            "account_receivable_turnover_ratio": 0.94,
            "reinvestment_rate": -47.53,
            "research_to_sale_ratio": 1.64,
            "price_fair": 60.4,
            "eps_avg_yearly": 1.73,
            "eps_latest_yearly": 3.72,
            "eps_growth_yearly": 747.43
        },
        "20224": {
            "year_quarter": 20224,
            "year": 2022,
            "quarter": 4,
            "eps": 0.13,
            "eps_growth_year": -66.09,
            "eps_4q": 2.52,
            "eps_4q_growth_year": 296.85,
            "roe": 0.66,
            "roe_4q": 13.96,
            "gross_profit": 32079,
            "gross_margin": 41.27,
            "gross_margin_4q_avg": 41.9,
            "net_income": 5248,
            "revenue": 77723,
            "common_shares": 400399,
            "book_valuer_per_share": 19.51,
            "book_valuer_per_share_4q_avg": 18.74,
            "equity": 791838,
            "current_ratio": 399.67,
            "debt_ratio": 25.73,
            "inventory_turnover_ratio": 0.24,
            "account_receivable_turnover_ratio": 0.8,
            "reinvestment_rate": -37.74,
            "research_to_sale_ratio": 2.89,
            "price_fair": 55.13,
            "eps_avg_yearly": 1.58,
            "eps_latest_yearly": 0.52,
            "eps_growth_yearly": 610.99
        },
        "20231": {
            "year_quarter": 20231,
            "year": 2023,
            "quarter": 1,
            "eps": 0.28,
            "eps_growth_year": -56.92,
            "eps_4q": 2.14,
            "eps_4q_growth_year": 70.74,
            "roe": 1.45,
            "roe_4q": 11.57,
            "gross_profit": 27642,
            "gross_margin": 34.99,
            "gross_margin_4q_avg": 41.78,
            "net_income": 11541,
            "revenue": 78996,
            "common_shares": 400399,
            "book_valuer_per_share": 19.73,
            "book_valuer_per_share_4q_avg": 19.26,
            "equity": 801241,
            "current_ratio": 435.16,
            "debt_ratio": 23.55,
            "inventory_turnover_ratio": 0.25,
            "account_receivable_turnover_ratio": 0.98,
            "reinvestment_rate": -36.46,
            "research_to_sale_ratio": 2.21,
            "price_fair": 53.36,
            "eps_avg_yearly": 1.52,
            "eps_latest_yearly": 1.12,
            "eps_growth_yearly": 594.38
        }
    },
    "months": {
        "2005-05": {
            "month": "2005-05",
            "price": "48.23",
            "revenue": 35809
        },
        "2005-06": {
            "month": "2005-06",
            "price": "48.85",
            "revenue": 26711
        },
        "2005-07": {
            "month": "2005-07",
            "price": "49.80",
            "revenue": 28088
        },
        "2005-08": {
            "month": "2005-08",
            "price": "45.26",
            "revenue": 39758
        },
        "2005-09": {
            "month": "2005-09",
            "price": "45.85",
            "revenue": 36090
        },
        "2005-10": {
            "month": "2005-10",
            "price": "45.00",
            "revenue": 30420
        },
        "2005-11": {
            "month": "2005-11",
            "price": "42.19",
            "revenue": 34819
        },
        "2005-12": {
            "month": "2005-12",
            "price": "43.11",
            "revenue": 30672
        },
        "2006-01": {
            "month": "2006-01",
            "price": "45.38",
            "revenue": 33453
        },
        "2006-02": {
            "month": "2006-02",
            "price": "47.26",
            "revenue": 19025
        },
        "2006-03": {
            "month": "2006-03",
            "price": "49.45",
            "revenue": 17020
        },
        "2006-04": {
            "month": "2006-04",
            "price": "48.44",
            "revenue": 22662
        },
        "2006-05": {
            "month": "2006-05",
            "price": "48.88",
            "revenue": 20809
        },
        "2006-06": {
            "month": "2006-06",
            "price": "48.60",
            "revenue": 19619
        },
        "2006-07": {
            "month": "2006-07",
            "price": "47.01",
            "revenue": 23293
        },
        "2006-08": {
            "month": "2006-08",
            "price": "41.10",
            "revenue": 30080
        },
        "2006-09": {
            "month": "2006-09",
            "price": "32.45",
            "revenue": 29533
        },
        "2006-10": {
            "month": "2006-10",
            "price": "27.32",
            "revenue": 34254
        },
        "2006-11": {
            "month": "2006-11",
            "price": "24.31",
            "revenue": 21982
        },
        "2006-12": {
            "month": "2006-12",
            "price": "21.56",
            "revenue": 38238
        },
        "2007-01": {
            "month": "2007-01",
            "price": "20.20",
            "revenue": 33537
        },
        "2007-02": {
            "month": "2007-02",
            "price": "20.06",
            "revenue": 34077
        },
        "2007-03": {
            "month": "2007-03",
            "price": "20.03",
            "revenue": 42511
        },
        "2007-04": {
            "month": "2007-04",
            "price": "23.38",
            "revenue": 34295
        },
        "2007-05": {
            "month": "2007-05",
            "price": "23.52",
            "revenue": 40490
        },
        "2007-06": {
            "month": "2007-06",
            "price": "24.74",
            "revenue": 41737
        },
        "2007-07": {
            "month": "2007-07",
            "price": "26.82",
            "revenue": 51292
        },
        "2007-08": {
            "month": "2007-08",
            "price": "26.81",
            "revenue": 66479
        },
        "2007-09": {
            "month": "2007-09",
            "price": "25.42",
            "revenue": 63396
        },
        "2007-10": {
            "month": "2007-10",
            "price": "23.00",
            "revenue": 53951
        },
        "2007-11": {
            "month": "2007-11",
            "price": "17.65",
            "revenue": 52450
        },
        "2007-12": {
            "month": "2007-12",
            "price": "13.38",
            "revenue": 19234
        },
        "2008-01": {
            "month": "2008-01",
            "price": "13.22",
            "revenue": 40891
        },
        "2008-02": {
            "month": "2008-02",
            "price": "12.86",
            "revenue": 36105
        },
        "2008-03": {
            "month": "2008-03",
            "price": "12.24",
            "revenue": 62074
        },
        "2008-04": {
            "month": "2008-04",
            "price": "13.59",
            "revenue": 53183
        },
        "2008-05": {
            "month": "2008-05",
            "price": "14.90",
            "revenue": 65724
        },
        "2008-06": {
            "month": "2008-06",
            "price": "14.28",
            "revenue": 50954
        },
        "2008-07": {
            "month": "2008-07",
            "price": "15.37",
            "revenue": 75982
        },
        "2008-08": {
            "month": "2008-08",
            "price": "15.68",
            "revenue": 57795
        },
        "2008-09": {
            "month": "2008-09",
            "price": "14.24",
            "revenue": 86853
        },
        "2008-10": {
            "month": "2008-10",
            "price": "14.03",
            "revenue": 45739
        },
        "2008-11": {
            "month": "2008-11",
            "price": "8.12",
            "revenue": 46577
        },
        "2008-12": {
            "month": "2008-12",
            "price": "6.68",
            "revenue": 36372
        },
        "2009-01": {
            "month": "2009-01",
            "price": "7.10",
            "revenue": 7934
        },
        "2009-02": {
            "month": "2009-02",
            "price": "7.56",
            "revenue": 13139
        },
        "2009-03": {
            "month": "2009-03",
            "price": "8.08",
            "revenue": 24019
        },
        "2009-04": {
            "month": "2009-04",
            "price": "6.60",
            "revenue": 28391
        },
        "2009-06": {
            "month": "2009-06",
            "price": "6.50",
            "revenue": 58221
        },
        "2009-07": {
            "month": "2009-07",
            "price": "7.02",
            "revenue": 33844
        },
        "2009-08": {
            "month": "2009-08",
            "price": "10.11",
            "revenue": 52369
        },
        "2009-09": {
            "month": "2009-09",
            "price": "10.00",
            "revenue": 51795
        },
        "2009-10": {
            "month": "2009-10",
            "price": "10.00",
            "revenue": 54346
        },
        "2009-11": {
            "month": "2009-11",
            "price": "10.00",
            "revenue": 47943
        },
        "2009-12": {
            "month": "2009-12",
            "price": "10.90",
            "revenue": 54608
        },
        "2010-03": {
            "month": "2010-03",
            "price": "12.82",
            "revenue": 51770
        },
        "2010-04": {
            "month": "2010-04",
            "price": "23.01",
            "revenue": 56731
        },
        "2010-05": {
            "month": "2010-05",
            "price": "36.85",
            "revenue": 55096
        },
        "2010-06": {
            "month": "2010-06",
            "price": "38.15",
            "revenue": 51827
        },
        "2010-07": {
            "month": "2010-07",
            "price": "37.41",
            "revenue": 66624
        },
        "2010-08": {
            "month": "2010-08",
            "price": "42.80",
            "revenue": 62457
        },
        "2010-09": {
            "month": "2010-09",
            "price": "44.18",
            "revenue": 74611
        },
        "2010-10": {
            "month": "2010-10",
            "price": "35.88",
            "revenue": 72044
        },
        "2010-11": {
            "month": "2010-11",
            "price": "30.43",
            "revenue": 63544
        },
        "2010-12": {
            "month": "2010-12",
            "price": "33.03",
            "revenue": 69340
        },
        "2011-01": {
            "month": "2011-01",
            "price": "31.49",
            "revenue": 64547
        },
        "2011-02": {
            "month": "2011-02",
            "price": "29.22",
            "revenue": 58588
        },
        "2011-03": {
            "month": "2011-03",
            "price": "32.81",
            "revenue": 81878
        },
        "2011-04": {
            "month": "2011-04",
            "price": "34.99",
            "revenue": 82382
        },
        "2011-05": {
            "month": "2011-05",
            "price": "40.23",
            "revenue": 90893
        },
        "2011-06": {
            "month": "2011-06",
            "price": "51.64",
            "revenue": 103646
        },
        "2011-07": {
            "month": "2011-07",
            "price": "54.14",
            "revenue": 108094
        },
        "2011-08": {
            "month": "2011-08",
            "price": "55.83",
            "revenue": 117269
        },
        "2011-09": {
            "month": "2011-09",
            "price": "47.99",
            "revenue": 116267
        },
        "2011-10": {
            "month": "2011-10",
            "price": "42.85",
            "revenue": 96134
        },
        "2011-11": {
            "month": "2011-11",
            "price": "41.52",
            "revenue": 112029
        },
        "2011-12": {
            "month": "2011-12",
            "price": "35.26",
            "revenue": 105882
        },
        "2012-01": {
            "month": "2012-01",
            "price": "37.44",
            "revenue": 84464
        },
        "2012-02": {
            "month": "2012-02",
            "price": "47.45",
            "revenue": 100980
        },
        "2012-03": {
            "month": "2012-03",
            "price": "54.37",
            "revenue": 127938
        },
        "2012-04": {
            "month": "2012-04",
            "price": "52.56",
            "revenue": 122500
        },
        "2012-05": {
            "month": "2012-05",
            "price": "52.77",
            "revenue": 137370
        },
        "2012-06": {
            "month": "2012-06",
            "price": "52.14",
            "revenue": 130123
        },
        "2012-07": {
            "month": "2012-07",
            "price": "49.91",
            "revenue": 138391
        },
        "2012-08": {
            "month": "2012-08",
            "price": "48.71",
            "revenue": 141941
        },
        "2012-09": {
            "month": "2012-09",
            "price": "48.19",
            "revenue": 127380
        },
        "2012-10": {
            "month": "2012-10",
            "price": "42.83",
            "revenue": 84817
        },
        "2012-11": {
            "month": "2012-11",
            "price": "36.07",
            "revenue": 64999
        },
        "2012-12": {
            "month": "2012-12",
            "price": "34.64",
            "revenue": 47244
        },
        "2013-01": {
            "month": "2013-01",
            "price": "37.67",
            "revenue": 52434
        },
        "2013-02": {
            "month": "2013-02",
            "price": "39.45",
            "revenue": 20902
        },
        "2013-03": {
            "month": "2013-03",
            "price": "36.80",
            "revenue": 67015
        },
        "2013-04": {
            "month": "2013-04",
            "price": "32.54",
            "revenue": 65330
        },
        "2013-05": {
            "month": "2013-05",
            "price": "31.25",
            "revenue": 56655
        },
        "2013-06": {
            "month": "2013-06",
            "price": "27.80",
            "revenue": 67343
        },
        "2013-07": {
            "month": "2013-07",
            "price": "27.04",
            "revenue": 83537
        },
        "2013-08": {
            "month": "2013-08",
            "price": "24.14",
            "revenue": 65168
        },
        "2013-09": {
            "month": "2013-09",
            "price": "22.18",
            "revenue": 60323
        },
        "2013-10": {
            "month": "2013-10",
            "price": "20.20",
            "revenue": 57988
        },
        "2013-11": {
            "month": "2013-11",
            "price": "17.11",
            "revenue": 60040
        },
        "2013-12": {
            "month": "2013-12",
            "price": "17.91",
            "revenue": 70686
        },
        "2014-01": {
            "month": "2014-01",
            "price": "21.19",
            "revenue": 45123
        },
        "2014-02": {
            "month": "2014-02",
            "price": "20.13",
            "revenue": 28060
        },
        "2014-03": {
            "month": "2014-03",
            "price": "21.77",
            "revenue": 60892
        },
        "2014-04": {
            "month": "2014-04",
            "price": "20.92",
            "revenue": 56534
        },
        "2014-05": {
            "month": "2014-05",
            "price": "19.82",
            "revenue": 56444
        },
        "2014-06": {
            "month": "2014-06",
            "price": "21.88",
            "revenue": 72254
        },
        "2014-07": {
            "month": "2014-07",
            "price": "25.39",
            "revenue": 78591
        },
        "2014-08": {
            "month": "2014-08",
            "price": "21.27",
            "revenue": 84448
        },
        "2014-09": {
            "month": "2014-09",
            "price": "21.19",
            "revenue": 89041
        },
        "2014-10": {
            "month": "2014-10",
            "price": "19.49",
            "revenue": 81308
        },
        "2014-11": {
            "month": "2014-11",
            "price": "18.15",
            "revenue": 79619
        },
        "2014-12": {
            "month": "2014-12",
            "price": "18.57",
            "revenue": 73553
        },
        "2015-01": {
            "month": "2015-01",
            "price": "19.27",
            "revenue": 62952
        },
        "2015-02": {
            "month": "2015-02",
            "price": "19.10",
            "revenue": 25835
        },
        "2015-03": {
            "month": "2015-03",
            "price": "19.85",
            "revenue": 62113
        },
        "2015-04": {
            "month": "2015-04",
            "price": "21.11",
            "revenue": 63530
        },
        "2015-05": {
            "month": "2015-05",
            "price": "19.12",
            "revenue": 53820
        },
        "2015-06": {
            "month": "2015-06",
            "price": "15.86",
            "revenue": 53461
        },
        "2015-07": {
            "month": "2015-07",
            "price": "13.77",
            "revenue": 81594
        },
        "2015-08": {
            "month": "2015-08",
            "price": "11.11",
            "revenue": 77415
        },
        "2015-09": {
            "month": "2015-09",
            "price": "11.23",
            "revenue": 55354
        },
        "2015-10": {
            "month": "2015-10",
            "price": "11.95",
            "revenue": 43931
        },
        "2015-11": {
            "month": "2015-11",
            "price": "11.93",
            "revenue": 34279
        },
        "2015-12": {
            "month": "2015-12",
            "price": "11.44",
            "revenue": 46458
        },
        "2016-01": {
            "month": "2016-01",
            "price": "10.60",
            "revenue": 43721
        },
        "2016-02": {
            "month": "2016-02",
            "price": "11.90",
            "revenue": 22246
        },
        "2016-03": {
            "month": "2016-03",
            "price": "11.92",
            "revenue": 48700
        },
        "2016-04": {
            "month": "2016-04",
            "price": "11.41",
            "revenue": 34799
        },
        "2016-05": {
            "month": "2016-05",
            "price": "10.93",
            "revenue": 34770
        },
        "2016-06": {
            "month": "2016-06",
            "price": "12.16",
            "revenue": 35293
        },
        "2016-07": {
            "month": "2016-07",
            "price": "14.76",
            "revenue": 43442
        },
        "2016-08": {
            "month": "2016-08",
            "price": "14.32",
            "revenue": 50440
        },
        "2016-09": {
            "month": "2016-09",
            "price": "14.85",
            "revenue": 49358
        },
        "2016-10": {
            "month": "2016-10",
            "price": "14.05",
            "revenue": 33732
        },
        "2016-11": {
            "month": "2016-11",
            "price": "14.12",
            "revenue": 49399
        },
        "2016-12": {
            "month": "2016-12",
            "price": "15.51",
            "revenue": 52410
        },
        "2017-01": {
            "month": "2017-01",
            "price": "19.23",
            "revenue": 35180
        },
        "2017-02": {
            "month": "2017-02",
            "price": "18.94",
            "revenue": 28119
        },
        "2017-03": {
            "month": "2017-03",
            "price": "19.73",
            "revenue": 49008
        },
        "2017-04": {
            "month": "2017-04",
            "price": "30.09",
            "revenue": 69699
        },
        "2017-05": {
            "month": "2017-05",
            "price": "40.89",
            "revenue": 45867
        },
        "2017-06": {
            "month": "2017-06",
            "price": "41.89",
            "revenue": 53366
        },
        "2017-07": {
            "month": "2017-07",
            "price": "42.84",
            "revenue": 52147
        },
        "2017-08": {
            "month": "2017-08",
            "price": "51.61",
            "revenue": 59203
        },
        "2017-09": {
            "month": "2017-09",
            "price": "56.05",
            "revenue": 51727
        },
        "2017-10": {
            "month": "2017-10",
            "price": "51.68",
            "revenue": 52511
        },
        "2017-11": {
            "month": "2017-11",
            "price": "44.53",
            "revenue": 59806
        },
        "2017-12": {
            "month": "2017-12",
            "price": "41.06",
            "revenue": 34309
        },
        "2018-01": {
            "month": "2018-01",
            "price": "37.94",
            "revenue": 35251
        },
        "2018-02": {
            "month": "2018-02",
            "price": "33.90",
            "revenue": 18589
        },
        "2018-03": {
            "month": "2018-03",
            "price": "34.44",
            "revenue": 36396
        },
        "2018-04": {
            "month": "2018-04",
            "price": "35.09",
            "revenue": 38448
        },
        "2018-05": {
            "month": "2018-05",
            "price": "32.29",
            "revenue": 36378
        },
        "2018-06": {
            "month": "2018-06",
            "price": "40.49",
            "revenue": 32498
        },
        "2018-07": {
            "month": "2018-07",
            "price": "36.15",
            "revenue": 51833
        },
        "2018-08": {
            "month": "2018-08",
            "price": "32.71",
            "revenue": 60192
        },
        "2018-09": {
            "month": "2018-09",
            "price": "26.73",
            "revenue": 50757
        },
        "2018-10": {
            "month": "2018-10",
            "price": "21.75",
            "revenue": 34241
        },
        "2018-11": {
            "month": "2018-11",
            "price": "22.02",
            "revenue": 44980
        },
        "2018-12": {
            "month": "2018-12",
            "price": "23.15",
            "revenue": 33021
        },
        "2019-01": {
            "month": "2019-01",
            "price": "24.01",
            "revenue": 38411
        },
        "2019-02": {
            "month": "2019-02",
            "price": "27.65",
            "revenue": 11192
        },
        "2019-03": {
            "month": "2019-03",
            "price": "30.88",
            "revenue": 39104
        },
        "2019-04": {
            "month": "2019-04",
            "price": "32.28",
            "revenue": 34647
        },
        "2019-05": {
            "month": "2019-05",
            "price": "29.91",
            "revenue": 28517
        },
        "2019-06": {
            "month": "2019-06",
            "price": "30.38",
            "revenue": 31794
        },
        "2019-07": {
            "month": "2019-07",
            "price": "31.90",
            "revenue": 37629
        },
        "2019-08": {
            "month": "2019-08",
            "price": "28.83",
            "revenue": 28846
        },
        "2019-09": {
            "month": "2019-09",
            "price": "29.72",
            "revenue": 21474
        },
        "2019-10": {
            "month": "2019-10",
            "price": "30.84",
            "revenue": 31296
        },
        "2019-11": {
            "month": "2019-11",
            "price": "30.21",
            "revenue": 27704
        },
        "2019-12": {
            "month": "2019-12",
            "price": "29.82",
            "revenue": 25718
        },
        "2020-01": {
            "month": "2020-01",
            "price": "29.35",
            "revenue": 14649
        },
        "2020-02": {
            "month": "2020-02",
            "price": "25.49",
            "revenue": 11241
        },
        "2020-03": {
            "month": "2020-03",
            "price": "22.01",
            "revenue": 33935
        },
        "2020-04": {
            "month": "2020-04",
            "price": "25.02",
            "revenue": 33583
        },
        "2020-05": {
            "month": "2020-05",
            "price": "25.83",
            "revenue": 14488
        },
        "2020-06": {
            "month": "2020-06",
            "price": "27.34",
            "revenue": 15105
        },
        "2020-07": {
            "month": "2020-07",
            "price": "28.42",
            "revenue": 21297
        },
        "2020-08": {
            "month": "2020-08",
            "price": "26.72",
            "revenue": 22691
        },
        "2020-09": {
            "month": "2020-09",
            "price": "26.38",
            "revenue": 20518
        },
        "2020-10": {
            "month": "2020-10",
            "price": "24.68",
            "revenue": 22335
        },
        "2020-11": {
            "month": "2020-11",
            "price": "24.89",
            "revenue": 31024
        },
        "2020-12": {
            "month": "2020-12",
            "price": "27.58",
            "revenue": 35332
        },
        "2021-01": {
            "month": "2021-01",
            "price": "26.81",
            "revenue": 36135
        },
        "2021-02": {
            "month": "2021-02",
            "price": "27.95",
            "revenue": 23139
        },
        "2021-03": {
            "month": "2021-03",
            "price": "34.72",
            "revenue": 34100
        },
        "2021-04": {
            "month": "2021-04",
            "price": "43.56",
            "revenue": 36412
        },
        "2021-05": {
            "month": "2021-05",
            "price": "33.86",
            "revenue": 37278
        },
        "2021-06": {
            "month": "2021-06",
            "price": "36.71",
            "revenue": 38143
        },
        "2021-07": {
            "month": "2021-07",
            "price": "41.96",
            "revenue": 48417
        },
        "2021-08": {
            "month": "2021-08",
            "price": "38.17",
            "revenue": 45223
        },
        "2021-09": {
            "month": "2021-09",
            "price": "40.24",
            "revenue": 39781
        },
        "2021-10": {
            "month": "2021-10",
            "price": "38.53",
            "revenue": 40254
        },
        "2021-11": {
            "month": "2021-11",
            "price": "40.90",
            "revenue": 41615
        },
        "2021-12": {
            "month": "2021-12",
            "price": "38.78",
            "revenue": 38816
        },
        "2022-01": {
            "month": "2022-01",
            "price": "38.39",
            "revenue": 35619
        },
        "2022-02": {
            "month": "2022-02",
            "price": "35.94",
            "revenue": 30793
        },
        "2022-03": {
            "month": "2022-03",
            "price": "32.53",
            "revenue": 50840
        },
        "2022-04": {
            "month": "2022-04",
            "price": "32.19",
            "revenue": 50314
        },
        "2022-05": {
            "month": "2022-05",
            "price": "31.05",
            "revenue": 40283
        },
        "2022-06": {
            "month": "2022-06",
            "price": "35.56",
            "revenue": 41553
        },
        "2022-07": {
            "month": "2022-07",
            "price": "36.63",
            "revenue": 36940
        },
        "2022-08": {
            "month": "2022-08",
            "price": "41.48",
            "revenue": 35205
        },
        "2022-09": {
            "month": "2022-09",
            "price": "37.67",
            "revenue": 32969
        },
        "2022-10": {
            "month": "2022-10",
            "price": "32.12",
            "revenue": 27058
        },
        "2022-11": {
            "month": "2022-11",
            "price": "37.76",
            "revenue": 28369
        },
        "2022-12": {
            "month": "2022-12",
            "price": "41.87",
            "revenue": 22295
        },
        "2023-01": {
            "month": "2023-01",
            "price": "38.50",
            "revenue": 20201
        },
        "2023-02": {
            "month": "2023-02",
            "price": "41.56",
            "revenue": 27240
        },
        "2023-03": {
            "month": "2023-03",
            "price": "45.34",
            "revenue": 31555
        },
        "2023-04": {
            "month": "2023-04",
            "price": "45.58",
            "revenue": 25103
        }
    }
}
