{
    "summary": {
        "stock_name": "創意",
        "stock_id": "3443",
        "category": "半導體",
        "main_business": "一、研究、開發、生產、製造及銷售：各種應用積體電路1.嵌入式記<br>憶體及邏輯元件。2.設計用元件資料庫。3.設計用自動化工具<br>二、提供前述產品相關及客戶委託之技術服務。",
        "website_url": "http://www.guc-asic.com",
        "ceo": "戴尚義",
        "pe_ratio": 58,
        "report_year_from": 2004,
        "report_year_to": 2023,
        "age": 20,
        "eps_negative_percentage": 0,
        "eps_growth_avg": {
            "last_all": 20.55,
            "last_2y": 55.34,
            "last_4y": 32.92,
            "last_8y": 28.79,
            "last_12y": 20.04,
            "last_16y": 20.55,
            "last_20y": null,
            "at_2006_last_3y": null,
            "at_2007_last_3y": null,
            "at_2008_last_3y": null,
            "at_2009_last_3y": null,
            "at_2010_last_3y": 22.2,
            "at_2011_last_3y": -6.2,
            "at_2012_last_3y": -1.31,
            "at_2013_last_3y": -2.33,
            "at_2014_last_3y": 0.34,
            "at_2015_last_3y": 6.79,
            "at_2016_last_3y": 5.78,
            "at_2017_last_3y": 32.68,
            "at_2018_last_3y": 23.64,
            "at_2019_last_3y": 11.6,
            "at_2020_last_3y": 17.32,
            "at_2021_last_3y": 21.44,
            "at_2022_last_3y": 42.52,
            "at_2023_last_3y": 50.14,
            "at_2024_last_3y": 50.14,
            "at_2006_last_all": null,
            "at_2007_last_all": null,
            "at_2008_last_all": 48.09,
            "at_2009_last_all": 15.87,
            "at_2010_last_all": 22.2,
            "at_2011_last_all": 15.04,
            "at_2012_last_all": 15.15,
            "at_2013_last_all": 5.47,
            "at_2014_last_all": 11.27,
            "at_2015_last_all": 11.37,
            "at_2016_last_all": 11.4,
            "at_2017_last_all": 15.36,
            "at_2018_last_all": 15.39,
            "at_2019_last_all": 11.44,
            "at_2020_last_all": 13.09,
            "at_2021_last_all": 16.99,
            "at_2022_last_all": 22.17,
            "at_2023_last_all": 20.55,
            "at_2024_last_all": 20.55
        },
        "latest_eps": 26.18,
        "latest_price": 1525,
        "latest_roe": 39.54,
        "latest_gross_margin": 28.49,
        "latest_equity": 9681559,
        "latest_revenue": 6314796,
        "latest_gross_profit": 1799234,
        "latest_net_income": 712002,
        "latest_debt_ratio": 54.06,
        "latest_current_ratio": 177.44,
        "latest_account_receivable_turnover_ratio": 3.13,
        "latest_inventory_turnover_ratio": 0.88,
        "latest_reinvestment_rate": -4.45,
        "latest_research_to_sale_ratio": 11.87
    },
    "eps_dividends": {
        "2001": {
            "cash": 0,
            "stock": 0,
            "eps": 0
        },
        "2002": {
            "cash": 0,
            "stock": 0,
            "eps": 0
        },
        "2003": {
            "cash": 0,
            "stock": 0,
            "eps": 0
        },
        "2004": {
            "cash": 0,
            "stock": 0,
            "eps": 0
        },
        "2005": {
            "cash": 0,
            "stock": 0.28,
            "eps": 0
        },
        "2006": {
            "cash": 0.36,
            "stock": 0.54,
            "eps": 2.47
        },
        "2007": {
            "cash": 1.28,
            "stock": 0.32,
            "eps": 6.53
        },
        "2008": {
            "cash": 3.29,
            "stock": 0.55,
            "eps": 6.28
        },
        "2009": {
            "cash": 3.43,
            "stock": 0.4,
            "eps": 3.23
        },
        "2010": {
            "cash": 2,
            "stock": 0,
            "eps": 4.56
        },
        "2011": {
            "cash": 5.99,
            "stock": 0,
            "eps": 3.94
        },
        "2012": {
            "cash": 0,
            "stock": 0,
            "eps": 4.56
        },
        "2013": {
            "cash": 3,
            "stock": 0,
            "eps": 2.16
        },
        "2014": {
            "cash": 3,
            "stock": 0,
            "eps": 3.28
        },
        "2015": {
            "cash": 3,
            "stock": 0,
            "eps": 3.68
        },
        "2016": {
            "cash": 3,
            "stock": 0,
            "eps": 4.11
        },
        "2017": {
            "cash": 3.5,
            "stock": 0,
            "eps": 6.37
        },
        "2018": {
            "cash": 5,
            "stock": 0,
            "eps": 7.37
        },
        "2019": {
            "cash": 5,
            "stock": 0,
            "eps": 4.72
        },
        "2020": {
            "cash": 5,
            "stock": 0,
            "eps": 6.35
        },
        "2021": {
            "cash": 5,
            "stock": 0,
            "eps": 10.89
        },
        "2022": {
            "cash": 7,
            "stock": 0,
            "eps": 27.69
        },
        "2023": {
            "cash": 14,
            "stock": 0,
            "eps": 26.17
        },
        "2024": {
            "cash": 14,
            "stock": 0,
            "eps": 0
        }
    },
    "dividends": {
        "2005-03-08": {
            "cash": 0,
            "stock": 0.28
        },
        "2006-02-16": {
            "cash": 0.36,
            "stock": 0.54
        },
        "2007-02-08": {
            "cash": 1.28,
            "stock": 0.32
        },
        "2008-03-06": {
            "cash": 3.29,
            "stock": 0.55
        },
        "2009-02-19": {
            "cash": 3.43,
            "stock": 0.4
        },
        "2010-02-11": {
            "cash": 2,
            "stock": 0
        },
        "2011-01-01": {
            "cash": 3,
            "stock": 0
        },
        "2011-02-17": {
            "cash": 2.99,
            "stock": 0
        },
        "2013-02-07": {
            "cash": 3,
            "stock": 0
        },
        "2014-05-29": {
            "cash": 3,
            "stock": 0
        },
        "2015-07-10": {
            "cash": 3,
            "stock": 0
        },
        "2016-07-07": {
            "cash": 3,
            "stock": 0
        },
        "2017-06-29": {
            "cash": 3.5,
            "stock": 0
        },
        "2018-06-28": {
            "cash": 5,
            "stock": 0
        },
        "2019-06-27": {
            "cash": 5,
            "stock": 0
        },
        "2020-06-24": {
            "cash": 5,
            "stock": 0
        },
        "2021-06-30": {
            "cash": 5,
            "stock": 0
        },
        "2022-06-30": {
            "cash": 7,
            "stock": 0
        },
        "2023-06-29": {
            "cash": 14,
            "stock": 0
        },
        "2024-01-31": {
            "cash": 14,
            "stock": 0
        }
    },
    "prices": {
        "200101": "無",
        "200102": "無",
        "200103": "無",
        "200104": "無",
        "200105": "無",
        "200106": "無",
        "200107": "無",
        "200108": "無",
        "200109": "無",
        "200110": "無",
        "200111": "無",
        "200112": "無",
        "200201": "無",
        "200202": "無",
        "200203": "無",
        "200204": "無",
        "200205": "無",
        "200206": "無",
        "200207": "無",
        "200208": "無",
        "200209": "無",
        "200210": "無",
        "200211": "無",
        "200212": "無",
        "200301": "無",
        "200302": "無",
        "200303": "無",
        "200304": "無",
        "200305": "無",
        "200306": "無",
        "200307": "無",
        "200308": "無",
        "200309": "無",
        "200310": "無",
        "200311": "無",
        "200312": "無",
        "200401": "無",
        "200402": "無",
        "200403": "無",
        "200404": "無",
        "200405": "無",
        "200406": "無",
        "200407": "無",
        "200408": "無",
        "200409": "無",
        "200410": "無",
        "200411": "無",
        "200412": "21.20",
        "200501": "19.42",
        "200502": "20.20",
        "200503": "21.56",
        "200504": "24.47",
        "200505": "25.28",
        "200506": "28.08",
        "200507": "30.84",
        "200508": "33.12",
        "200509": "31.08",
        "200510": "31.83",
        "200511": "29.86",
        "200512": "32.67",
        "200601": "43.44",
        "200602": "45.68",
        "200603": "61.46",
        "200604": "63.67",
        "200605": "66.13",
        "200606": "58.51",
        "200607": "60.54",
        "200608": "56.01",
        "200609": "53.84",
        "200610": "53.68",
        "200611": "65.89",
        "200612": "97.91",
        "200701": "216.27",
        "200702": "231.17",
        "200703": "266.35",
        "200704": "252.98",
        "200705": "275.89",
        "200706": "287.25",
        "200707": "380.27",
        "200708": "318.02",
        "200709": "256.64",
        "200710": "302.30",
        "200711": "235.14",
        "200712": "208.95",
        "200801": "178.43",
        "200802": "164.50",
        "200803": "189.45",
        "200804": "239.74",
        "200805": "252.67",
        "200806": "235.05",
        "200807": "238.34",
        "200808": "215.62",
        "200809": "182.74",
        "200810": "173.27",
        "200811": "109.20",
        "200812": "102.55",
        "200901": "122.10",
        "200902": "139.82",
        "200903": "159.20",
        "200904": "155.00",
        "200905": "177.31",
        "200906": "169.26",
        "200907": "167.63",
        "200908": "156.22",
        "200909": "152.20",
        "200910": "150.61",
        "200911": "157.48",
        "200912": "162.09",
        "201001": "156.58",
        "201002": "141.89",
        "201003": "143.22",
        "201004": "151.00",
        "201005": "128.79",
        "201006": "121.74",
        "201007": "124.45",
        "201008": "120.84",
        "201009": "107.67",
        "201010": "116.55",
        "201011": "132.07",
        "201012": "130.93",
        "201101": "120.15",
        "201102": "112.75",
        "201103": "99.00",
        "201104": "90.39",
        "201105": "107.21",
        "201106": "116.12",
        "201107": "110.16",
        "201108": "99.70",
        "201109": "116.02",
        "201110": "125.25",
        "201111": "111.12",
        "201112": "95.10",
        "201201": "100.63",
        "201202": "118.20",
        "201203": "117.54",
        "201204": "96.80",
        "201205": "105.02",
        "201206": "105.21",
        "201207": "97.13",
        "201208": "105.59",
        "201209": "116.60",
        "201210": "104.58",
        "201211": "93.05",
        "201212": "98.68",
        "201301": "97.10",
        "201302": "94.56",
        "201303": "92.88",
        "201304": "90.13",
        "201305": "97.10",
        "201306": "96.45",
        "201307": "98.07",
        "201308": "90.20",
        "201309": "89.28",
        "201310": "79.34",
        "201311": "69.11",
        "201312": "74.07",
        "201401": "77.79",
        "201402": "78.02",
        "201403": "85.50",
        "201404": "87.54",
        "201405": "90.61",
        "201406": "95.85",
        "201407": "90.14",
        "201408": "82.46",
        "201409": "84.67",
        "201410": "90.31",
        "201411": "88.37",
        "201412": "92.92",
        "201501": "89.52",
        "201502": "87.53",
        "201503": "86.16",
        "201504": "81.96",
        "201505": "81.98",
        "201506": "79.25",
        "201507": "76.44",
        "201508": "64.30",
        "201509": "59.27",
        "201510": "63.70",
        "201511": "67.71",
        "201512": "67.83",
        "201601": "62.12",
        "201602": "75.55",
        "201603": "86.27",
        "201604": "79.96",
        "201605": "71.78",
        "201606": "72.91",
        "201607": "74.89",
        "201608": "76.90",
        "201609": "76.28",
        "201610": "77.68",
        "201611": "76.79",
        "201612": "77.77",
        "201701": "79.81",
        "201702": "90.07",
        "201703": "106.26",
        "201704": "99.97",
        "201705": "101.80",
        "201706": "120.70",
        "201707": "151.90",
        "201708": "183.00",
        "201709": "199.84",
        "201710": "270.92",
        "201711": "279.61",
        "201712": "272.67",
        "201801": "305.34",
        "201802": "308.58",
        "201803": "326.70",
        "201804": "280.83",
        "201805": "269.25",
        "201806": "291.42",
        "201807": "299.11",
        "201808": "304.59",
        "201809": "303.24",
        "201810": "221.48",
        "201811": "189.32",
        "201812": "202.40",
        "201901": "192.74",
        "201902": "205.92",
        "201903": "205.28",
        "201904": "226.08",
        "201905": "217.68",
        "201906": "216.55",
        "201907": "238.17",
        "201908": "223.26",
        "201909": "244.32",
        "201910": "269.60",
        "201911": "268.36",
        "201912": "245.98",
        "202001": "247.80",
        "202002": "238.21",
        "202003": "195.07",
        "202004": "227.42",
        "202005": "225.80",
        "202006": "228.68",
        "202007": "298.26",
        "202008": "293.10",
        "202009": "263.61",
        "202010": "267.71",
        "202011": "310.17",
        "202012": "324.61",
        "202101": "403.38",
        "202102": "436.38",
        "202103": "405.77",
        "202104": "408.63",
        "202105": "344.98",
        "202106": "389.57",
        "202107": "435.55",
        "202108": "393.86",
        "202109": "470.42",
        "202110": "529.12",
        "202111": "590.23",
        "202112": "595.55",
        "202201": "516.81",
        "202202": "461.20",
        "202203": "477.30",
        "202204": "453.29",
        "202205": "522.00",
        "202206": "534.88",
        "202207": "499.19",
        "202208": "553.09",
        "202209": "571.14",
        "202210": "477.95",
        "202211": "652.48",
        "202212": "741.82",
        "202301": "701.31",
        "202302": "938.50",
        "202303": "1116.96",
        "202304": "1033.59",
        "202305": "1232.27",
        "202306": "1546.25",
        "202307": "1750.48",
        "202308": "1380.00",
        "202309": "1409.00",
        "202310": "1528.25",
        "202311": "1647.27",
        "202312": "1734.76"
    },
    "quarters": {
        "20011": {
            "year_quarter": 20011,
            "year": 2001,
            "quarter": 1,
            "eps": null,
            "eps_growth_year": null,
            "eps_4q": null,
            "eps_4q_growth_year": null,
            "roe": null,
            "roe_4q": 0,
            "gross_profit": null,
            "gross_margin": null,
            "gross_margin_4q_avg": 0,
            "net_income": null,
            "net_income_4q": null,
            "revenue": null,
            "revenue_4q": null,
            "common_shares": null,
            "book_valuer_per_share": null,
            "book_valuer_per_share_4q_avg": 0,
            "equity": null,
            "current_ratio": null,
            "debt_ratio": null,
            "inventory_turnover_ratio": null,
            "account_receivable_turnover_ratio": null,
            "reinvestment_rate": null,
            "research_to_sale_ratio": null,
            "price_fair": 0,
            "eps_avg_yearly": 0,
            "eps_latest_yearly": 0,
            "eps_growth_yearly": 0
        },
        "20012": {
            "year_quarter": 20012,
            "year": 2001,
            "quarter": 2,
            "eps": null,
            "eps_growth_year": null,
            "eps_4q": null,
            "eps_4q_growth_year": null,
            "roe": null,
            "roe_4q": 0,
            "gross_profit": null,
            "gross_margin": null,
            "gross_margin_4q_avg": 0,
            "net_income": null,
            "net_income_4q": null,
            "revenue": null,
            "revenue_4q": null,
            "common_shares": null,
            "book_valuer_per_share": null,
            "book_valuer_per_share_4q_avg": 0,
            "equity": null,
            "current_ratio": null,
            "debt_ratio": null,
            "inventory_turnover_ratio": null,
            "account_receivable_turnover_ratio": null,
            "reinvestment_rate": null,
            "research_to_sale_ratio": null,
            "price_fair": 0,
            "eps_avg_yearly": 0,
            "eps_latest_yearly": 0,
            "eps_growth_yearly": 0
        },
        "20013": {
            "year_quarter": 20013,
            "year": 2001,
            "quarter": 3,
            "eps": null,
            "eps_growth_year": null,
            "eps_4q": null,
            "eps_4q_growth_year": null,
            "roe": null,
            "roe_4q": 0,
            "gross_profit": null,
            "gross_margin": null,
            "gross_margin_4q_avg": 0,
            "net_income": null,
            "net_income_4q": null,
            "revenue": null,
            "revenue_4q": null,
            "common_shares": null,
            "book_valuer_per_share": null,
            "book_valuer_per_share_4q_avg": 0,
            "equity": null,
            "current_ratio": null,
            "debt_ratio": null,
            "inventory_turnover_ratio": null,
            "account_receivable_turnover_ratio": null,
            "reinvestment_rate": null,
            "research_to_sale_ratio": null,
            "price_fair": 0,
            "eps_avg_yearly": 0,
            "eps_latest_yearly": 0,
            "eps_growth_yearly": 0
        },
        "20014": {
            "year_quarter": 20014,
            "year": 2001,
            "quarter": 4,
            "eps": null,
            "eps_growth_year": null,
            "eps_4q": null,
            "eps_4q_growth_year": null,
            "roe": null,
            "roe_4q": 0,
            "gross_profit": null,
            "gross_margin": null,
            "gross_margin_4q_avg": 0,
            "net_income": null,
            "net_income_4q": null,
            "revenue": null,
            "revenue_4q": null,
            "common_shares": 300000,
            "book_valuer_per_share": 12.98,
            "book_valuer_per_share_4q_avg": 3.25,
            "equity": 389549,
            "current_ratio": 323.21,
            "debt_ratio": 22.15,
            "inventory_turnover_ratio": null,
            "account_receivable_turnover_ratio": null,
            "reinvestment_rate": null,
            "research_to_sale_ratio": null,
            "price_fair": 0,
            "eps_avg_yearly": 0,
            "eps_latest_yearly": 0,
            "eps_growth_yearly": 0
        },
        "20021": {
            "year_quarter": 20021,
            "year": 2002,
            "quarter": 1,
            "eps": null,
            "eps_growth_year": null,
            "eps_4q": null,
            "eps_4q_growth_year": null,
            "roe": null,
            "roe_4q": 0,
            "gross_profit": null,
            "gross_margin": null,
            "gross_margin_4q_avg": 0,
            "net_income": null,
            "net_income_4q": null,
            "revenue": null,
            "revenue_4q": null,
            "common_shares": null,
            "book_valuer_per_share": null,
            "book_valuer_per_share_4q_avg": 3.25,
            "equity": null,
            "current_ratio": null,
            "debt_ratio": null,
            "inventory_turnover_ratio": null,
            "account_receivable_turnover_ratio": null,
            "reinvestment_rate": null,
            "research_to_sale_ratio": null,
            "price_fair": 0,
            "eps_avg_yearly": 0,
            "eps_latest_yearly": 0,
            "eps_growth_yearly": 0
        },
        "20022": {
            "year_quarter": 20022,
            "year": 2002,
            "quarter": 2,
            "eps": null,
            "eps_growth_year": null,
            "eps_4q": null,
            "eps_4q_growth_year": null,
            "roe": null,
            "roe_4q": 0,
            "gross_profit": null,
            "gross_margin": null,
            "gross_margin_4q_avg": 0,
            "net_income": null,
            "net_income_4q": null,
            "revenue": null,
            "revenue_4q": null,
            "common_shares": null,
            "book_valuer_per_share": null,
            "book_valuer_per_share_4q_avg": 3.25,
            "equity": null,
            "current_ratio": null,
            "debt_ratio": null,
            "inventory_turnover_ratio": null,
            "account_receivable_turnover_ratio": null,
            "reinvestment_rate": null,
            "research_to_sale_ratio": null,
            "price_fair": 0,
            "eps_avg_yearly": 0,
            "eps_latest_yearly": 0,
            "eps_growth_yearly": 0
        },
        "20023": {
            "year_quarter": 20023,
            "year": 2002,
            "quarter": 3,
            "eps": null,
            "eps_growth_year": null,
            "eps_4q": null,
            "eps_4q_growth_year": null,
            "roe": null,
            "roe_4q": 0,
            "gross_profit": null,
            "gross_margin": null,
            "gross_margin_4q_avg": 0,
            "net_income": null,
            "net_income_4q": null,
            "revenue": null,
            "revenue_4q": null,
            "common_shares": null,
            "book_valuer_per_share": null,
            "book_valuer_per_share_4q_avg": 3.25,
            "equity": null,
            "current_ratio": null,
            "debt_ratio": null,
            "inventory_turnover_ratio": null,
            "account_receivable_turnover_ratio": null,
            "reinvestment_rate": null,
            "research_to_sale_ratio": null,
            "price_fair": 0,
            "eps_avg_yearly": 0,
            "eps_latest_yearly": 0,
            "eps_growth_yearly": 0
        },
        "20024": {
            "year_quarter": 20024,
            "year": 2002,
            "quarter": 4,
            "eps": null,
            "eps_growth_year": null,
            "eps_4q": null,
            "eps_4q_growth_year": null,
            "roe": null,
            "roe_4q": 0,
            "gross_profit": null,
            "gross_margin": null,
            "gross_margin_4q_avg": 0,
            "net_income": null,
            "net_income_4q": null,
            "revenue": null,
            "revenue_4q": null,
            "common_shares": 300000,
            "book_valuer_per_share": 13.02,
            "book_valuer_per_share_4q_avg": 3.26,
            "equity": 390556,
            "current_ratio": 197.18,
            "debt_ratio": 40.18,
            "inventory_turnover_ratio": null,
            "account_receivable_turnover_ratio": null,
            "reinvestment_rate": null,
            "research_to_sale_ratio": null,
            "price_fair": 0,
            "eps_avg_yearly": 0,
            "eps_latest_yearly": 0,
            "eps_growth_yearly": 0
        },
        "20031": {
            "year_quarter": 20031,
            "year": 2003,
            "quarter": 1,
            "eps": null,
            "eps_growth_year": null,
            "eps_4q": null,
            "eps_4q_growth_year": null,
            "roe": null,
            "roe_4q": 0,
            "gross_profit": null,
            "gross_margin": null,
            "gross_margin_4q_avg": 0,
            "net_income": null,
            "net_income_4q": null,
            "revenue": null,
            "revenue_4q": null,
            "common_shares": null,
            "book_valuer_per_share": null,
            "book_valuer_per_share_4q_avg": 3.26,
            "equity": null,
            "current_ratio": null,
            "debt_ratio": null,
            "inventory_turnover_ratio": null,
            "account_receivable_turnover_ratio": null,
            "reinvestment_rate": null,
            "research_to_sale_ratio": null,
            "price_fair": 0,
            "eps_avg_yearly": 0,
            "eps_latest_yearly": 0,
            "eps_growth_yearly": 0
        },
        "20032": {
            "year_quarter": 20032,
            "year": 2003,
            "quarter": 2,
            "eps": null,
            "eps_growth_year": null,
            "eps_4q": null,
            "eps_4q_growth_year": null,
            "roe": null,
            "roe_4q": 0,
            "gross_profit": null,
            "gross_margin": null,
            "gross_margin_4q_avg": 0,
            "net_income": null,
            "net_income_4q": null,
            "revenue": null,
            "revenue_4q": null,
            "common_shares": null,
            "book_valuer_per_share": null,
            "book_valuer_per_share_4q_avg": 3.26,
            "equity": null,
            "current_ratio": null,
            "debt_ratio": null,
            "inventory_turnover_ratio": null,
            "account_receivable_turnover_ratio": null,
            "reinvestment_rate": null,
            "research_to_sale_ratio": null,
            "price_fair": 0,
            "eps_avg_yearly": 0,
            "eps_latest_yearly": 0,
            "eps_growth_yearly": 0
        },
        "20033": {
            "year_quarter": 20033,
            "year": 2003,
            "quarter": 3,
            "eps": null,
            "eps_growth_year": null,
            "eps_4q": null,
            "eps_4q_growth_year": null,
            "roe": null,
            "roe_4q": 0,
            "gross_profit": null,
            "gross_margin": null,
            "gross_margin_4q_avg": 0,
            "net_income": null,
            "net_income_4q": null,
            "revenue": null,
            "revenue_4q": null,
            "common_shares": null,
            "book_valuer_per_share": null,
            "book_valuer_per_share_4q_avg": 3.26,
            "equity": null,
            "current_ratio": null,
            "debt_ratio": null,
            "inventory_turnover_ratio": null,
            "account_receivable_turnover_ratio": null,
            "reinvestment_rate": null,
            "research_to_sale_ratio": null,
            "price_fair": 0,
            "eps_avg_yearly": 0,
            "eps_latest_yearly": 0,
            "eps_growth_yearly": 0
        },
        "20034": {
            "year_quarter": 20034,
            "year": 2003,
            "quarter": 4,
            "eps": null,
            "eps_growth_year": null,
            "eps_4q": null,
            "eps_4q_growth_year": null,
            "roe": null,
            "roe_4q": 0,
            "gross_profit": null,
            "gross_margin": null,
            "gross_margin_4q_avg": 0,
            "net_income": null,
            "net_income_4q": null,
            "revenue": null,
            "revenue_4q": null,
            "common_shares": 825000,
            "book_valuer_per_share": 10.35,
            "book_valuer_per_share_4q_avg": 2.59,
            "equity": 853660,
            "current_ratio": 286.42,
            "debt_ratio": 27.81,
            "inventory_turnover_ratio": null,
            "account_receivable_turnover_ratio": null,
            "reinvestment_rate": null,
            "research_to_sale_ratio": null,
            "price_fair": 0,
            "eps_avg_yearly": 0,
            "eps_latest_yearly": 0,
            "eps_growth_yearly": 0
        },
        "20041": {
            "year_quarter": 20041,
            "year": 2004,
            "quarter": 1,
            "eps": null,
            "eps_growth_year": null,
            "eps_4q": null,
            "eps_4q_growth_year": null,
            "roe": null,
            "roe_4q": 0,
            "gross_profit": null,
            "gross_margin": null,
            "gross_margin_4q_avg": 0,
            "net_income": null,
            "net_income_4q": null,
            "revenue": null,
            "revenue_4q": null,
            "common_shares": null,
            "book_valuer_per_share": null,
            "book_valuer_per_share_4q_avg": 2.59,
            "equity": null,
            "current_ratio": null,
            "debt_ratio": null,
            "inventory_turnover_ratio": null,
            "account_receivable_turnover_ratio": null,
            "reinvestment_rate": null,
            "research_to_sale_ratio": null,
            "price_fair": 0,
            "eps_avg_yearly": 0,
            "eps_latest_yearly": 0,
            "eps_growth_yearly": 0
        },
        "20042": {
            "year_quarter": 20042,
            "year": 2004,
            "quarter": 2,
            "eps": null,
            "eps_growth_year": null,
            "eps_4q": null,
            "eps_4q_growth_year": null,
            "roe": null,
            "roe_4q": 0,
            "gross_profit": null,
            "gross_margin": null,
            "gross_margin_4q_avg": 0,
            "net_income": null,
            "net_income_4q": null,
            "revenue": null,
            "revenue_4q": null,
            "common_shares": null,
            "book_valuer_per_share": null,
            "book_valuer_per_share_4q_avg": 2.59,
            "equity": null,
            "current_ratio": null,
            "debt_ratio": null,
            "inventory_turnover_ratio": null,
            "account_receivable_turnover_ratio": null,
            "reinvestment_rate": null,
            "research_to_sale_ratio": null,
            "price_fair": 0,
            "eps_avg_yearly": 0,
            "eps_latest_yearly": 0,
            "eps_growth_yearly": 0
        },
        "20043": {
            "year_quarter": 20043,
            "year": 2004,
            "quarter": 3,
            "eps": null,
            "eps_growth_year": null,
            "eps_4q": null,
            "eps_4q_growth_year": null,
            "roe": null,
            "roe_4q": 0,
            "gross_profit": null,
            "gross_margin": null,
            "gross_margin_4q_avg": 0,
            "net_income": null,
            "net_income_4q": null,
            "revenue": null,
            "revenue_4q": null,
            "common_shares": null,
            "book_valuer_per_share": null,
            "book_valuer_per_share_4q_avg": 2.59,
            "equity": null,
            "current_ratio": null,
            "debt_ratio": null,
            "inventory_turnover_ratio": null,
            "account_receivable_turnover_ratio": null,
            "reinvestment_rate": null,
            "research_to_sale_ratio": null,
            "price_fair": 0,
            "eps_avg_yearly": 0,
            "eps_latest_yearly": 0,
            "eps_growth_yearly": 0
        },
        "20044": {
            "year_quarter": 20044,
            "year": 2004,
            "quarter": 4,
            "eps": null,
            "eps_growth_year": null,
            "eps_4q": null,
            "eps_4q_growth_year": null,
            "roe": null,
            "roe_4q": 0,
            "gross_profit": null,
            "gross_margin": null,
            "gross_margin_4q_avg": 0,
            "net_income": null,
            "net_income_4q": null,
            "revenue": null,
            "revenue_4q": null,
            "common_shares": 825000,
            "book_valuer_per_share": 10.71,
            "book_valuer_per_share_4q_avg": 2.68,
            "equity": 883900,
            "current_ratio": 234,
            "debt_ratio": 25.43,
            "inventory_turnover_ratio": null,
            "account_receivable_turnover_ratio": null,
            "reinvestment_rate": null,
            "research_to_sale_ratio": null,
            "price_fair": 0,
            "eps_avg_yearly": 0,
            "eps_latest_yearly": 0,
            "eps_growth_yearly": 0
        },
        "20051": {
            "year_quarter": 20051,
            "year": 2005,
            "quarter": 1,
            "eps": null,
            "eps_growth_year": null,
            "eps_4q": null,
            "eps_4q_growth_year": null,
            "roe": null,
            "roe_4q": 0,
            "gross_profit": null,
            "gross_margin": null,
            "gross_margin_4q_avg": 0,
            "net_income": null,
            "net_income_4q": null,
            "revenue": null,
            "revenue_4q": null,
            "common_shares": null,
            "book_valuer_per_share": null,
            "book_valuer_per_share_4q_avg": 2.68,
            "equity": null,
            "current_ratio": null,
            "debt_ratio": null,
            "inventory_turnover_ratio": null,
            "account_receivable_turnover_ratio": null,
            "reinvestment_rate": null,
            "research_to_sale_ratio": null,
            "price_fair": 0,
            "eps_avg_yearly": 0,
            "eps_latest_yearly": 0,
            "eps_growth_yearly": 0
        },
        "20052": {
            "year_quarter": 20052,
            "year": 2005,
            "quarter": 2,
            "eps": null,
            "eps_growth_year": null,
            "eps_4q": null,
            "eps_4q_growth_year": null,
            "roe": null,
            "roe_4q": 0,
            "gross_profit": null,
            "gross_margin": null,
            "gross_margin_4q_avg": 0,
            "net_income": null,
            "net_income_4q": null,
            "revenue": null,
            "revenue_4q": null,
            "common_shares": null,
            "book_valuer_per_share": null,
            "book_valuer_per_share_4q_avg": 2.68,
            "equity": null,
            "current_ratio": null,
            "debt_ratio": null,
            "inventory_turnover_ratio": null,
            "account_receivable_turnover_ratio": null,
            "reinvestment_rate": null,
            "research_to_sale_ratio": null,
            "price_fair": 0,
            "eps_avg_yearly": 0,
            "eps_latest_yearly": 0,
            "eps_growth_yearly": 0
        },
        "20053": {
            "year_quarter": 20053,
            "year": 2005,
            "quarter": 3,
            "eps": null,
            "eps_growth_year": null,
            "eps_4q": null,
            "eps_4q_growth_year": null,
            "roe": null,
            "roe_4q": 0,
            "gross_profit": null,
            "gross_margin": null,
            "gross_margin_4q_avg": 0,
            "net_income": null,
            "net_income_4q": null,
            "revenue": null,
            "revenue_4q": null,
            "common_shares": null,
            "book_valuer_per_share": null,
            "book_valuer_per_share_4q_avg": 2.68,
            "equity": null,
            "current_ratio": null,
            "debt_ratio": null,
            "inventory_turnover_ratio": null,
            "account_receivable_turnover_ratio": null,
            "reinvestment_rate": null,
            "research_to_sale_ratio": null,
            "price_fair": 0,
            "eps_avg_yearly": 0,
            "eps_latest_yearly": 0,
            "eps_growth_yearly": 0
        },
        "20054": {
            "year_quarter": 20054,
            "year": 2005,
            "quarter": 4,
            "eps": null,
            "eps_growth_year": null,
            "eps_4q": null,
            "eps_4q_growth_year": null,
            "roe": null,
            "roe_4q": 0,
            "gross_profit": null,
            "gross_margin": null,
            "gross_margin_4q_avg": 0,
            "net_income": null,
            "net_income_4q": null,
            "revenue": null,
            "revenue_4q": null,
            "common_shares": 878791,
            "book_valuer_per_share": 11.59,
            "book_valuer_per_share_4q_avg": 2.9,
            "equity": 1018420,
            "current_ratio": 229.28,
            "debt_ratio": 30,
            "inventory_turnover_ratio": null,
            "account_receivable_turnover_ratio": null,
            "reinvestment_rate": null,
            "research_to_sale_ratio": null,
            "price_fair": 0,
            "eps_avg_yearly": 0,
            "eps_latest_yearly": 0,
            "eps_growth_yearly": 0
        },
        "20061": {
            "year_quarter": 20061,
            "year": 2006,
            "quarter": 1,
            "eps": 0.21,
            "eps_growth_year": null,
            "eps_4q": null,
            "eps_4q_growth_year": null,
            "roe": 1.85,
            "roe_4q": 1.85,
            "gross_profit": 136279,
            "gross_margin": 27.01,
            "gross_margin_4q_avg": 6.75,
            "net_income": 19045,
            "net_income_4q": null,
            "revenue": 504620,
            "revenue_4q": null,
            "common_shares": 884691,
            "book_valuer_per_share": 11.8,
            "book_valuer_per_share_4q_avg": 5.85,
            "equity": 1043580,
            "current_ratio": 229.31,
            "debt_ratio": 30.04,
            "inventory_turnover_ratio": 1.73,
            "account_receivable_turnover_ratio": null,
            "reinvestment_rate": null,
            "research_to_sale_ratio": null,
            "price_fair": 0,
            "eps_avg_yearly": 0,
            "eps_latest_yearly": 0,
            "eps_growth_yearly": 0
        },
        "20062": {
            "year_quarter": 20062,
            "year": 2006,
            "quarter": 2,
            "eps": 0.14,
            "eps_growth_year": null,
            "eps_4q": null,
            "eps_4q_growth_year": null,
            "roe": 1.19,
            "roe_4q": 3.04,
            "gross_profit": 150930,
            "gross_margin": 22.14,
            "gross_margin_4q_avg": 12.29,
            "net_income": 12275,
            "net_income_4q": null,
            "revenue": 681812,
            "revenue_4q": null,
            "common_shares": 885081,
            "book_valuer_per_share": 11.52,
            "book_valuer_per_share_4q_avg": 8.73,
            "equity": 1019889,
            "current_ratio": 192.24,
            "debt_ratio": 35.44,
            "inventory_turnover_ratio": 1.94,
            "account_receivable_turnover_ratio": null,
            "reinvestment_rate": null,
            "research_to_sale_ratio": null,
            "price_fair": 1.68,
            "eps_avg_yearly": 0.56,
            "eps_latest_yearly": 0.56,
            "eps_growth_yearly": -133.33
        },
        "20063": {
            "year_quarter": 20063,
            "year": 2006,
            "quarter": 3,
            "eps": 0.62,
            "eps_growth_year": null,
            "eps_4q": null,
            "eps_4q_growth_year": null,
            "roe": 5.73,
            "roe_4q": 8.77,
            "gross_profit": 199920,
            "gross_margin": 26.56,
            "gross_margin_4q_avg": 18.93,
            "net_income": 60763,
            "net_income_4q": null,
            "revenue": 752650,
            "revenue_4q": null,
            "common_shares": 964356,
            "book_valuer_per_share": 11.43,
            "book_valuer_per_share_4q_avg": 11.59,
            "equity": 1102170,
            "current_ratio": 192.91,
            "debt_ratio": 36.85,
            "inventory_turnover_ratio": 1.79,
            "account_receivable_turnover_ratio": null,
            "reinvestment_rate": null,
            "research_to_sale_ratio": null,
            "price_fair": 53.2,
            "eps_avg_yearly": 1.52,
            "eps_latest_yearly": 2.48,
            "eps_growth_yearly": 619.05
        },
        "20064": {
            "year_quarter": 20064,
            "year": 2006,
            "quarter": 4,
            "eps": 1.5,
            "eps_growth_year": null,
            "eps_4q": 2.45,
            "eps_4q_growth_year": null,
            "roe": 10.33,
            "roe_4q": 19.100000000000005,
            "gross_profit": 292509,
            "gross_margin": 20.6,
            "gross_margin_4q_avg": 24.08,
            "net_income": 145212,
            "net_income_4q": null,
            "revenue": 1419665,
            "revenue_4q": null,
            "common_shares": 1089176,
            "book_valuer_per_share": 15.69,
            "book_valuer_per_share_4q_avg": 12.61,
            "equity": 1708794,
            "current_ratio": 209.1,
            "debt_ratio": 38.67,
            "inventory_turnover_ratio": 2.34,
            "account_receivable_turnover_ratio": null,
            "reinvestment_rate": null,
            "research_to_sale_ratio": null,
            "price_fair": 105.47,
            "eps_avg_yearly": 3.01,
            "eps_latest_yearly": 6,
            "eps_growth_yearly": 601.95
        },
        "20071": {
            "year_quarter": 20071,
            "year": 2007,
            "quarter": 1,
            "eps": 1.71,
            "eps_growth_year": 714.29,
            "eps_4q": 3.71,
            "eps_4q_growth_year": null,
            "roe": 10.36,
            "roe_4q": 27.61,
            "gross_profit": 339811,
            "gross_margin": 22.74,
            "gross_margin_4q_avg": 23.01,
            "net_income": 187063,
            "net_income_4q": null,
            "revenue": 1494180,
            "revenue_4q": null,
            "common_shares": 1096136,
            "book_valuer_per_share": 17.36,
            "book_valuer_per_share_4q_avg": 14,
            "equity": 1903133,
            "current_ratio": 206.01,
            "debt_ratio": 39.63,
            "inventory_turnover_ratio": 1.59,
            "account_receivable_turnover_ratio": null,
            "reinvestment_rate": null,
            "research_to_sale_ratio": null,
            "price_fair": 138.95,
            "eps_avg_yearly": 3.97,
            "eps_latest_yearly": 6.84,
            "eps_growth_yearly": 465.46
        },
        "20072": {
            "year_quarter": 20072,
            "year": 2007,
            "quarter": 2,
            "eps": 1.32,
            "eps_growth_year": 842.86,
            "eps_4q": 4.9,
            "eps_4q_growth_year": null,
            "roe": 7.64,
            "roe_4q": 34.06,
            "gross_profit": 339518,
            "gross_margin": 20.72,
            "gross_margin_4q_avg": 22.66,
            "net_income": 145015,
            "net_income_4q": null,
            "revenue": 1638412,
            "revenue_4q": null,
            "common_shares": 1098526,
            "book_valuer_per_share": 17.26,
            "book_valuer_per_share_4q_avg": 15.44,
            "equity": 1895550,
            "current_ratio": 235.27,
            "debt_ratio": 33.85,
            "inventory_turnover_ratio": 1.68,
            "account_receivable_turnover_ratio": null,
            "reinvestment_rate": null,
            "research_to_sale_ratio": null,
            "price_fair": 148.12,
            "eps_avg_yearly": 4.23,
            "eps_latest_yearly": 5.28,
            "eps_growth_yearly": 354.12
        },
        "20073": {
            "year_quarter": 20073,
            "year": 2007,
            "quarter": 3,
            "eps": 1.61,
            "eps_growth_year": 159.68,
            "eps_4q": 5.78,
            "eps_4q_growth_year": null,
            "roe": 9.25,
            "roe_4q": 37.58,
            "gross_profit": 359016,
            "gross_margin": 19.69,
            "gross_margin_4q_avg": 20.94,
            "net_income": 184109,
            "net_income_4q": null,
            "revenue": 1823175,
            "revenue_4q": null,
            "common_shares": 1148030,
            "book_valuer_per_share": 18.16,
            "book_valuer_per_share_4q_avg": 17.12,
            "equity": 2084762,
            "current_ratio": 209.45,
            "debt_ratio": 39.77,
            "inventory_turnover_ratio": 1.87,
            "account_receivable_turnover_ratio": null,
            "reinvestment_rate": null,
            "research_to_sale_ratio": null,
            "price_fair": 161,
            "eps_avg_yearly": 4.6,
            "eps_latest_yearly": 6.44,
            "eps_growth_yearly": 309.75
        },
        "20074": {
            "year_quarter": 20074,
            "year": 2007,
            "quarter": 4,
            "eps": 1.89,
            "eps_growth_year": 26,
            "eps_4q": 6.4,
            "eps_4q_growth_year": 161.03,
            "roe": 9.86,
            "roe_4q": 37.11,
            "gross_profit": 441967,
            "gross_margin": 21.74,
            "gross_margin_4q_avg": 21.22,
            "net_income": 216398,
            "net_income_4q": null,
            "revenue": 2033173,
            "revenue_4q": null,
            "common_shares": 1149360,
            "book_valuer_per_share": 20.03,
            "book_valuer_per_share_4q_avg": 18.2,
            "equity": 2302530,
            "current_ratio": 217.18,
            "debt_ratio": 36.53,
            "inventory_turnover_ratio": 1.89,
            "account_receivable_turnover_ratio": null,
            "reinvestment_rate": null,
            "research_to_sale_ratio": null,
            "price_fair": 175.8,
            "eps_avg_yearly": 5.02,
            "eps_latest_yearly": 7.56,
            "eps_growth_yearly": 275.44
        },
        "20081": {
            "year_quarter": 20081,
            "year": 2008,
            "quarter": 1,
            "eps": 1.63,
            "eps_growth_year": -4.68,
            "eps_4q": 6.38,
            "eps_4q_growth_year": 72.19,
            "roe": 7.81,
            "roe_4q": 34.559999999999995,
            "gross_profit": 452653,
            "gross_margin": 20.72,
            "gross_margin_4q_avg": 20.72,
            "net_income": 187202,
            "net_income_4q": null,
            "revenue": 2184196,
            "revenue_4q": null,
            "common_shares": 1152380,
            "book_valuer_per_share": 21.63,
            "book_valuer_per_share_4q_avg": 19.27,
            "equity": 2492472,
            "current_ratio": 212.46,
            "debt_ratio": 38.62,
            "inventory_turnover_ratio": 1.82,
            "account_receivable_turnover_ratio": null,
            "reinvestment_rate": null,
            "research_to_sale_ratio": null,
            "price_fair": 182.35,
            "eps_avg_yearly": 5.21,
            "eps_latest_yearly": 6.52,
            "eps_growth_yearly": 234.13
        },
        "20082": {
            "year_quarter": 20082,
            "year": 2008,
            "quarter": 2,
            "eps": 1.67,
            "eps_growth_year": 26.52,
            "eps_4q": 6.78,
            "eps_4q_growth_year": 38.5,
            "roe": 8.11,
            "roe_4q": 35.03,
            "gross_profit": 455427,
            "gross_margin": 19.93,
            "gross_margin_4q_avg": 20.52,
            "net_income": 191946,
            "net_income_4q": null,
            "revenue": 2284903,
            "revenue_4q": null,
            "common_shares": 1153980,
            "book_valuer_per_share": 19.43,
            "book_valuer_per_share_4q_avg": 19.81,
            "equity": 2242210,
            "current_ratio": 179.1,
            "debt_ratio": 45.22,
            "inventory_turnover_ratio": 1.62,
            "account_receivable_turnover_ratio": null,
            "reinvestment_rate": null,
            "research_to_sale_ratio": null,
            "price_fair": 188.07,
            "eps_avg_yearly": 5.37,
            "eps_latest_yearly": 6.68,
            "eps_growth_yearly": 209.2
        },
        "20083": {
            "year_quarter": 20083,
            "year": 2008,
            "quarter": 3,
            "eps": 1.66,
            "eps_growth_year": 3.11,
            "eps_4q": 6.49,
            "eps_4q_growth_year": 12.29,
            "roe": 8.68,
            "roe_4q": 34.459999999999994,
            "gross_profit": 512702,
            "gross_margin": 20.33,
            "gross_margin_4q_avg": 20.68,
            "net_income": 204489,
            "net_income_4q": null,
            "revenue": 2521724,
            "revenue_4q": null,
            "common_shares": 1242645,
            "book_valuer_per_share": 19.86,
            "book_valuer_per_share_4q_avg": 20.24,
            "equity": 2467875,
            "current_ratio": 210.21,
            "debt_ratio": 38.89,
            "inventory_turnover_ratio": 1.73,
            "account_receivable_turnover_ratio": null,
            "reinvestment_rate": null,
            "research_to_sale_ratio": null,
            "price_fair": 192.5,
            "eps_avg_yearly": 5.5,
            "eps_latest_yearly": 6.64,
            "eps_growth_yearly": 188.04
        },
        "20084": {
            "year_quarter": 20084,
            "year": 2008,
            "quarter": 4,
            "eps": 1.32,
            "eps_growth_year": -30.16,
            "eps_4q": 6.03,
            "eps_4q_growth_year": -5.69,
            "roe": 6.4,
            "roe_4q": 30.999999999999996,
            "gross_profit": 479111,
            "gross_margin": 20.91,
            "gross_margin_4q_avg": 20.47,
            "net_income": 163412,
            "net_income_4q": null,
            "revenue": 2291240,
            "revenue_4q": null,
            "common_shares": 1246985,
            "book_valuer_per_share": 21.16,
            "book_valuer_per_share_4q_avg": 20.52,
            "equity": 2638895,
            "current_ratio": 235.7,
            "debt_ratio": 34.22,
            "inventory_turnover_ratio": 1.59,
            "account_receivable_turnover_ratio": 5.32,
            "reinvestment_rate": null,
            "research_to_sale_ratio": null,
            "price_fair": 191.8,
            "eps_avg_yearly": 5.48,
            "eps_latest_yearly": 5.28,
            "eps_growth_yearly": 163.5
        },
        "20091": {
            "year_quarter": 20091,
            "year": 2009,
            "quarter": 1,
            "eps": 0.95,
            "eps_growth_year": -41.72,
            "eps_4q": 5.41,
            "eps_4q_growth_year": -15.28,
            "roe": 4.42,
            "roe_4q": 27.61,
            "gross_profit": 479139,
            "gross_margin": 25.44,
            "gross_margin_4q_avg": 21.65,
            "net_income": 119374,
            "net_income_4q": null,
            "revenue": 1883411,
            "revenue_4q": null,
            "common_shares": 1253285,
            "book_valuer_per_share": 22.08,
            "book_valuer_per_share_4q_avg": 20.63,
            "equity": 2766777,
            "current_ratio": 235.5,
            "debt_ratio": 35.13,
            "inventory_turnover_ratio": 1.3,
            "account_receivable_turnover_ratio": 2.16,
            "reinvestment_rate": null,
            "research_to_sale_ratio": null,
            "price_fair": 186.9,
            "eps_avg_yearly": 5.34,
            "eps_latest_yearly": 3.8,
            "eps_growth_yearly": 140.53
        },
        "20092": {
            "year_quarter": 20092,
            "year": 2009,
            "quarter": 2,
            "eps": 0.74,
            "eps_growth_year": -55.69,
            "eps_4q": 4.65,
            "eps_4q_growth_year": -31.42,
            "roe": 3.45,
            "roe_4q": 22.95,
            "gross_profit": 419955,
            "gross_margin": 20.64,
            "gross_margin_4q_avg": 21.83,
            "net_income": 92180,
            "net_income_4q": null,
            "revenue": 2034917,
            "revenue_4q": null,
            "common_shares": 1255445,
            "book_valuer_per_share": 20.49,
            "book_valuer_per_share_4q_avg": 20.9,
            "equity": 2572738,
            "current_ratio": 196.83,
            "debt_ratio": 42.34,
            "inventory_turnover_ratio": 1.65,
            "account_receivable_turnover_ratio": 2.38,
            "reinvestment_rate": null,
            "research_to_sale_ratio": null,
            "price_fair": 180.49,
            "eps_avg_yearly": 5.16,
            "eps_latest_yearly": 2.96,
            "eps_growth_yearly": 122.92
        },
        "20093": {
            "year_quarter": 20093,
            "year": 2009,
            "quarter": 3,
            "eps": 1.01,
            "eps_growth_year": -39.16,
            "eps_4q": 3.88,
            "eps_4q_growth_year": -40.28,
            "roe": 5,
            "roe_4q": 19.27,
            "gross_profit": 455268,
            "gross_margin": 20.43,
            "gross_margin_4q_avg": 21.86,
            "net_income": 132015,
            "net_income_4q": null,
            "revenue": 2228152,
            "revenue_4q": null,
            "common_shares": 1315039,
            "book_valuer_per_share": 20.57,
            "book_valuer_per_share_4q_avg": 21.08,
            "equity": 2705239,
            "current_ratio": 239.03,
            "debt_ratio": 35.11,
            "inventory_turnover_ratio": 1.68,
            "account_receivable_turnover_ratio": 2.46,
            "reinvestment_rate": null,
            "research_to_sale_ratio": null,
            "price_fair": 177.7,
            "eps_avg_yearly": 5.08,
            "eps_latest_yearly": 4.04,
            "eps_growth_yearly": 124.57
        },
        "20094": {
            "year_quarter": 20094,
            "year": 2009,
            "quarter": 4,
            "eps": 0.53,
            "eps_growth_year": -59.85,
            "eps_4q": 3.13,
            "eps_4q_growth_year": -48.17,
            "roe": 2.52,
            "roe_4q": 15.389999999999999,
            "gross_profit": 404853,
            "gross_margin": 19.07,
            "gross_margin_4q_avg": 21.4,
            "net_income": 69202,
            "net_income_4q": null,
            "revenue": 2123326,
            "revenue_4q": null,
            "common_shares": 1319749,
            "book_valuer_per_share": 21.05,
            "book_valuer_per_share_4q_avg": 21.05,
            "equity": 2778308,
            "current_ratio": 263.23,
            "debt_ratio": 31.57,
            "inventory_turnover_ratio": 1.47,
            "account_receivable_turnover_ratio": 4,
            "reinvestment_rate": 9.31,
            "research_to_sale_ratio": null,
            "price_fair": 170.8,
            "eps_avg_yearly": 4.88,
            "eps_latest_yearly": 2.12,
            "eps_growth_yearly": 103.59
        },
        "20101": {
            "year_quarter": 20101,
            "year": 2010,
            "quarter": 1,
            "eps": 0.86,
            "eps_growth_year": -9.47,
            "eps_4q": 3.08,
            "eps_4q_growth_year": -43.02,
            "roe": 3.97,
            "roe_4q": 14.940000000000001,
            "gross_profit": 424145,
            "gross_margin": 19.66,
            "gross_margin_4q_avg": 19.95,
            "net_income": 113610,
            "net_income_4q": null,
            "revenue": 2157105,
            "revenue_4q": null,
            "common_shares": 1321449,
            "book_valuer_per_share": 22.26,
            "book_valuer_per_share_4q_avg": 21.09,
            "equity": 2941762,
            "current_ratio": 259.47,
            "debt_ratio": 32.86,
            "inventory_turnover_ratio": 1.42,
            "account_receivable_turnover_ratio": 2.12,
            "reinvestment_rate": 8.85,
            "research_to_sale_ratio": 10.13,
            "price_fair": 167.65,
            "eps_avg_yearly": 4.79,
            "eps_latest_yearly": 3.44,
            "eps_growth_yearly": 112.68
        },
        "20102": {
            "year_quarter": 20102,
            "year": 2010,
            "quarter": 2,
            "eps": 1.19,
            "eps_growth_year": 60.21,
            "eps_4q": 3.57,
            "eps_4q_growth_year": -23.33,
            "roe": 5.43,
            "roe_4q": 16.92,
            "gross_profit": 491527,
            "gross_margin": 19.16,
            "gross_margin_4q_avg": 19.58,
            "net_income": 156761,
            "net_income_4q": null,
            "revenue": 2566029,
            "revenue_4q": null,
            "common_shares": 1322299,
            "book_valuer_per_share": 21.45,
            "book_valuer_per_share_4q_avg": 21.33,
            "equity": 2836676,
            "current_ratio": 213.22,
            "debt_ratio": 40.85,
            "inventory_turnover_ratio": 1.61,
            "account_receivable_turnover_ratio": 2.36,
            "reinvestment_rate": 7.71,
            "research_to_sale_ratio": 8.94,
            "price_fair": 176.84,
            "eps_avg_yearly": 5.05,
            "eps_latest_yearly": 4.76,
            "eps_growth_yearly": 130.61
        },
        "20103": {
            "year_quarter": 20103,
            "year": 2010,
            "quarter": 3,
            "eps": 1.37,
            "eps_growth_year": 35.37,
            "eps_4q": 3.92,
            "eps_4q_growth_year": 0.96,
            "roe": 6.21,
            "roe_4q": 18.130000000000003,
            "gross_profit": 542877,
            "gross_margin": 19.69,
            "gross_margin_4q_avg": 19.4,
            "net_income": 182149,
            "net_income_4q": null,
            "revenue": 2756882,
            "revenue_4q": null,
            "common_shares": 1332259,
            "book_valuer_per_share": 22.77,
            "book_valuer_per_share_4q_avg": 21.88,
            "equity": 3032974,
            "current_ratio": 239.84,
            "debt_ratio": 36.2,
            "inventory_turnover_ratio": 1.57,
            "account_receivable_turnover_ratio": 2.24,
            "reinvestment_rate": 6.87,
            "research_to_sale_ratio": 9.47,
            "price_fair": 183.4,
            "eps_avg_yearly": 5.24,
            "eps_latest_yearly": 5.48,
            "eps_growth_yearly": 48.67
        },
        "20104": {
            "year_quarter": 20104,
            "year": 2010,
            "quarter": 4,
            "eps": 1.14,
            "eps_growth_year": 114.69,
            "eps_4q": 4.53,
            "eps_4q_growth_year": 44.7,
            "roe": 4.89,
            "roe_4q": 20.5,
            "gross_profit": 533983,
            "gross_margin": 19.13,
            "gross_margin_4q_avg": 19.41,
            "net_income": 151981,
            "net_income_4q": null,
            "revenue": 2791376,
            "revenue_4q": null,
            "common_shares": 1335669,
            "book_valuer_per_share": 23.83,
            "book_valuer_per_share_4q_avg": 22.58,
            "equity": 3183287,
            "current_ratio": 273.19,
            "debt_ratio": 31.84,
            "inventory_turnover_ratio": 1.62,
            "account_receivable_turnover_ratio": 2.07,
            "reinvestment_rate": 4.97,
            "research_to_sale_ratio": 8.81,
            "price_fair": 97.81,
            "eps_avg_yearly": 5.15,
            "eps_latest_yearly": 4.56,
            "eps_growth_yearly": 8.99
        },
        "20111": {
            "year_quarter": 20111,
            "year": 2011,
            "quarter": 1,
            "eps": 1.12,
            "eps_growth_year": 30.23,
            "eps_4q": 4.79,
            "eps_4q_growth_year": 55.37,
            "roe": 4.6,
            "roe_4q": 21.13,
            "gross_profit": 504989,
            "gross_margin": 24.12,
            "gross_margin_4q_avg": 20.53,
            "net_income": 150117,
            "net_income_4q": null,
            "revenue": 2093500,
            "revenue_4q": null,
            "common_shares": 1339549,
            "book_valuer_per_share": 24.94,
            "book_valuer_per_share_4q_avg": 23.25,
            "equity": 3340527,
            "current_ratio": 323.19,
            "debt_ratio": 27.62,
            "inventory_turnover_ratio": 1.36,
            "account_receivable_turnover_ratio": 1.75,
            "reinvestment_rate": 2.88,
            "research_to_sale_ratio": 11.31,
            "price_fair": 75.31,
            "eps_avg_yearly": 5,
            "eps_latest_yearly": 4.48,
            "eps_growth_yearly": 5.05
        },
        "20112": {
            "year_quarter": 20112,
            "year": 2011,
            "quarter": 2,
            "eps": 0.88,
            "eps_growth_year": -26.04,
            "eps_4q": 4.49,
            "eps_4q_growth_year": 25.91,
            "roe": 3.67,
            "roe_4q": 19.37,
            "gross_profit": 464278,
            "gross_margin": 21.7,
            "gross_margin_4q_avg": 21.16,
            "net_income": 117509,
            "net_income_4q": null,
            "revenue": 2139478,
            "revenue_4q": null,
            "common_shares": 1340099,
            "book_valuer_per_share": 22.81,
            "book_valuer_per_share_4q_avg": 23.59,
            "equity": 3057298,
            "current_ratio": 226.05,
            "debt_ratio": 38.64,
            "inventory_turnover_ratio": 1.67,
            "account_receivable_turnover_ratio": 2.1,
            "reinvestment_rate": 2.74,
            "research_to_sale_ratio": 10.39,
            "price_fair": 75.34,
            "eps_avg_yearly": 4.89,
            "eps_latest_yearly": 3.52,
            "eps_growth_yearly": 5.4
        },
        "20113": {
            "year_quarter": 20113,
            "year": 2011,
            "quarter": 3,
            "eps": 1.07,
            "eps_growth_year": -21.54,
            "eps_4q": 4.2,
            "eps_4q_growth_year": 7.35,
            "roe": 4.59,
            "roe_4q": 17.75,
            "gross_profit": 487121,
            "gross_margin": 18.96,
            "gross_margin_4q_avg": 20.98,
            "net_income": 143761,
            "net_income_4q": null,
            "revenue": 2569365,
            "revenue_4q": null,
            "common_shares": 1340119,
            "book_valuer_per_share": 23.93,
            "book_valuer_per_share_4q_avg": 23.88,
            "equity": 3206433,
            "current_ratio": 240.11,
            "debt_ratio": 36.9,
            "inventory_turnover_ratio": 1.95,
            "account_receivable_turnover_ratio": 1.95,
            "reinvestment_rate": 1.42,
            "research_to_sale_ratio": 8.29,
            "price_fair": 72.81,
            "eps_avg_yearly": 4.76,
            "eps_latest_yearly": 4.28,
            "eps_growth_yearly": 5.3
        },
        "20114": {
            "year_quarter": 20114,
            "year": 2011,
            "quarter": 4,
            "eps": 0.87,
            "eps_growth_year": -23.92,
            "eps_4q": 3.94,
            "eps_4q_growth_year": -13.04,
            "roe": 3.55,
            "roe_4q": 16.41,
            "gross_profit": 449610,
            "gross_margin": 19.17,
            "gross_margin_4q_avg": 20.99,
            "net_income": 116019,
            "net_income_4q": null,
            "revenue": 2344900,
            "revenue_4q": null,
            "common_shares": 1340119,
            "book_valuer_per_share": 24.79,
            "book_valuer_per_share_4q_avg": 24.12,
            "equity": 3321570,
            "current_ratio": 274.29,
            "debt_ratio": 32.01,
            "inventory_turnover_ratio": 1.89,
            "account_receivable_turnover_ratio": 1.61,
            "reinvestment_rate": 0.68,
            "research_to_sale_ratio": 8.96,
            "price_fair": 13.51,
            "eps_avg_yearly": 4.5,
            "eps_latest_yearly": 3.48,
            "eps_growth_yearly": -3.72
        },
        "20121": {
            "year_quarter": 20121,
            "year": 2012,
            "quarter": 1,
            "eps": 0.74,
            "eps_growth_year": -33.93,
            "eps_4q": 3.56,
            "eps_4q_growth_year": -25.64,
            "roe": 2.95,
            "roe_4q": 14.76,
            "gross_profit": 439625,
            "gross_margin": 25.66,
            "gross_margin_4q_avg": 21.37,
            "net_income": 99537,
            "net_income_4q": null,
            "revenue": 1713207,
            "revenue_4q": null,
            "common_shares": 1340119,
            "book_valuer_per_share": 25.5,
            "book_valuer_per_share_4q_avg": 24.26,
            "equity": 3417753,
            "current_ratio": 264.34,
            "debt_ratio": 33.72,
            "inventory_turnover_ratio": 1.46,
            "account_receivable_turnover_ratio": 1.46,
            "reinvestment_rate": 0.9,
            "research_to_sale_ratio": 12.33,
            "price_fair": 12.84,
            "eps_avg_yearly": 4.28,
            "eps_latest_yearly": 2.96,
            "eps_growth_yearly": -4.01
        },
        "20122": {
            "year_quarter": 20122,
            "year": 2012,
            "quarter": 2,
            "eps": 1.35,
            "eps_growth_year": 54.33,
            "eps_4q": 4.03,
            "eps_4q_growth_year": -10.15,
            "roe": 5.48,
            "roe_4q": 16.57,
            "gross_profit": 555124,
            "gross_margin": 25.81,
            "gross_margin_4q_avg": 22.4,
            "net_income": 181354,
            "net_income_4q": null,
            "revenue": 2151065,
            "revenue_4q": null,
            "common_shares": 1340119,
            "book_valuer_per_share": 23.87,
            "book_valuer_per_share_4q_avg": 24.52,
            "equity": 3198632,
            "current_ratio": 234.15,
            "debt_ratio": 38.68,
            "inventory_turnover_ratio": 1.45,
            "account_receivable_turnover_ratio": 1.95,
            "reinvestment_rate": -0.36,
            "research_to_sale_ratio": 10.42,
            "price_fair": 109.12,
            "eps_avg_yearly": 4.2,
            "eps_latest_yearly": 5.4,
            "eps_growth_yearly": 15.98
        },
        "20123": {
            "year_quarter": 20123,
            "year": 2012,
            "quarter": 3,
            "eps": 1.48,
            "eps_growth_year": 38.09,
            "eps_4q": 4.44,
            "eps_4q_growth_year": 5.69,
            "roe": 6.02,
            "roe_4q": 18,
            "gross_profit": 595829,
            "gross_margin": 20.42,
            "gross_margin_4q_avg": 22.77,
            "net_income": 198521,
            "net_income_4q": null,
            "revenue": 2918212,
            "revenue_4q": null,
            "common_shares": 1340119,
            "book_valuer_per_share": 25.33,
            "book_valuer_per_share_4q_avg": 24.87,
            "equity": 3394166,
            "current_ratio": 232.11,
            "debt_ratio": 39.08,
            "inventory_turnover_ratio": 1.89,
            "account_receivable_turnover_ratio": 2.12,
            "reinvestment_rate": 2.53,
            "research_to_sale_ratio": 7.8,
            "price_fair": 118.58,
            "eps_avg_yearly": 4.16,
            "eps_latest_yearly": 5.92,
            "eps_growth_yearly": 18.54
        },
        "20124": {
            "year_quarter": 20124,
            "year": 2012,
            "quarter": 4,
            "eps": 0.99,
            "eps_growth_year": 14.6,
            "eps_4q": 4.57,
            "eps_4q_growth_year": 16.11,
            "roe": 3.84,
            "roe_4q": 18.29,
            "gross_profit": 480723,
            "gross_margin": 21.54,
            "gross_margin_4q_avg": 23.36,
            "net_income": 132957,
            "net_income_4q": null,
            "revenue": 2231276,
            "revenue_4q": null,
            "common_shares": 1340119,
            "book_valuer_per_share": 26.28,
            "book_valuer_per_share_4q_avg": 25.25,
            "equity": 3521959,
            "current_ratio": 320.51,
            "debt_ratio": 28.07,
            "inventory_turnover_ratio": 2.01,
            "account_receivable_turnover_ratio": 1.72,
            "reinvestment_rate": 0.84,
            "research_to_sale_ratio": 9.29,
            "price_fair": 103.37,
            "eps_avg_yearly": 4.07,
            "eps_latest_yearly": 3.96,
            "eps_growth_yearly": 15.38
        },
        "20131": {
            "year_quarter": 20131,
            "year": 2013,
            "quarter": 1,
            "eps": 0.68,
            "eps_growth_year": -8.11,
            "eps_4q": 4.5,
            "eps_4q_growth_year": 26.58,
            "roe": 2.55,
            "roe_4q": 17.89,
            "gross_profit": 407719,
            "gross_margin": 33.78,
            "gross_margin_4q_avg": 25.39,
            "net_income": 90749,
            "net_income_4q": null,
            "revenue": 1206909,
            "revenue_4q": null,
            "common_shares": 1340119,
            "book_valuer_per_share": 26.8,
            "book_valuer_per_share_4q_avg": 25.57,
            "equity": 3591691,
            "current_ratio": 375.06,
            "debt_ratio": 24.71,
            "inventory_turnover_ratio": 1.48,
            "account_receivable_turnover_ratio": 1.38,
            "reinvestment_rate": -5.76,
            "research_to_sale_ratio": 16.8,
            "price_fair": 98.37,
            "eps_avg_yearly": 4.01,
            "eps_latest_yearly": 2.72,
            "eps_growth_yearly": 14.56
        },
        "20132": {
            "year_quarter": 20132,
            "year": 2013,
            "quarter": 2,
            "eps": 0.14,
            "eps_growth_year": -89.65,
            "eps_4q": 3.29,
            "eps_4q_growth_year": -18.42,
            "roe": 0.55,
            "roe_4q": 12.959999999999999,
            "gross_profit": 314669,
            "gross_margin": 24.38,
            "gross_margin_4q_avg": 25.03,
            "net_income": 18846,
            "net_income_4q": null,
            "revenue": 1290590,
            "revenue_4q": null,
            "common_shares": 1340119,
            "book_valuer_per_share": 23.94,
            "book_valuer_per_share_4q_avg": 25.59,
            "equity": 3208909,
            "current_ratio": 251.96,
            "debt_ratio": 36.99,
            "inventory_turnover_ratio": 1.84,
            "account_receivable_turnover_ratio": 1.84,
            "reinvestment_rate": -6.64,
            "research_to_sale_ratio": 14.52,
            "price_fair": 38.55,
            "eps_avg_yearly": 3.86,
            "eps_latest_yearly": 0.56,
            "eps_growth_yearly": 0.23
        },
        "20133": {
            "year_quarter": 20133,
            "year": 2013,
            "quarter": 3,
            "eps": 0.27,
            "eps_growth_year": -81.77,
            "eps_4q": 2.08,
            "eps_4q_growth_year": -53.1,
            "roe": 1.14,
            "roe_4q": 8.08,
            "gross_profit": 356420,
            "gross_margin": 18.25,
            "gross_margin_4q_avg": 24.49,
            "net_income": 36679,
            "net_income_4q": null,
            "revenue": 1953276,
            "revenue_4q": null,
            "common_shares": 1340119,
            "book_valuer_per_share": 24.2,
            "book_valuer_per_share_4q_avg": 25.31,
            "equity": 3243730,
            "current_ratio": 265.5,
            "debt_ratio": 34.53,
            "inventory_turnover_ratio": 2.49,
            "account_receivable_turnover_ratio": 2.07,
            "reinvestment_rate": -6.03,
            "research_to_sale_ratio": 10.26,
            "price_fair": 89.28,
            "eps_avg_yearly": 3.67,
            "eps_latest_yearly": 1.08,
            "eps_growth_yearly": 14.33
        },
        "20134": {
            "year_quarter": 20134,
            "year": 2013,
            "quarter": 4,
            "eps": 1.07,
            "eps_growth_year": 7.5,
            "eps_4q": 2.16,
            "eps_4q_growth_year": -52.77,
            "roe": 4.31,
            "roe_4q": 8.549999999999999,
            "gross_profit": 521527,
            "gross_margin": 30.22,
            "gross_margin_4q_avg": 26.66,
            "net_income": 142930,
            "net_income_4q": null,
            "revenue": 1725966,
            "revenue_4q": null,
            "common_shares": 1340119,
            "book_valuer_per_share": 25.28,
            "book_valuer_per_share_4q_avg": 25.06,
            "equity": 3387225,
            "current_ratio": 375.94,
            "debt_ratio": 25.27,
            "inventory_turnover_ratio": 1.68,
            "account_receivable_turnover_ratio": 1.76,
            "reinvestment_rate": -9.2,
            "research_to_sale_ratio": 13.73,
            "price_fair": 133.18,
            "eps_avg_yearly": 3.81,
            "eps_latest_yearly": 4.28,
            "eps_growth_yearly": 100.28
        },
        "20141": {
            "year_quarter": 20141,
            "year": 2014,
            "quarter": 1,
            "eps": 1.03,
            "eps_growth_year": 51.47,
            "eps_4q": 2.51,
            "eps_4q_growth_year": -44.18,
            "roe": 4,
            "roe_4q": 10,
            "gross_profit": 472452,
            "gross_margin": 28.24,
            "gross_margin_4q_avg": 25.27,
            "net_income": 138434,
            "net_income_4q": null,
            "revenue": 1673274,
            "revenue_4q": null,
            "common_shares": 1340119,
            "book_valuer_per_share": 26.33,
            "book_valuer_per_share_4q_avg": 24.94,
            "equity": 3529113,
            "current_ratio": 317.69,
            "debt_ratio": 29.41,
            "inventory_turnover_ratio": 1.83,
            "account_receivable_turnover_ratio": 1.92,
            "reinvestment_rate": -8.55,
            "research_to_sale_ratio": 12.59,
            "price_fair": 134.66,
            "eps_avg_yearly": 3.85,
            "eps_latest_yearly": 4.12,
            "eps_growth_yearly": 83.78
        },
        "20142": {
            "year_quarter": 20142,
            "year": 2014,
            "quarter": 2,
            "eps": 0.86,
            "eps_growth_year": 514.29,
            "eps_4q": 3.23,
            "eps_4q_growth_year": -1.89,
            "roe": 3.39,
            "roe_4q": 12.84,
            "gross_profit": 483063,
            "gross_margin": 27.83,
            "gross_margin_4q_avg": 26.14,
            "net_income": 114712,
            "net_income_4q": null,
            "revenue": 1736024,
            "revenue_4q": null,
            "common_shares": 1340119,
            "book_valuer_per_share": 24.17,
            "book_valuer_per_share_4q_avg": 25,
            "equity": 3239062,
            "current_ratio": 270.13,
            "debt_ratio": 34.26,
            "inventory_turnover_ratio": 1.96,
            "account_receivable_turnover_ratio": 2.17,
            "reinvestment_rate": -8.66,
            "research_to_sale_ratio": 13.32,
            "price_fair": 131.78,
            "eps_avg_yearly": 3.77,
            "eps_latest_yearly": 3.44,
            "eps_growth_yearly": 70.06
        },
        "20143": {
            "year_quarter": 20143,
            "year": 2014,
            "quarter": 3,
            "eps": 0.7,
            "eps_growth_year": 159.26,
            "eps_4q": 3.65,
            "eps_4q_growth_year": 75.27,
            "roe": 2.84,
            "roe_4q": 14.54,
            "gross_profit": 460931,
            "gross_margin": 23.94,
            "gross_margin_4q_avg": 27.56,
            "net_income": 93338,
            "net_income_4q": null,
            "revenue": 1924989,
            "revenue_4q": null,
            "common_shares": 1340119,
            "book_valuer_per_share": 24.88,
            "book_valuer_per_share_4q_avg": 25.17,
            "equity": 3333559,
            "current_ratio": 290.33,
            "debt_ratio": 31.7,
            "inventory_turnover_ratio": 2.27,
            "account_receivable_turnover_ratio": 3.39,
            "reinvestment_rate": -10.14,
            "research_to_sale_ratio": 13.01,
            "price_fair": 125.91,
            "eps_avg_yearly": 3.6,
            "eps_latest_yearly": 2.8,
            "eps_growth_yearly": 61.63
        },
        "20144": {
            "year_quarter": 20144,
            "year": 2014,
            "quarter": 4,
            "eps": 0.69,
            "eps_growth_year": -35.66,
            "eps_4q": 3.27,
            "eps_4q_growth_year": 51.6,
            "roe": 2.72,
            "roe_4q": 12.950000000000001,
            "gross_profit": 468880,
            "gross_margin": 28.98,
            "gross_margin_4q_avg": 27.25,
            "net_income": 91959,
            "net_income_4q": null,
            "revenue": 1617994,
            "revenue_4q": null,
            "common_shares": 1340119,
            "book_valuer_per_share": 25.62,
            "book_valuer_per_share_4q_avg": 25.25,
            "equity": 3433609,
            "current_ratio": 303.23,
            "debt_ratio": 30.37,
            "inventory_turnover_ratio": 1.71,
            "account_receivable_turnover_ratio": 3.15,
            "reinvestment_rate": -8.86,
            "research_to_sale_ratio": 16.12,
            "price_fair": 121.98,
            "eps_avg_yearly": 3.49,
            "eps_latest_yearly": 2.76,
            "eps_growth_yearly": 65.47
        },
        "20151": {
            "year_quarter": 20151,
            "year": 2015,
            "quarter": 1,
            "eps": 0.83,
            "eps_growth_year": -19.42,
            "eps_4q": 3.07,
            "eps_4q_growth_year": 22.04,
            "roe": 3.19,
            "roe_4q": 12.14,
            "gross_profit": 520294,
            "gross_margin": 30.03,
            "gross_margin_4q_avg": 27.7,
            "net_income": 111140,
            "net_income_4q": null,
            "revenue": 1732477,
            "revenue_4q": null,
            "common_shares": 1340119,
            "book_valuer_per_share": 26.44,
            "book_valuer_per_share_4q_avg": 25.28,
            "equity": 3542632,
            "current_ratio": 266.11,
            "debt_ratio": 34.95,
            "inventory_turnover_ratio": 1.56,
            "account_receivable_turnover_ratio": 3.11,
            "reinvestment_rate": -8.2,
            "research_to_sale_ratio": 15.4,
            "price_fair": 119.44,
            "eps_avg_yearly": 3.41,
            "eps_latest_yearly": 3.32,
            "eps_growth_yearly": 70.98
        },
        "20152": {
            "year_quarter": 20152,
            "year": 2015,
            "quarter": 2,
            "eps": 0.66,
            "eps_growth_year": -23.26,
            "eps_4q": 2.88,
            "eps_4q_growth_year": -10.92,
            "roe": 2.63,
            "roe_4q": 11.38,
            "gross_profit": 505972,
            "gross_margin": 25.97,
            "gross_margin_4q_avg": 27.23,
            "net_income": 89079,
            "net_income_4q": null,
            "revenue": 1947926,
            "revenue_4q": null,
            "common_shares": 1340119,
            "book_valuer_per_share": 24.08,
            "book_valuer_per_share_4q_avg": 25.26,
            "equity": 3227456,
            "current_ratio": 220.98,
            "debt_ratio": 41.65,
            "inventory_turnover_ratio": 1.6,
            "account_receivable_turnover_ratio": 3,
            "reinvestment_rate": -6.86,
            "research_to_sale_ratio": 14.8,
            "price_fair": 117.51,
            "eps_avg_yearly": 3.36,
            "eps_latest_yearly": 2.64,
            "eps_growth_yearly": 71.22
        },
        "20153": {
            "year_quarter": 20153,
            "year": 2015,
            "quarter": 3,
            "eps": 0.92,
            "eps_growth_year": 31.43,
            "eps_4q": 3.1,
            "eps_4q_growth_year": -15.13,
            "roe": 3.74,
            "roe_4q": 12.280000000000001,
            "gross_profit": 544870,
            "gross_margin": 26.07,
            "gross_margin_4q_avg": 27.76,
            "net_income": 123175,
            "net_income_4q": null,
            "revenue": 2089825,
            "revenue_4q": null,
            "common_shares": 1340119,
            "book_valuer_per_share": 25.07,
            "book_valuer_per_share_4q_avg": 25.3,
            "equity": 3359611,
            "current_ratio": 264.81,
            "debt_ratio": 34.98,
            "inventory_turnover_ratio": 1.71,
            "account_receivable_turnover_ratio": 3.18,
            "reinvestment_rate": -5.69,
            "research_to_sale_ratio": 12.96,
            "price_fair": 116.2,
            "eps_avg_yearly": 3.32,
            "eps_latest_yearly": 3.68,
            "eps_growth_yearly": 75.67
        },
        "20154": {
            "year_quarter": 20154,
            "year": 2015,
            "quarter": 4,
            "eps": 1.27,
            "eps_growth_year": 85.78,
            "eps_4q": 3.69,
            "eps_4q_growth_year": 12.73,
            "roe": 4.96,
            "roe_4q": 14.519999999999998,
            "gross_profit": 622839,
            "gross_margin": 31.27,
            "gross_margin_4q_avg": 28.34,
            "net_income": 170846,
            "net_income_4q": null,
            "revenue": 1991904,
            "revenue_4q": null,
            "common_shares": 1340119,
            "book_valuer_per_share": 26.32,
            "book_valuer_per_share_4q_avg": 25.48,
            "equity": 3527578,
            "current_ratio": 264.33,
            "debt_ratio": 34.7,
            "inventory_turnover_ratio": 1.73,
            "account_receivable_turnover_ratio": 3.24,
            "reinvestment_rate": -4.99,
            "research_to_sale_ratio": 15.03,
            "price_fair": 119.7,
            "eps_avg_yearly": 3.42,
            "eps_latest_yearly": 5.08,
            "eps_growth_yearly": 89.85
        },
        "20161": {
            "year_quarter": 20161,
            "year": 2016,
            "quarter": 1,
            "eps": 1.19,
            "eps_growth_year": 43.37,
            "eps_4q": 4.05,
            "eps_4q_growth_year": 32.01,
            "roe": 4.43,
            "roe_4q": 15.760000000000002,
            "gross_profit": 640262,
            "gross_margin": 28.84,
            "gross_margin_4q_avg": 28.04,
            "net_income": 159654,
            "net_income_4q": null,
            "revenue": 2220117,
            "revenue_4q": null,
            "common_shares": 1340119,
            "book_valuer_per_share": 27.51,
            "book_valuer_per_share_4q_avg": 25.75,
            "equity": 3686078,
            "current_ratio": 261.46,
            "debt_ratio": 35.4,
            "inventory_turnover_ratio": 1.88,
            "account_receivable_turnover_ratio": 3.65,
            "reinvestment_rate": -3.82,
            "research_to_sale_ratio": 13.81,
            "price_fair": 123.64,
            "eps_avg_yearly": 3.53,
            "eps_latest_yearly": 4.76,
            "eps_growth_yearly": 92.01
        },
        "20162": {
            "year_quarter": 20162,
            "year": 2016,
            "quarter": 2,
            "eps": 0.75,
            "eps_growth_year": 13.64,
            "eps_4q": 4.14,
            "eps_4q_growth_year": 43.87,
            "roe": 2.85,
            "roe_4q": 15.979999999999999,
            "gross_profit": 552168,
            "gross_margin": 28.79,
            "gross_margin_4q_avg": 28.74,
            "net_income": 100968,
            "net_income_4q": null,
            "revenue": 1917910,
            "revenue_4q": null,
            "common_shares": 1340119,
            "book_valuer_per_share": 25.28,
            "book_valuer_per_share_4q_avg": 26.05,
            "equity": 3387156,
            "current_ratio": 216.62,
            "debt_ratio": 42.79,
            "inventory_turnover_ratio": 1.5,
            "account_receivable_turnover_ratio": 2.79,
            "reinvestment_rate": -5.23,
            "research_to_sale_ratio": 15.45,
            "price_fair": 118.39,
            "eps_avg_yearly": 3.38,
            "eps_latest_yearly": 3,
            "eps_growth_yearly": 62.16
        },
        "20163": {
            "year_quarter": 20163,
            "year": 2016,
            "quarter": 3,
            "eps": 1.01,
            "eps_growth_year": 9.78,
            "eps_4q": 4.23,
            "eps_4q_growth_year": 36.37,
            "roe": 3.91,
            "roe_4q": 16.15,
            "gross_profit": 592567,
            "gross_margin": 24.81,
            "gross_margin_4q_avg": 28.43,
            "net_income": 134937,
            "net_income_4q": null,
            "revenue": 2388492,
            "revenue_4q": null,
            "common_shares": 1340119,
            "book_valuer_per_share": 26.25,
            "book_valuer_per_share_4q_avg": 26.34,
            "equity": 3517652,
            "current_ratio": 245.39,
            "debt_ratio": 38.23,
            "inventory_turnover_ratio": 2.3,
            "account_receivable_turnover_ratio": 3.2,
            "reinvestment_rate": -10.04,
            "research_to_sale_ratio": 11.94,
            "price_fair": 114.28,
            "eps_avg_yearly": 3.27,
            "eps_latest_yearly": 4.04,
            "eps_growth_yearly": 68.42
        },
        "20164": {
            "year_quarter": 20164,
            "year": 2016,
            "quarter": 4,
            "eps": 1.16,
            "eps_growth_year": -8.97,
            "eps_4q": 4.11,
            "eps_4q_growth_year": 11.5,
            "roe": 4.33,
            "roe_4q": 15.52,
            "gross_profit": 604510,
            "gross_margin": 21.87,
            "gross_margin_4q_avg": 26.08,
            "net_income": 155523,
            "net_income_4q": null,
            "revenue": 2763902,
            "revenue_4q": null,
            "common_shares": 1340119,
            "book_valuer_per_share": 27.4,
            "book_valuer_per_share_4q_avg": 26.61,
            "equity": 3672498,
            "current_ratio": 212.53,
            "debt_ratio": 43.63,
            "inventory_turnover_ratio": 3.07,
            "account_receivable_turnover_ratio": 3.73,
            "reinvestment_rate": -6.98,
            "research_to_sale_ratio": 11.13,
            "price_fair": 115.76,
            "eps_avg_yearly": 3.31,
            "eps_latest_yearly": 4.64,
            "eps_growth_yearly": 80.41
        },
        "20171": {
            "year_quarter": 20171,
            "year": 2017,
            "quarter": 1,
            "eps": 1.07,
            "eps_growth_year": -10.08,
            "eps_4q": 3.99,
            "eps_4q_growth_year": -1.54,
            "roe": 3.82,
            "roe_4q": 14.91,
            "gross_profit": 587173,
            "gross_margin": 24.38,
            "gross_margin_4q_avg": 24.96,
            "net_income": 142986,
            "net_income_4q": null,
            "revenue": 2408714,
            "revenue_4q": null,
            "common_shares": 1340119,
            "book_valuer_per_share": 28.41,
            "book_valuer_per_share_4q_avg": 26.84,
            "equity": 3806861,
            "current_ratio": 247.75,
            "debt_ratio": 37.75,
            "inventory_turnover_ratio": 2.63,
            "account_receivable_turnover_ratio": 3.39,
            "reinvestment_rate": 1.41,
            "research_to_sale_ratio": 13.14,
            "price_fair": 119.18,
            "eps_avg_yearly": 3.41,
            "eps_latest_yearly": 4.28,
            "eps_growth_yearly": 86.3
        },
        "20172": {
            "year_quarter": 20172,
            "year": 2017,
            "quarter": 2,
            "eps": 1.29,
            "eps_growth_year": 72,
            "eps_4q": 4.53,
            "eps_4q_growth_year": 9.51,
            "roe": 4.75,
            "roe_4q": 16.810000000000002,
            "gross_profit": 720751,
            "gross_margin": 26.71,
            "gross_margin_4q_avg": 24.44,
            "net_income": 173925,
            "net_income_4q": null,
            "revenue": 2698920,
            "revenue_4q": null,
            "common_shares": 1340119,
            "book_valuer_per_share": 26.21,
            "book_valuer_per_share_4q_avg": 27.07,
            "equity": 3513093,
            "current_ratio": 191.39,
            "debt_ratio": 48.36,
            "inventory_turnover_ratio": 2.07,
            "account_receivable_turnover_ratio": 3.56,
            "reinvestment_rate": 0.89,
            "research_to_sale_ratio": 14.11,
            "price_fair": 129.24,
            "eps_avg_yearly": 3.69,
            "eps_latest_yearly": 5.16,
            "eps_growth_yearly": 111.29
        },
        "20173": {
            "year_quarter": 20173,
            "year": 2017,
            "quarter": 3,
            "eps": 1.24,
            "eps_growth_year": 22.77,
            "eps_4q": 4.76,
            "eps_4q_growth_year": 12.72,
            "roe": 4.62,
            "roe_4q": 17.520000000000003,
            "gross_profit": 751044,
            "gross_margin": 22,
            "gross_margin_4q_avg": 23.74,
            "net_income": 166020,
            "net_income_4q": null,
            "revenue": 3413986,
            "revenue_4q": null,
            "common_shares": 1340119,
            "book_valuer_per_share": 27.45,
            "book_valuer_per_share_4q_avg": 27.37,
            "equity": 3679129,
            "current_ratio": 181.3,
            "debt_ratio": 51.63,
            "inventory_turnover_ratio": 2.07,
            "account_receivable_turnover_ratio": 4.29,
            "reinvestment_rate": 1.27,
            "research_to_sale_ratio": 12.42,
            "price_fair": 137.73,
            "eps_avg_yearly": 3.94,
            "eps_latest_yearly": 4.96,
            "eps_growth_yearly": 87.11
        },
        "20174": {
            "year_quarter": 20174,
            "year": 2017,
            "quarter": 4,
            "eps": 2.77,
            "eps_growth_year": 139.11,
            "eps_4q": 6.38,
            "eps_4q_growth_year": 55.11,
            "roe": 9.63,
            "roe_4q": 22.82,
            "gross_profit": 1106129,
            "gross_margin": 30.4,
            "gross_margin_4q_avg": 25.87,
            "net_income": 371878,
            "net_income_4q": null,
            "revenue": 3638986,
            "revenue_4q": null,
            "common_shares": 1340119,
            "book_valuer_per_share": 30.2,
            "book_valuer_per_share_4q_avg": 28.07,
            "equity": 4047256,
            "current_ratio": 179.09,
            "debt_ratio": 51.21,
            "inventory_turnover_ratio": 2.05,
            "account_receivable_turnover_ratio": 4.47,
            "reinvestment_rate": 6.04,
            "research_to_sale_ratio": 13.94,
            "price_fair": 152.6,
            "eps_avg_yearly": 4.36,
            "eps_latest_yearly": 11.08,
            "eps_growth_yearly": 43.88
        },
        "20181": {
            "year_quarter": 20181,
            "year": 2018,
            "quarter": 1,
            "eps": 1.54,
            "eps_growth_year": 43.93,
            "eps_4q": 6.85,
            "eps_4q_growth_year": 71.86,
            "roe": 4.98,
            "roe_4q": 23.98,
            "gross_profit": 930883,
            "gross_margin": 33.75,
            "gross_margin_4q_avg": 28.22,
            "net_income": 206599,
            "net_income_4q": null,
            "revenue": 2758374,
            "revenue_4q": null,
            "common_shares": 1340119,
            "book_valuer_per_share": 31.74,
            "book_valuer_per_share_4q_avg": 28.9,
            "equity": 4253841,
            "current_ratio": 172.68,
            "debt_ratio": 52,
            "inventory_turnover_ratio": 1.32,
            "account_receivable_turnover_ratio": 2.93,
            "reinvestment_rate": 14.71,
            "research_to_sale_ratio": 19.82,
            "price_fair": 157.06,
            "eps_avg_yearly": 4.49,
            "eps_latest_yearly": 6.16,
            "eps_growth_yearly": 33.72
        },
        "20182": {
            "year_quarter": 20182,
            "year": 2018,
            "quarter": 2,
            "eps": 1.68,
            "eps_growth_year": 30.23,
            "eps_4q": 7.23,
            "eps_4q_growth_year": 59.58,
            "roe": 5.57,
            "roe_4q": 24.8,
            "gross_profit": 1001786,
            "gross_margin": 30.98,
            "gross_margin_4q_avg": 29.28,
            "net_income": 224728,
            "net_income_4q": null,
            "revenue": 3234039,
            "revenue_4q": null,
            "common_shares": 1340119,
            "book_valuer_per_share": 28.45,
            "book_valuer_per_share_4q_avg": 29.46,
            "equity": 3812740,
            "current_ratio": 152.61,
            "debt_ratio": 59.08,
            "inventory_turnover_ratio": 1.28,
            "account_receivable_turnover_ratio": 3.47,
            "reinvestment_rate": 14.43,
            "research_to_sale_ratio": 17.43,
            "price_fair": 164.24,
            "eps_avg_yearly": 4.69,
            "eps_latest_yearly": 6.72,
            "eps_growth_yearly": 40.11
        },
        "20183": {
            "year_quarter": 20183,
            "year": 2018,
            "quarter": 3,
            "eps": 2.09,
            "eps_growth_year": 68.55,
            "eps_4q": 8.09,
            "eps_4q_growth_year": 69.72,
            "roe": 7.1,
            "roe_4q": 27.28,
            "gross_profit": 1099527,
            "gross_margin": 28.08,
            "gross_margin_4q_avg": 30.8,
            "net_income": 280400,
            "net_income_4q": null,
            "revenue": 3915412,
            "revenue_4q": null,
            "common_shares": 1340119,
            "book_valuer_per_share": 30.51,
            "book_valuer_per_share_4q_avg": 30.23,
            "equity": 4088193,
            "current_ratio": 156.43,
            "debt_ratio": 57.68,
            "inventory_turnover_ratio": 1.45,
            "account_receivable_turnover_ratio": 3.74,
            "reinvestment_rate": 17.37,
            "research_to_sale_ratio": 15.6,
            "price_fair": 176.4,
            "eps_avg_yearly": 5.04,
            "eps_latest_yearly": 8.36,
            "eps_growth_yearly": 50.87
        },
        "20184": {
            "year_quarter": 20184,
            "year": 2018,
            "quarter": 4,
            "eps": 2.06,
            "eps_growth_year": -25.67,
            "eps_4q": 7.37,
            "eps_4q_growth_year": 15.6,
            "roe": 6.54,
            "roe_4q": 24.19,
            "gross_profit": 984846,
            "gross_margin": 27.73,
            "gross_margin_4q_avg": 30.14,
            "net_income": 276429,
            "net_income_4q": null,
            "revenue": 3551979,
            "revenue_4q": null,
            "common_shares": 1340119,
            "book_valuer_per_share": 32.58,
            "book_valuer_per_share_4q_avg": 30.82,
            "equity": 4365904,
            "current_ratio": 182.36,
            "debt_ratio": 46.16,
            "inventory_turnover_ratio": 1.57,
            "account_receivable_turnover_ratio": 3.37,
            "reinvestment_rate": 25.97,
            "research_to_sale_ratio": 15.55,
            "price_fair": 188.39,
            "eps_avg_yearly": 5.38,
            "eps_latest_yearly": 8.24,
            "eps_growth_yearly": 50.86
        },
        "20191": {
            "year_quarter": 20191,
            "year": 2019,
            "quarter": 1,
            "eps": 1.14,
            "eps_growth_year": -25.97,
            "eps_4q": 6.97,
            "eps_4q_growth_year": 1.72,
            "roe": 3.44,
            "roe_4q": 22.65,
            "gross_profit": 808112,
            "gross_margin": 31.55,
            "gross_margin_4q_avg": 29.59,
            "net_income": 152677,
            "net_income_4q": null,
            "revenue": 2561295,
            "revenue_4q": null,
            "common_shares": 1340119,
            "book_valuer_per_share": 33.75,
            "book_valuer_per_share_4q_avg": 31.32,
            "equity": 4522293,
            "current_ratio": 216.63,
            "debt_ratio": 39.8,
            "inventory_turnover_ratio": 1.4,
            "account_receivable_turnover_ratio": 3.16,
            "reinvestment_rate": 24.46,
            "research_to_sale_ratio": 21.1,
            "price_fair": 191.1,
            "eps_avg_yearly": 5.46,
            "eps_latest_yearly": 4.56,
            "eps_growth_yearly": 34.63
        },
        "20192": {
            "year_quarter": 20192,
            "year": 2019,
            "quarter": 2,
            "eps": 0.77,
            "eps_growth_year": -54.17,
            "eps_4q": 6.07,
            "eps_4q_growth_year": -16.09,
            "roe": 2.45,
            "roe_4q": 19.53,
            "gross_profit": 812165,
            "gross_margin": 33.47,
            "gross_margin_4q_avg": 30.21,
            "net_income": 103778,
            "net_income_4q": null,
            "revenue": 2426384,
            "revenue_4q": null,
            "common_shares": 1340119,
            "book_valuer_per_share": 29.52,
            "book_valuer_per_share_4q_avg": 31.59,
            "equity": 3956544,
            "current_ratio": 186.85,
            "debt_ratio": 45.51,
            "inventory_turnover_ratio": 1.38,
            "account_receivable_turnover_ratio": 2.61,
            "reinvestment_rate": 21.93,
            "research_to_sale_ratio": 22.02,
            "price_fair": 192.06,
            "eps_avg_yearly": 5.49,
            "eps_latest_yearly": 3.08,
            "eps_growth_yearly": 31.63
        },
        "20193": {
            "year_quarter": 20193,
            "year": 2019,
            "quarter": 3,
            "eps": 0.76,
            "eps_growth_year": -63.64,
            "eps_4q": 4.74,
            "eps_4q_growth_year": -41.43,
            "roe": 2.54,
            "roe_4q": 14.969999999999999,
            "gross_profit": 828445,
            "gross_margin": 34.16,
            "gross_margin_4q_avg": 31.73,
            "net_income": 101753,
            "net_income_4q": null,
            "revenue": 2425458,
            "revenue_4q": null,
            "common_shares": 1340119,
            "book_valuer_per_share": 30.24,
            "book_valuer_per_share_4q_avg": 31.52,
            "equity": 4051856,
            "current_ratio": 179.9,
            "debt_ratio": 48.73,
            "inventory_turnover_ratio": 1.32,
            "account_receivable_turnover_ratio": 2.18,
            "reinvestment_rate": 19.13,
            "research_to_sale_ratio": 23.24,
            "price_fair": 171.38,
            "eps_avg_yearly": 5.45,
            "eps_latest_yearly": 3.04,
            "eps_growth_yearly": 21.46
        },
        "20194": {
            "year_quarter": 20194,
            "year": 2019,
            "quarter": 4,
            "eps": 2.05,
            "eps_growth_year": -0.42,
            "eps_4q": 4.73,
            "eps_4q_growth_year": -35.89,
            "roe": 6.58,
            "roe_4q": 15.01,
            "gross_profit": 1081289,
            "gross_margin": 32.8,
            "gross_margin_4q_avg": 33,
            "net_income": 275259,
            "net_income_4q": null,
            "revenue": 3296931,
            "revenue_4q": null,
            "common_shares": 1340119,
            "book_valuer_per_share": 32.18,
            "book_valuer_per_share_4q_avg": 31.42,
            "equity": 4312974,
            "current_ratio": 181.84,
            "debt_ratio": 48.29,
            "inventory_turnover_ratio": 1.43,
            "account_receivable_turnover_ratio": 2.64,
            "reinvestment_rate": 20.13,
            "research_to_sale_ratio": 17.63,
            "price_fair": 197.49,
            "eps_avg_yearly": 5.64,
            "eps_latest_yearly": 8.2,
            "eps_growth_yearly": 54.38
        },
        "20201": {
            "year_quarter": 20201,
            "year": 2020,
            "quarter": 1,
            "eps": 0.74,
            "eps_growth_year": -35.09,
            "eps_4q": 4.32,
            "eps_4q_growth_year": -37.97,
            "roe": 2.26,
            "roe_4q": 13.829999999999998,
            "gross_profit": 764503,
            "gross_margin": 24.12,
            "gross_margin_4q_avg": 31.14,
            "net_income": 98742,
            "net_income_4q": null,
            "revenue": 3169867,
            "revenue_4q": null,
            "common_shares": 1340119,
            "book_valuer_per_share": 32.91,
            "book_valuer_per_share_4q_avg": 31.21,
            "equity": 4410237,
            "current_ratio": 193.25,
            "debt_ratio": 46.02,
            "inventory_turnover_ratio": 1.39,
            "account_receivable_turnover_ratio": 2.19,
            "reinvestment_rate": 18.36,
            "research_to_sale_ratio": 17.74,
            "price_fair": 193.55,
            "eps_avg_yearly": 5.53,
            "eps_latest_yearly": 2.96,
            "eps_growth_yearly": 39.98
        },
        "20202": {
            "year_quarter": 20202,
            "year": 2020,
            "quarter": 2,
            "eps": 0.27,
            "eps_growth_year": -64.94,
            "eps_4q": 3.82,
            "eps_4q_growth_year": -36.98,
            "roe": 0.9,
            "roe_4q": 12.280000000000001,
            "gross_profit": 773486,
            "gross_margin": 26.43,
            "gross_margin_4q_avg": 29.38,
            "net_income": 36761,
            "net_income_4q": null,
            "revenue": 2926798,
            "revenue_4q": null,
            "common_shares": 1340119,
            "book_valuer_per_share": 28.13,
            "book_valuer_per_share_4q_avg": 30.87,
            "equity": 3770035,
            "current_ratio": 155.36,
            "debt_ratio": 56.71,
            "inventory_turnover_ratio": 1.18,
            "account_receivable_turnover_ratio": 2.13,
            "reinvestment_rate": 18.08,
            "research_to_sale_ratio": 19.98,
            "price_fair": 189.35,
            "eps_avg_yearly": 5.41,
            "eps_latest_yearly": 1.08,
            "eps_growth_yearly": 33.35
        },
        "20203": {
            "year_quarter": 20203,
            "year": 2020,
            "quarter": 3,
            "eps": 0.8,
            "eps_growth_year": 5.26,
            "eps_4q": 3.86,
            "eps_4q_growth_year": -18.5,
            "roe": 2.78,
            "roe_4q": 12.52,
            "gross_profit": 874848,
            "gross_margin": 24.79,
            "gross_margin_4q_avg": 27.04,
            "net_income": 106453,
            "net_income_4q": null,
            "revenue": 3528522,
            "revenue_4q": null,
            "common_shares": 1340119,
            "book_valuer_per_share": 28.95,
            "book_valuer_per_share_4q_avg": 30.54,
            "equity": 3879052,
            "current_ratio": 168.58,
            "debt_ratio": 52.84,
            "inventory_turnover_ratio": 1.36,
            "account_receivable_turnover_ratio": 2.9,
            "reinvestment_rate": 16.72,
            "research_to_sale_ratio": 17.28,
            "price_fair": 187.51,
            "eps_avg_yearly": 5.36,
            "eps_latest_yearly": 3.2,
            "eps_growth_yearly": 73.76
        },
        "20204": {
            "year_quarter": 20204,
            "year": 2020,
            "quarter": 4,
            "eps": 4.54,
            "eps_growth_year": 120.9,
            "eps_4q": 6.34,
            "eps_4q_growth_year": 34.18,
            "roe": 14.54,
            "roe_4q": 20.479999999999997,
            "gross_profit": 1658040,
            "gross_margin": 42.04,
            "gross_margin_4q_avg": 29.35,
            "net_income": 608051,
            "net_income_4q": null,
            "revenue": 3944254,
            "revenue_4q": null,
            "common_shares": 1340119,
            "book_valuer_per_share": 33.48,
            "book_valuer_per_share_4q_avg": 30.87,
            "equity": 4486984,
            "current_ratio": 167.99,
            "debt_ratio": 53.96,
            "inventory_turnover_ratio": 1.27,
            "account_receivable_turnover_ratio": 3.37,
            "reinvestment_rate": 11.82,
            "research_to_sale_ratio": 18.95,
            "price_fair": 217.09,
            "eps_avg_yearly": 6.2,
            "eps_latest_yearly": 18.16,
            "eps_growth_yearly": 186.92
        },
        "20211": {
            "year_quarter": 20211,
            "year": 2021,
            "quarter": 1,
            "eps": 2.3,
            "eps_growth_year": 210.81,
            "eps_4q": 7.9,
            "eps_4q_growth_year": 82.76,
            "roe": 6.64,
            "roe_4q": 24.86,
            "gross_profit": 1142840,
            "gross_margin": 34.5,
            "gross_margin_4q_avg": 31.94,
            "net_income": 307889,
            "net_income_4q": null,
            "revenue": 3312191,
            "revenue_4q": null,
            "common_shares": 1340119,
            "book_valuer_per_share": 35.73,
            "book_valuer_per_share_4q_avg": 31.57,
            "equity": 4788086,
            "current_ratio": 171.15,
            "debt_ratio": 54.31,
            "inventory_turnover_ratio": 1.45,
            "account_receivable_turnover_ratio": 2.88,
            "reinvestment_rate": 9.71,
            "research_to_sale_ratio": 19.59,
            "price_fair": 227.85,
            "eps_avg_yearly": 6.51,
            "eps_latest_yearly": 9.2,
            "eps_growth_yearly": 176.52
        },
        "20212": {
            "year_quarter": 20212,
            "year": 2021,
            "quarter": 2,
            "eps": 1.64,
            "eps_growth_year": 507.41,
            "eps_4q": 9.27,
            "eps_4q_growth_year": 142.35,
            "roe": 4.82,
            "roe_4q": 28.78,
            "gross_profit": 1050776,
            "gross_margin": 31.83,
            "gross_margin_4q_avg": 33.29,
            "net_income": 219702,
            "net_income_4q": null,
            "revenue": 3300837,
            "revenue_4q": null,
            "common_shares": 1340119,
            "book_valuer_per_share": 32.31,
            "book_valuer_per_share_4q_avg": 32.62,
            "equity": 4330057,
            "current_ratio": 147.79,
            "debt_ratio": 63.46,
            "inventory_turnover_ratio": 1.52,
            "account_receivable_turnover_ratio": 2.85,
            "reinvestment_rate": 7.92,
            "research_to_sale_ratio": 20.01,
            "price_fair": 230.91,
            "eps_avg_yearly": 6.6,
            "eps_latest_yearly": 6.56,
            "eps_growth_yearly": 164.21
        },
        "20213": {
            "year_quarter": 20213,
            "year": 2021,
            "quarter": 3,
            "eps": 3.11,
            "eps_growth_year": 288.75,
            "eps_4q": 11.59,
            "eps_4q_growth_year": 200.31,
            "roe": 9.2,
            "roe_4q": 35.2,
            "gross_profit": 1421021,
            "gross_margin": 39.64,
            "gross_margin_4q_avg": 37,
            "net_income": 417584,
            "net_income_4q": null,
            "revenue": 3584852,
            "revenue_4q": null,
            "common_shares": 1340119,
            "book_valuer_per_share": 35.41,
            "book_valuer_per_share_4q_avg": 34.23,
            "equity": 4745803,
            "current_ratio": 151.54,
            "debt_ratio": 62.63,
            "inventory_turnover_ratio": 1.07,
            "account_receivable_turnover_ratio": 2.99,
            "reinvestment_rate": 6.72,
            "research_to_sale_ratio": 20.7,
            "price_fair": 247.28,
            "eps_avg_yearly": 7.07,
            "eps_latest_yearly": 12.44,
            "eps_growth_yearly": 187.59
        },
        "20214": {
            "year_quarter": 20214,
            "year": 2021,
            "quarter": 4,
            "eps": 3.84,
            "eps_growth_year": -15.31,
            "eps_4q": 10.9,
            "eps_4q_growth_year": 71.78,
            "roe": 10.29,
            "roe_4q": 30.95,
            "gross_profit": 1615317,
            "gross_margin": 32.9,
            "gross_margin_4q_avg": 34.72,
            "net_income": 514974,
            "net_income_4q": null,
            "revenue": 4910035,
            "revenue_4q": null,
            "common_shares": 1340119,
            "book_valuer_per_share": 39.28,
            "book_valuer_per_share_4q_avg": 35.68,
            "equity": 5263329,
            "current_ratio": 148.08,
            "debt_ratio": 64.58,
            "inventory_turnover_ratio": 1.27,
            "account_receivable_turnover_ratio": 3.61,
            "reinvestment_rate": 2.32,
            "research_to_sale_ratio": 15.61,
            "price_fair": 256.64,
            "eps_avg_yearly": 7.33,
            "eps_latest_yearly": 15.36,
            "eps_growth_yearly": 162.61
        },
        "20221": {
            "year_quarter": 20221,
            "year": 2022,
            "quarter": 1,
            "eps": 4.07,
            "eps_growth_year": 76.96,
            "eps_4q": 12.67,
            "eps_4q_growth_year": 60.28,
            "roe": 9.83,
            "roe_4q": 34.14,
            "gross_profit": 1627850,
            "gross_margin": 36.06,
            "gross_margin_4q_avg": 35.11,
            "net_income": 545358,
            "net_income_4q": null,
            "revenue": 4514243,
            "revenue_4q": null,
            "common_shares": 1340119,
            "book_valuer_per_share": 43.49,
            "book_valuer_per_share_4q_avg": 37.62,
            "equity": 5828713,
            "current_ratio": 159.03,
            "debt_ratio": 60.08,
            "inventory_turnover_ratio": 1,
            "account_receivable_turnover_ratio": 3.12,
            "reinvestment_rate": -2.12,
            "research_to_sale_ratio": 18.09,
            "price_fair": 278.78,
            "eps_avg_yearly": 7.97,
            "eps_latest_yearly": 16.28,
            "eps_growth_yearly": 175.21
        },
        "20222": {
            "year_quarter": 20222,
            "year": 2022,
            "quarter": 2,
            "eps": 5.67,
            "eps_growth_year": 245.73,
            "eps_4q": 16.7,
            "eps_4q_growth_year": 80.21,
            "roe": 13.26,
            "roe_4q": 42.58,
            "gross_profit": 1892932,
            "gross_margin": 35.18,
            "gross_margin_4q_avg": 35.95,
            "net_income": 760492,
            "net_income_4q": null,
            "revenue": 5380703,
            "revenue_4q": null,
            "common_shares": 1340119,
            "book_valuer_per_share": 42.12,
            "book_valuer_per_share_4q_avg": 40.08,
            "equity": 5644535,
            "current_ratio": 148.1,
            "debt_ratio": 63.76,
            "inventory_turnover_ratio": 0.99,
            "account_receivable_turnover_ratio": 3.43,
            "reinvestment_rate": -0.94,
            "research_to_sale_ratio": 15.25,
            "price_fair": 313.69,
            "eps_avg_yearly": 8.96,
            "eps_latest_yearly": 22.68,
            "eps_growth_yearly": 182.76
        },
        "20223": {
            "year_quarter": 20223,
            "year": 2022,
            "quarter": 3,
            "eps": 7.9,
            "eps_growth_year": 154.02,
            "eps_4q": 21.48,
            "eps_4q_growth_year": 85.36,
            "roe": 17.12,
            "roe_4q": 50.5,
            "gross_profit": 2114284,
            "gross_margin": 34.88,
            "gross_margin_4q_avg": 34.76,
            "net_income": 1058199,
            "net_income_4q": null,
            "revenue": 6061843,
            "revenue_4q": null,
            "common_shares": 1340119,
            "book_valuer_per_share": 50.13,
            "book_valuer_per_share_4q_avg": 43.76,
            "equity": 6717567,
            "current_ratio": 152.52,
            "debt_ratio": 62.53,
            "inventory_turnover_ratio": 0.88,
            "account_receivable_turnover_ratio": 2.89,
            "reinvestment_rate": -1.81,
            "research_to_sale_ratio": 12.05,
            "price_fair": 364.53,
            "eps_avg_yearly": 10.42,
            "eps_latest_yearly": 31.6,
            "eps_growth_yearly": 186.49
        },
        "20224": {
            "year_quarter": 20224,
            "year": 2022,
            "quarter": 4,
            "eps": 10.05,
            "eps_growth_year": 161.45,
            "eps_4q": 27.69,
            "eps_4q_growth_year": 154.11,
            "roe": 18.22,
            "roe_4q": 58.43,
            "gross_profit": 2699919,
            "gross_margin": 33.4,
            "gross_margin_4q_avg": 34.88,
            "net_income": 1346393,
            "net_income_4q": null,
            "revenue": 8082882,
            "revenue_4q": null,
            "common_shares": 1340119,
            "book_valuer_per_share": 60.15,
            "book_valuer_per_share_4q_avg": 48.97,
            "equity": 8061198,
            "current_ratio": 155.24,
            "debt_ratio": 61.95,
            "inventory_turnover_ratio": 0.94,
            "account_receivable_turnover_ratio": 2.98,
            "reinvestment_rate": -6.65,
            "research_to_sale_ratio": 11.41,
            "price_fair": 434.44,
            "eps_avg_yearly": 12.41,
            "eps_latest_yearly": 40.2,
            "eps_growth_yearly": 193.66
        },
        "20231": {
            "year_quarter": 20231,
            "year": 2023,
            "quarter": 1,
            "eps": 6.97,
            "eps_growth_year": 71.25,
            "eps_4q": 30.59,
            "eps_4q_growth_year": 141.47,
            "roe": 10.95,
            "roe_4q": 59.55,
            "gross_profit": 2083640,
            "gross_margin": 31.91,
            "gross_margin_4q_avg": 33.84,
            "net_income": 934171,
            "net_income_4q": null,
            "revenue": 6528839,
            "revenue_4q": null,
            "common_shares": 1340119,
            "book_valuer_per_share": 67.12,
            "book_valuer_per_share_4q_avg": 54.88,
            "equity": 8995451,
            "current_ratio": 170.87,
            "debt_ratio": 56.58,
            "inventory_turnover_ratio": 0.66,
            "account_receivable_turnover_ratio": 2.44,
            "reinvestment_rate": -6.01,
            "research_to_sale_ratio": 12.05,
            "price_fair": 485.45,
            "eps_avg_yearly": 13.87,
            "eps_latest_yearly": 27.88,
            "eps_growth_yearly": 197.16
        },
        "20232": {
            "year_quarter": 20232,
            "year": 2023,
            "quarter": 2,
            "eps": 6.26,
            "eps_growth_year": 10.41,
            "eps_4q": 31.17,
            "eps_4q_growth_year": 86.62,
            "roe": 9.9,
            "roe_4q": 56.19,
            "gross_profit": 1919185,
            "gross_margin": 29.14,
            "gross_margin_4q_avg": 32.33,
            "net_income": 838524,
            "net_income_4q": null,
            "revenue": 6587039,
            "revenue_4q": null,
            "common_shares": 1340119,
            "book_valuer_per_share": 59.23,
            "book_valuer_per_share_4q_avg": 59.16,
            "equity": 7937801,
            "current_ratio": 162.42,
            "debt_ratio": 58.9,
            "inventory_turnover_ratio": 0.68,
            "account_receivable_turnover_ratio": 2.49,
            "reinvestment_rate": -4.75,
            "research_to_sale_ratio": 11.39,
            "price_fair": 533.49,
            "eps_avg_yearly": 15.24,
            "eps_latest_yearly": 25.04,
            "eps_growth_yearly": 202.73
        },
        "20233": {
            "year_quarter": 20233,
            "year": 2023,
            "quarter": 3,
            "eps": 7.63,
            "eps_growth_year": -3.42,
            "eps_4q": 30.91,
            "eps_4q_growth_year": 43.88,
            "roe": 12.09,
            "roe_4q": 51.16,
            "gross_profit": 2173636,
            "gross_margin": 31.92,
            "gross_margin_4q_avg": 31.59,
            "net_income": 1023188,
            "net_income_4q": null,
            "revenue": 6810040,
            "revenue_4q": null,
            "common_shares": 1340119,
            "book_valuer_per_share": 67.06,
            "book_valuer_per_share_4q_avg": 63.39,
            "equity": 8987503,
            "current_ratio": 181.25,
            "debt_ratio": 53.15,
            "inventory_turnover_ratio": 0.77,
            "account_receivable_turnover_ratio": 2.74,
            "reinvestment_rate": -3.69,
            "research_to_sale_ratio": 12.18,
            "price_fair": 593.6,
            "eps_avg_yearly": 16.96,
            "eps_latest_yearly": 30.52,
            "eps_growth_yearly": 208.52
        },
        "20234": {
            "year_quarter": 20234,
            "year": 2023,
            "quarter": 4,
            "eps": 5.31,
            "eps_growth_year": -47.12,
            "eps_4q": 26.18,
            "eps_4q_growth_year": -5.46,
            "roe": 7.63,
            "roe_4q": 40.56999999999999,
            "gross_profit": 1799234,
            "gross_margin": 28.49,
            "gross_margin_4q_avg": 30.37,
            "net_income": 712002,
            "net_income_4q": null,
            "revenue": 6314796,
            "revenue_4q": null,
            "common_shares": 1340119,
            "book_valuer_per_share": 72.24,
            "book_valuer_per_share_4q_avg": 66.41,
            "equity": 9681559,
            "current_ratio": 177.44,
            "debt_ratio": 54.06,
            "inventory_turnover_ratio": 0.88,
            "account_receivable_turnover_ratio": 3.13,
            "reinvestment_rate": -4.45,
            "research_to_sale_ratio": 11.87,
            "price_fair": 622.13,
            "eps_avg_yearly": 17.78,
            "eps_latest_yearly": 21.24,
            "eps_growth_yearly": 158.49
        }
    },
    "months": {
        "2004-12": {
            "month": "2004-12",
            "price": "21.20",
            "revenue": 136830
        },
        "2005-01": {
            "month": "2005-01",
            "price": "19.42",
            "revenue": 95543
        },
        "2005-02": {
            "month": "2005-02",
            "price": "20.20",
            "revenue": 72470
        },
        "2005-03": {
            "month": "2005-03",
            "price": "21.56",
            "revenue": 129590
        },
        "2005-04": {
            "month": "2005-04",
            "price": "24.47",
            "revenue": 106585
        },
        "2005-05": {
            "month": "2005-05",
            "price": "25.28",
            "revenue": 143832
        },
        "2005-06": {
            "month": "2005-06",
            "price": "28.08",
            "revenue": 134321
        },
        "2005-07": {
            "month": "2005-07",
            "price": "30.84",
            "revenue": 90438
        },
        "2005-08": {
            "month": "2005-08",
            "price": "33.12",
            "revenue": 133535
        },
        "2005-09": {
            "month": "2005-09",
            "price": "31.08",
            "revenue": 161091
        },
        "2005-10": {
            "month": "2005-10",
            "price": "31.83",
            "revenue": 152923
        },
        "2005-11": {
            "month": "2005-11",
            "price": "29.86",
            "revenue": 162903
        },
        "2005-12": {
            "month": "2005-12",
            "price": "32.67",
            "revenue": 207993
        },
        "2006-01": {
            "month": "2006-01",
            "price": "43.44",
            "revenue": 172161
        },
        "2006-02": {
            "month": "2006-02",
            "price": "45.68",
            "revenue": 194792
        },
        "2006-03": {
            "month": "2006-03",
            "price": "61.46",
            "revenue": 137667
        },
        "2006-04": {
            "month": "2006-04",
            "price": "63.67",
            "revenue": 199255
        },
        "2006-05": {
            "month": "2006-05",
            "price": "66.13",
            "revenue": 212671
        },
        "2006-06": {
            "month": "2006-06",
            "price": "58.51",
            "revenue": 269885
        },
        "2006-07": {
            "month": "2006-07",
            "price": "60.54",
            "revenue": 213563
        },
        "2006-08": {
            "month": "2006-08",
            "price": "56.01",
            "revenue": 250152
        },
        "2006-09": {
            "month": "2006-09",
            "price": "53.84",
            "revenue": 288935
        },
        "2006-10": {
            "month": "2006-10",
            "price": "53.68",
            "revenue": 335151
        },
        "2006-11": {
            "month": "2006-11",
            "price": "65.89",
            "revenue": 481137
        },
        "2006-12": {
            "month": "2006-12",
            "price": "97.91",
            "revenue": 603377
        },
        "2007-01": {
            "month": "2007-01",
            "price": "216.27",
            "revenue": 488127
        },
        "2007-02": {
            "month": "2007-02",
            "price": "231.17",
            "revenue": 455504
        },
        "2007-03": {
            "month": "2007-03",
            "price": "266.35",
            "revenue": 550549
        },
        "2007-04": {
            "month": "2007-04",
            "price": "252.98",
            "revenue": 467745
        },
        "2007-05": {
            "month": "2007-05",
            "price": "275.89",
            "revenue": 511313
        },
        "2007-06": {
            "month": "2007-06",
            "price": "287.25",
            "revenue": 659354
        },
        "2007-07": {
            "month": "2007-07",
            "price": "380.27",
            "revenue": 557613
        },
        "2007-08": {
            "month": "2007-08",
            "price": "318.02",
            "revenue": 621641
        },
        "2007-09": {
            "month": "2007-09",
            "price": "256.64",
            "revenue": 643921
        },
        "2007-10": {
            "month": "2007-10",
            "price": "302.30",
            "revenue": 653235
        },
        "2007-11": {
            "month": "2007-11",
            "price": "235.14",
            "revenue": 683104
        },
        "2007-12": {
            "month": "2007-12",
            "price": "208.95",
            "revenue": 696834
        },
        "2008-01": {
            "month": "2008-01",
            "price": "178.43",
            "revenue": 711952
        },
        "2008-02": {
            "month": "2008-02",
            "price": "164.50",
            "revenue": 734883
        },
        "2008-03": {
            "month": "2008-03",
            "price": "189.45",
            "revenue": 737361
        },
        "2008-04": {
            "month": "2008-04",
            "price": "239.74",
            "revenue": 734507
        },
        "2008-05": {
            "month": "2008-05",
            "price": "252.67",
            "revenue": 768003
        },
        "2008-06": {
            "month": "2008-06",
            "price": "235.05",
            "revenue": 782393
        },
        "2008-07": {
            "month": "2008-07",
            "price": "238.34",
            "revenue": 800408
        },
        "2008-08": {
            "month": "2008-08",
            "price": "215.62",
            "revenue": 853875
        },
        "2008-09": {
            "month": "2008-09",
            "price": "182.74",
            "revenue": 867441
        },
        "2008-10": {
            "month": "2008-10",
            "price": "173.27",
            "revenue": 826106
        },
        "2008-11": {
            "month": "2008-11",
            "price": "109.20",
            "revenue": 700432
        },
        "2008-12": {
            "month": "2008-12",
            "price": "102.55",
            "revenue": 764702
        },
        "2009-01": {
            "month": "2009-01",
            "price": "122.10",
            "revenue": 619357
        },
        "2009-02": {
            "month": "2009-02",
            "price": "139.82",
            "revenue": 621723
        },
        "2009-03": {
            "month": "2009-03",
            "price": "159.20",
            "revenue": 642331
        },
        "2009-04": {
            "month": "2009-04",
            "price": "155.00",
            "revenue": 661827
        },
        "2009-05": {
            "month": "2009-05",
            "price": "177.31",
            "revenue": 665749
        },
        "2009-06": {
            "month": "2009-06",
            "price": "169.26",
            "revenue": 707341
        },
        "2009-07": {
            "month": "2009-07",
            "price": "167.63",
            "revenue": 720644
        },
        "2009-08": {
            "month": "2009-08",
            "price": "156.22",
            "revenue": 746860
        },
        "2009-09": {
            "month": "2009-09",
            "price": "152.20",
            "revenue": 760648
        },
        "2009-10": {
            "month": "2009-10",
            "price": "150.61",
            "revenue": 706475
        },
        "2009-11": {
            "month": "2009-11",
            "price": "157.48",
            "revenue": 713015
        },
        "2009-12": {
            "month": "2009-12",
            "price": "162.09",
            "revenue": 703836
        },
        "2010-01": {
            "month": "2010-01",
            "price": "156.58",
            "revenue": 719602
        },
        "2010-02": {
            "month": "2010-02",
            "price": "141.89",
            "revenue": 654338
        },
        "2010-03": {
            "month": "2010-03",
            "price": "143.22",
            "revenue": 783165
        },
        "2010-04": {
            "month": "2010-04",
            "price": "151.00",
            "revenue": 790980
        },
        "2010-05": {
            "month": "2010-05",
            "price": "128.79",
            "revenue": 758530
        },
        "2010-06": {
            "month": "2010-06",
            "price": "121.74",
            "revenue": 1016519
        },
        "2010-07": {
            "month": "2010-07",
            "price": "124.45",
            "revenue": 983114
        },
        "2010-08": {
            "month": "2010-08",
            "price": "120.84",
            "revenue": 888819
        },
        "2010-09": {
            "month": "2010-09",
            "price": "107.67",
            "revenue": 884949
        },
        "2010-10": {
            "month": "2010-10",
            "price": "116.55",
            "revenue": 946028
        },
        "2010-11": {
            "month": "2010-11",
            "price": "132.07",
            "revenue": 994342
        },
        "2010-12": {
            "month": "2010-12",
            "price": "130.93",
            "revenue": 851006
        },
        "2011-01": {
            "month": "2011-01",
            "price": "120.15",
            "revenue": 764968
        },
        "2011-02": {
            "month": "2011-02",
            "price": "112.75",
            "revenue": 612145
        },
        "2011-03": {
            "month": "2011-03",
            "price": "99.00",
            "revenue": 716387
        },
        "2011-04": {
            "month": "2011-04",
            "price": "90.39",
            "revenue": 693718
        },
        "2011-05": {
            "month": "2011-05",
            "price": "107.21",
            "revenue": 662376
        },
        "2011-06": {
            "month": "2011-06",
            "price": "116.12",
            "revenue": 783384
        },
        "2011-07": {
            "month": "2011-07",
            "price": "110.16",
            "revenue": 632240
        },
        "2011-08": {
            "month": "2011-08",
            "price": "99.70",
            "revenue": 891421
        },
        "2011-09": {
            "month": "2011-09",
            "price": "116.02",
            "revenue": 1045704
        },
        "2011-10": {
            "month": "2011-10",
            "price": "125.25",
            "revenue": 805309
        },
        "2011-11": {
            "month": "2011-11",
            "price": "111.12",
            "revenue": 766070
        },
        "2011-12": {
            "month": "2011-12",
            "price": "95.10",
            "revenue": 773521
        },
        "2012-01": {
            "month": "2012-01",
            "price": "100.63",
            "revenue": 454760
        },
        "2012-02": {
            "month": "2012-02",
            "price": "118.20",
            "revenue": 566500
        },
        "2012-03": {
            "month": "2012-03",
            "price": "117.54",
            "revenue": 691947
        },
        "2012-04": {
            "month": "2012-04",
            "price": "96.80",
            "revenue": 727960
        },
        "2012-05": {
            "month": "2012-05",
            "price": "105.02",
            "revenue": 777904
        },
        "2012-06": {
            "month": "2012-06",
            "price": "105.21",
            "revenue": 645201
        },
        "2012-07": {
            "month": "2012-07",
            "price": "97.13",
            "revenue": 903366
        },
        "2012-08": {
            "month": "2012-08",
            "price": "105.59",
            "revenue": 1120815
        },
        "2012-09": {
            "month": "2012-09",
            "price": "116.60",
            "revenue": 894031
        },
        "2012-10": {
            "month": "2012-10",
            "price": "104.58",
            "revenue": 788945
        },
        "2012-11": {
            "month": "2012-11",
            "price": "93.05",
            "revenue": 815269
        },
        "2012-12": {
            "month": "2012-12",
            "price": "98.68",
            "revenue": 627062
        },
        "2013-01": {
            "month": "2013-01",
            "price": "97.10",
            "revenue": 402642
        },
        "2013-02": {
            "month": "2013-02",
            "price": "94.56",
            "revenue": 312309
        },
        "2013-03": {
            "month": "2013-03",
            "price": "92.88",
            "revenue": 491958
        },
        "2013-04": {
            "month": "2013-04",
            "price": "90.13",
            "revenue": 423998
        },
        "2013-05": {
            "month": "2013-05",
            "price": "97.10",
            "revenue": 439997
        },
        "2013-06": {
            "month": "2013-06",
            "price": "96.45",
            "revenue": 426595
        },
        "2013-07": {
            "month": "2013-07",
            "price": "98.07",
            "revenue": 597114
        },
        "2013-08": {
            "month": "2013-08",
            "price": "90.20",
            "revenue": 701314
        },
        "2013-09": {
            "month": "2013-09",
            "price": "89.28",
            "revenue": 654849
        },
        "2013-10": {
            "month": "2013-10",
            "price": "79.34",
            "revenue": 566933
        },
        "2013-11": {
            "month": "2013-11",
            "price": "69.11",
            "revenue": 589623
        },
        "2013-12": {
            "month": "2013-12",
            "price": "74.07",
            "revenue": 569409
        },
        "2014-01": {
            "month": "2014-01",
            "price": "77.79",
            "revenue": 507046
        },
        "2014-02": {
            "month": "2014-02",
            "price": "78.02",
            "revenue": 455119
        },
        "2014-03": {
            "month": "2014-03",
            "price": "85.50",
            "revenue": 711109
        },
        "2014-04": {
            "month": "2014-04",
            "price": "87.54",
            "revenue": 603072
        },
        "2014-05": {
            "month": "2014-05",
            "price": "90.61",
            "revenue": 575307
        },
        "2014-06": {
            "month": "2014-06",
            "price": "95.85",
            "revenue": 557645
        },
        "2014-07": {
            "month": "2014-07",
            "price": "90.14",
            "revenue": 522070
        },
        "2014-08": {
            "month": "2014-08",
            "price": "82.46",
            "revenue": 725437
        },
        "2014-09": {
            "month": "2014-09",
            "price": "84.67",
            "revenue": 677482
        },
        "2014-10": {
            "month": "2014-10",
            "price": "90.31",
            "revenue": 521746
        },
        "2014-11": {
            "month": "2014-11",
            "price": "88.37",
            "revenue": 581302
        },
        "2014-12": {
            "month": "2014-12",
            "price": "92.92",
            "revenue": 514946
        },
        "2015-01": {
            "month": "2015-01",
            "price": "89.52",
            "revenue": 652293
        },
        "2015-02": {
            "month": "2015-02",
            "price": "87.53",
            "revenue": 569493
        },
        "2015-03": {
            "month": "2015-03",
            "price": "86.16",
            "revenue": 510691
        },
        "2015-04": {
            "month": "2015-04",
            "price": "81.96",
            "revenue": 587520
        },
        "2015-05": {
            "month": "2015-05",
            "price": "81.98",
            "revenue": 550006
        },
        "2015-06": {
            "month": "2015-06",
            "price": "79.25",
            "revenue": 810400
        },
        "2015-07": {
            "month": "2015-07",
            "price": "76.44",
            "revenue": 722004
        },
        "2015-08": {
            "month": "2015-08",
            "price": "64.30",
            "revenue": 676941
        },
        "2015-09": {
            "month": "2015-09",
            "price": "59.27",
            "revenue": 690880
        },
        "2015-10": {
            "month": "2015-10",
            "price": "63.70",
            "revenue": 653718
        },
        "2015-11": {
            "month": "2015-11",
            "price": "67.71",
            "revenue": 514322
        },
        "2015-12": {
            "month": "2015-12",
            "price": "67.83",
            "revenue": 823864
        },
        "2016-01": {
            "month": "2016-01",
            "price": "62.12",
            "revenue": 480110
        },
        "2016-02": {
            "month": "2016-02",
            "price": "75.55",
            "revenue": 813877
        },
        "2016-03": {
            "month": "2016-03",
            "price": "86.27",
            "revenue": 926130
        },
        "2016-04": {
            "month": "2016-04",
            "price": "79.96",
            "revenue": 511703
        },
        "2016-05": {
            "month": "2016-05",
            "price": "71.78",
            "revenue": 696418
        },
        "2016-06": {
            "month": "2016-06",
            "price": "72.91",
            "revenue": 709789
        },
        "2016-07": {
            "month": "2016-07",
            "price": "74.89",
            "revenue": 578149
        },
        "2016-08": {
            "month": "2016-08",
            "price": "76.90",
            "revenue": 920650
        },
        "2016-09": {
            "month": "2016-09",
            "price": "76.28",
            "revenue": 889693
        },
        "2016-10": {
            "month": "2016-10",
            "price": "77.68",
            "revenue": 661027
        },
        "2016-11": {
            "month": "2016-11",
            "price": "76.79",
            "revenue": 957635
        },
        "2016-12": {
            "month": "2016-12",
            "price": "77.77",
            "revenue": 1145240
        },
        "2017-01": {
            "month": "2017-01",
            "price": "79.81",
            "revenue": 678722
        },
        "2017-02": {
            "month": "2017-02",
            "price": "90.07",
            "revenue": 942798
        },
        "2017-03": {
            "month": "2017-03",
            "price": "106.26",
            "revenue": 787194
        },
        "2017-04": {
            "month": "2017-04",
            "price": "99.97",
            "revenue": 707641
        },
        "2017-05": {
            "month": "2017-05",
            "price": "101.80",
            "revenue": 985359
        },
        "2017-06": {
            "month": "2017-06",
            "price": "120.70",
            "revenue": 1005920
        },
        "2017-07": {
            "month": "2017-07",
            "price": "151.90",
            "revenue": 1111906
        },
        "2017-08": {
            "month": "2017-08",
            "price": "183.00",
            "revenue": 1135856
        },
        "2017-09": {
            "month": "2017-09",
            "price": "199.84",
            "revenue": 1166224
        },
        "2017-10": {
            "month": "2017-10",
            "price": "270.92",
            "revenue": 1165587
        },
        "2017-11": {
            "month": "2017-11",
            "price": "279.61",
            "revenue": 1239775
        },
        "2017-12": {
            "month": "2017-12",
            "price": "272.67",
            "revenue": 1233624
        },
        "2018-01": {
            "month": "2018-01",
            "price": "305.34",
            "revenue": 782414
        },
        "2018-02": {
            "month": "2018-02",
            "price": "308.58",
            "revenue": 906174
        },
        "2018-03": {
            "month": "2018-03",
            "price": "326.70",
            "revenue": 1069786
        },
        "2018-04": {
            "month": "2018-04",
            "price": "280.83",
            "revenue": 973123
        },
        "2018-05": {
            "month": "2018-05",
            "price": "269.25",
            "revenue": 966562
        },
        "2018-06": {
            "month": "2018-06",
            "price": "291.42",
            "revenue": 1294354
        },
        "2018-07": {
            "month": "2018-07",
            "price": "299.11",
            "revenue": 1110071
        },
        "2018-08": {
            "month": "2018-08",
            "price": "304.59",
            "revenue": 1220605
        },
        "2018-09": {
            "month": "2018-09",
            "price": "303.24",
            "revenue": 1584736
        },
        "2018-10": {
            "month": "2018-10",
            "price": "221.48",
            "revenue": 1298313
        },
        "2018-11": {
            "month": "2018-11",
            "price": "189.32",
            "revenue": 1272271
        },
        "2018-12": {
            "month": "2018-12",
            "price": "202.40",
            "revenue": 981395
        },
        "2019-01": {
            "month": "2019-01",
            "price": "192.74",
            "revenue": 888790
        },
        "2019-02": {
            "month": "2019-02",
            "price": "205.92",
            "revenue": 766888
        },
        "2019-03": {
            "month": "2019-03",
            "price": "205.28",
            "revenue": 905617
        },
        "2019-04": {
            "month": "2019-04",
            "price": "226.08",
            "revenue": 784097
        },
        "2019-05": {
            "month": "2019-05",
            "price": "217.68",
            "revenue": 828082
        },
        "2019-06": {
            "month": "2019-06",
            "price": "216.55",
            "revenue": 814205
        },
        "2019-07": {
            "month": "2019-07",
            "price": "238.17",
            "revenue": 814736
        },
        "2019-08": {
            "month": "2019-08",
            "price": "223.26",
            "revenue": 854049
        },
        "2019-09": {
            "month": "2019-09",
            "price": "244.32",
            "revenue": 756673
        },
        "2019-10": {
            "month": "2019-10",
            "price": "269.60",
            "revenue": 909109
        },
        "2019-11": {
            "month": "2019-11",
            "price": "268.36",
            "revenue": 1256029
        },
        "2019-12": {
            "month": "2019-12",
            "price": "245.98",
            "revenue": 1131793
        },
        "2020-01": {
            "month": "2020-01",
            "price": "247.80",
            "revenue": 871366
        },
        "2020-02": {
            "month": "2020-02",
            "price": "238.21",
            "revenue": 1098267
        },
        "2020-03": {
            "month": "2020-03",
            "price": "195.07",
            "revenue": 1200234
        },
        "2020-04": {
            "month": "2020-04",
            "price": "227.42",
            "revenue": 1077824
        },
        "2020-05": {
            "month": "2020-05",
            "price": "225.80",
            "revenue": 930456
        },
        "2020-06": {
            "month": "2020-06",
            "price": "228.68",
            "revenue": 918518
        },
        "2020-07": {
            "month": "2020-07",
            "price": "298.26",
            "revenue": 935954
        },
        "2020-08": {
            "month": "2020-08",
            "price": "293.10",
            "revenue": 1184762
        },
        "2020-09": {
            "month": "2020-09",
            "price": "263.61",
            "revenue": 1407806
        },
        "2020-10": {
            "month": "2020-10",
            "price": "267.71",
            "revenue": 930002
        },
        "2020-11": {
            "month": "2020-11",
            "price": "310.17",
            "revenue": 1026025
        },
        "2020-12": {
            "month": "2020-12",
            "price": "324.61",
            "revenue": 1988227
        },
        "2021-01": {
            "month": "2021-01",
            "price": "403.38",
            "revenue": 1106465
        },
        "2021-02": {
            "month": "2021-02",
            "price": "436.38",
            "revenue": 884804
        },
        "2021-03": {
            "month": "2021-03",
            "price": "405.77",
            "revenue": 1320922
        },
        "2021-04": {
            "month": "2021-04",
            "price": "408.63",
            "revenue": 1011945
        },
        "2021-05": {
            "month": "2021-05",
            "price": "344.98",
            "revenue": 1083197
        },
        "2021-06": {
            "month": "2021-06",
            "price": "389.57",
            "revenue": 1205695
        },
        "2021-07": {
            "month": "2021-07",
            "price": "435.55",
            "revenue": 1224453
        },
        "2021-08": {
            "month": "2021-08",
            "price": "393.86",
            "revenue": 1046434
        },
        "2021-09": {
            "month": "2021-09",
            "price": "470.42",
            "revenue": 1313965
        },
        "2021-10": {
            "month": "2021-10",
            "price": "529.12",
            "revenue": 1711251
        },
        "2021-11": {
            "month": "2021-11",
            "price": "590.23",
            "revenue": 1675424
        },
        "2021-12": {
            "month": "2021-12",
            "price": "595.55",
            "revenue": 1523360
        },
        "2022-01": {
            "month": "2022-01",
            "price": "516.81",
            "revenue": 1645799
        },
        "2022-02": {
            "month": "2022-02",
            "price": "461.20",
            "revenue": 1361366
        },
        "2022-03": {
            "month": "2022-03",
            "price": "477.30",
            "revenue": 1507078
        },
        "2022-04": {
            "month": "2022-04",
            "price": "453.29",
            "revenue": 1776528
        },
        "2022-05": {
            "month": "2022-05",
            "price": "522.00",
            "revenue": 1725349
        },
        "2022-06": {
            "month": "2022-06",
            "price": "534.88",
            "revenue": 1878826
        },
        "2022-07": {
            "month": "2022-07",
            "price": "499.19",
            "revenue": 1940034
        },
        "2022-08": {
            "month": "2022-08",
            "price": "553.09",
            "revenue": 2014285
        },
        "2022-09": {
            "month": "2022-09",
            "price": "571.14",
            "revenue": 2107524
        },
        "2022-10": {
            "month": "2022-10",
            "price": "477.95",
            "revenue": 2423223
        },
        "2022-11": {
            "month": "2022-11",
            "price": "652.48",
            "revenue": 2541800
        },
        "2022-12": {
            "month": "2022-12",
            "price": "741.82",
            "revenue": 3117859
        },
        "2023-01": {
            "month": "2023-01",
            "price": "701.31",
            "revenue": 2087023
        },
        "2023-02": {
            "month": "2023-02",
            "price": "938.50",
            "revenue": 2248822
        },
        "2023-03": {
            "month": "2023-03",
            "price": "1116.96",
            "revenue": 2192994
        },
        "2023-04": {
            "month": "2023-04",
            "price": "1033.59",
            "revenue": 2014413
        },
        "2023-05": {
            "month": "2023-05",
            "price": "1232.27",
            "revenue": 2149206
        },
        "2023-06": {
            "month": "2023-06",
            "price": "1546.25",
            "revenue": 2423420
        },
        "2023-07": {
            "month": "2023-07",
            "price": "1750.48",
            "revenue": 2212814
        },
        "2023-08": {
            "month": "2023-08",
            "price": "1380.00",
            "revenue": 2272257
        },
        "2023-09": {
            "month": "2023-09",
            "price": "1409.00",
            "revenue": 2324969
        },
        "2023-10": {
            "month": "2023-10",
            "price": "1528.25",
            "revenue": 2127874
        },
        "2023-11": {
            "month": "2023-11",
            "price": "1647.27",
            "revenue": 1978714
        },
        "2023-12": {
            "month": "2023-12",
            "price": "1734.76",
            "revenue": 2208208
        }
    }
}
