{
    "summary": {
        "stock_name": "利機",
        "stock_id": "3444",
        "category": "電子通路",
        "main_business": "代理半導體、光電及綠色能源產業所需之原材料、零組件及其設備<br>先進奈米材料、燒結銀、客製化銀膠製造及銷售",
        "website_url": "http://www.niching.com.tw",
        "ceo": "黃道景",
        "pe_ratio": 37,
        "report_year_from": 2004,
        "report_year_to": 2023,
        "age": 20,
        "eps_negative_percentage": 0,
        "eps_growth_avg": {
            "last_all": 8.57,
            "last_2y": 4.69,
            "last_4y": 18.38,
            "last_8y": 10.75,
            "last_12y": 14.82,
            "last_16y": null,
            "last_20y": null,
            "at_2006_last_3y": null,
            "at_2007_last_3y": null,
            "at_2008_last_3y": null,
            "at_2009_last_3y": null,
            "at_2010_last_3y": null,
            "at_2011_last_3y": -6.61,
            "at_2012_last_3y": -15.84,
            "at_2013_last_3y": -0.55,
            "at_2014_last_3y": 23.98,
            "at_2015_last_3y": 9.37,
            "at_2016_last_3y": 31.05,
            "at_2017_last_3y": 20.31,
            "at_2018_last_3y": 1.2,
            "at_2019_last_3y": 27.61,
            "at_2020_last_3y": 26.86,
            "at_2021_last_3y": 31.87,
            "at_2022_last_3y": 37.49,
            "at_2023_last_3y": 3.89,
            "at_2024_last_3y": 3.89,
            "at_2006_last_all": null,
            "at_2007_last_all": null,
            "at_2008_last_all": null,
            "at_2009_last_all": -28.74,
            "at_2010_last_all": -18.52,
            "at_2011_last_all": -6.61,
            "at_2012_last_all": -21.73,
            "at_2013_last_all": -9.94,
            "at_2014_last_all": 5.76,
            "at_2015_last_all": 1.38,
            "at_2016_last_all": 1.73,
            "at_2017_last_all": 2.16,
            "at_2018_last_all": 4.11,
            "at_2019_last_all": 10.12,
            "at_2020_last_all": 9.46,
            "at_2021_last_all": 10.65,
            "at_2022_last_all": 13.01,
            "at_2023_last_all": 8.57,
            "at_2024_last_all": 8.57
        },
        "latest_eps": 2.6,
        "latest_price": 95.4,
        "latest_roe": 11.52,
        "latest_gross_margin": 26.2,
        "latest_equity": 1088304,
        "latest_revenue": 259319,
        "latest_gross_profit": 67949,
        "latest_net_income": 37991,
        "latest_debt_ratio": 23.88,
        "latest_current_ratio": 298.01,
        "latest_account_receivable_turnover_ratio": 0.52,
        "latest_inventory_turnover_ratio": 3.41,
        "latest_reinvestment_rate": 11.16,
        "latest_research_to_sale_ratio": 3.18
    },
    "eps_dividends": {
        "2001": {
            "cash": 0,
            "stock": 0,
            "eps": 0
        },
        "2002": {
            "cash": 0,
            "stock": 0,
            "eps": 0
        },
        "2003": {
            "cash": 0,
            "stock": 0,
            "eps": 0
        },
        "2004": {
            "cash": 1,
            "stock": 1.5,
            "eps": 0
        },
        "2005": {
            "cash": 1,
            "stock": 1.6,
            "eps": 0
        },
        "2006": {
            "cash": 1,
            "stock": 1,
            "eps": 0
        },
        "2007": {
            "cash": 1.5,
            "stock": 0.5,
            "eps": 4.35
        },
        "2008": {
            "cash": 2.2,
            "stock": 0.5,
            "eps": 2.38
        },
        "2009": {
            "cash": 1,
            "stock": 1,
            "eps": 2.09
        },
        "2010": {
            "cash": 1,
            "stock": 1,
            "eps": 2.13
        },
        "2011": {
            "cash": 1,
            "stock": 1,
            "eps": 2.75
        },
        "2012": {
            "cash": 1.5,
            "stock": 0.5,
            "eps": 0.49
        },
        "2013": {
            "cash": 0.9,
            "stock": 0,
            "eps": 0.73
        },
        "2014": {
            "cash": 0.7,
            "stock": 0,
            "eps": 1.57
        },
        "2015": {
            "cash": 1,
            "stock": 0,
            "eps": 1.11
        },
        "2016": {
            "cash": 1,
            "stock": 0,
            "eps": 1.16
        },
        "2017": {
            "cash": 1,
            "stock": 0,
            "eps": 1.23
        },
        "2018": {
            "cash": 1,
            "stock": 0,
            "eps": 1.52
        },
        "2019": {
            "cash": 1,
            "stock": 0,
            "eps": 2.68
        },
        "2020": {
            "cash": 1.8,
            "stock": 0,
            "eps": 2.72
        },
        "2021": {
            "cash": 1.8,
            "stock": 0,
            "eps": 3.43
        },
        "2022": {
            "cash": 2.3,
            "stock": 0,
            "eps": 5.01
        },
        "2023": {
            "cash": 3.8,
            "stock": 0,
            "eps": 2.1
        }
    },
    "dividends": {
        "2004-05-13": {
            "cash": 1,
            "stock": 1.5
        },
        "2005-04-14": {
            "cash": 1,
            "stock": 1.6
        },
        "2006-04-20": {
            "cash": 1,
            "stock": 1
        },
        "2007-03-30": {
            "cash": 1.5,
            "stock": 0.5
        },
        "2008-03-24": {
            "cash": 2.2,
            "stock": 0.5
        },
        "2009-03-31": {
            "cash": 1,
            "stock": 1
        },
        "2010-03-26": {
            "cash": 1,
            "stock": 1
        },
        "2011-06-15": {
            "cash": 1,
            "stock": 1
        },
        "2012-06-15": {
            "cash": 1.5,
            "stock": 0.5
        },
        "2013-06-19": {
            "cash": 0.9,
            "stock": 0
        },
        "2014-06-23": {
            "cash": 0.7,
            "stock": 0
        },
        "2015-08-14": {
            "cash": 1,
            "stock": 0
        },
        "2016-08-19": {
            "cash": 1,
            "stock": 0
        },
        "2017-08-23": {
            "cash": 1,
            "stock": 0
        },
        "2018-08-16": {
            "cash": 1,
            "stock": 0
        },
        "2019-08-30": {
            "cash": 1,
            "stock": 0
        },
        "2020-08-14": {
            "cash": 1.8,
            "stock": 0
        },
        "2021-08-13": {
            "cash": 1.8,
            "stock": 0
        },
        "2022-08-19": {
            "cash": 2.3,
            "stock": 0
        },
        "2023-08-25": {
            "cash": 3.8,
            "stock": 0
        }
    },
    "prices": {
        "200101": "無",
        "200102": "無",
        "200103": "無",
        "200104": "無",
        "200105": "無",
        "200106": "無",
        "200107": "無",
        "200108": "無",
        "200109": "無",
        "200110": "無",
        "200111": "無",
        "200112": "無",
        "200201": "無",
        "200202": "無",
        "200203": "無",
        "200204": "無",
        "200205": "無",
        "200206": "無",
        "200207": "無",
        "200208": "無",
        "200209": "無",
        "200210": "無",
        "200211": "無",
        "200212": "無",
        "200301": "無",
        "200302": "無",
        "200303": "無",
        "200304": "無",
        "200305": "無",
        "200306": "無",
        "200307": "無",
        "200308": "無",
        "200309": "無",
        "200310": "無",
        "200311": "無",
        "200312": "無",
        "200401": "無",
        "200402": "無",
        "200403": "無",
        "200404": "無",
        "200405": "無",
        "200406": "無",
        "200407": "無",
        "200408": "無",
        "200409": "無",
        "200410": "無",
        "200411": "無",
        "200412": "無",
        "200501": "無",
        "200502": "無",
        "200503": "無",
        "200504": "無",
        "200505": "無",
        "200506": "無",
        "200507": "無",
        "200508": "無",
        "200509": "無",
        "200510": "無",
        "200511": "無",
        "200512": "無",
        "200601": "無",
        "200602": "無",
        "200603": "無",
        "200604": "無",
        "200605": "無",
        "200606": "無",
        "200607": "無",
        "200608": "無",
        "200609": "無",
        "200610": "無",
        "200611": "無",
        "200612": "無",
        "200701": "無",
        "200702": "無",
        "200703": "無",
        "200704": "35.64",
        "200705": "32.93",
        "200706": "36.06",
        "200707": "37.37",
        "200708": "43.00",
        "200709": "37.88",
        "200710": "35.53",
        "200711": "36.35",
        "200712": "34.05",
        "200801": "30.24",
        "200802": "29.14",
        "200803": "28.48",
        "200804": "31.37",
        "200805": "37.96",
        "200806": "37.98",
        "200807": "32.79",
        "200808": "31.04",
        "200809": "23.85",
        "200810": "18.96",
        "200811": "15.44",
        "200812": "14.94",
        "200901": "15.68",
        "200902": "15.22",
        "200903": "16.07",
        "200904": "19.77",
        "200905": "19.09",
        "200906": "19.34",
        "200907": "21.99",
        "200908": "20.41",
        "200909": "22.65",
        "200910": "27.23",
        "200911": "29.03",
        "200912": "29.76",
        "201001": "31.22",
        "201002": "30.30",
        "201003": "34.61",
        "201004": "39.93",
        "201005": "33.72",
        "201006": "32.00",
        "201007": "33.48",
        "201008": "34.17",
        "201009": "31.93",
        "201010": "30.23",
        "201011": "28.23",
        "201012": "29.70",
        "201101": "29.13",
        "201102": "31.08",
        "201103": "30.67",
        "201104": "30.93",
        "201105": "31.87",
        "201106": "31.15",
        "201107": "29.60",
        "201108": "24.54",
        "201109": "25.05",
        "201110": "22.81",
        "201111": "22.61",
        "201112": "20.40",
        "201201": "20.92",
        "201202": "23.96",
        "201203": "24.98",
        "201204": "23.15",
        "201205": "22.03",
        "201206": "21.09",
        "201207": "21.19",
        "201208": "19.40",
        "201209": "17.42",
        "201210": "15.07",
        "201211": "14.04",
        "201212": "14.41",
        "201301": "14.90",
        "201302": "14.82",
        "201303": "14.79",
        "201304": "14.70",
        "201305": "14.74",
        "201306": "14.57",
        "201307": "14.76",
        "201308": "14.67",
        "201309": "18.31",
        "201310": "17.75",
        "201311": "16.26",
        "201312": "17.03",
        "201401": "18.52",
        "201402": "18.71",
        "201403": "19.41",
        "201404": "23.06",
        "201405": "23.65",
        "201406": "24.21",
        "201407": "26.13",
        "201408": "26.21",
        "201409": "26.49",
        "201410": "25.12",
        "201411": "24.01",
        "201412": "23.36",
        "201501": "23.75",
        "201502": "23.51",
        "201503": "23.23",
        "201504": "22.82",
        "201505": "21.32",
        "201506": "20.99",
        "201507": "19.61",
        "201508": "17.50",
        "201509": "15.18",
        "201510": "15.46",
        "201511": "16.72",
        "201512": "15.86",
        "201601": "15.48",
        "201602": "15.83",
        "201603": "16.59",
        "201604": "18.12",
        "201605": "16.86",
        "201606": "16.80",
        "201607": "16.23",
        "201608": "16.47",
        "201609": "17.30",
        "201610": "17.45",
        "201611": "19.30",
        "201612": "19.57",
        "201701": "18.66",
        "201702": "19.38",
        "201703": "19.73",
        "201704": "19.57",
        "201705": "19.55",
        "201706": "18.93",
        "201707": "18.75",
        "201708": "18.53",
        "201709": "18.67",
        "201710": "20.75",
        "201711": "25.23",
        "201712": "28.93",
        "201801": "32.25",
        "201802": "29.62",
        "201803": "28.98",
        "201804": "25.51",
        "201805": "23.12",
        "201806": "23.14",
        "201807": "21.66",
        "201808": "23.32",
        "201809": "22.93",
        "201810": "21.10",
        "201811": "19.98",
        "201812": "19.95",
        "201901": "21.80",
        "201902": "23.75",
        "201903": "23.14",
        "201904": "22.90",
        "201905": "22.05",
        "201906": "22.43",
        "201907": "25.16",
        "201908": "34.19",
        "201909": "33.38",
        "201910": "31.27",
        "201911": "31.35",
        "201912": "30.76",
        "202001": "31.47",
        "202002": "31.78",
        "202003": "33.45",
        "202004": "32.43",
        "202005": "37.34",
        "202006": "40.46",
        "202007": "38.45",
        "202008": "36.62",
        "202009": "35.40",
        "202010": "35.20",
        "202011": "35.30",
        "202012": "35.84",
        "202101": "36.46",
        "202102": "37.40",
        "202103": "38.43",
        "202104": "44.33",
        "202105": "36.33",
        "202106": "37.65",
        "202107": "38.12",
        "202108": "37.34",
        "202109": "39.83",
        "202110": "39.79",
        "202111": "52.22",
        "202112": "64.23",
        "202201": "56.43",
        "202202": "54.47",
        "202203": "49.99",
        "202204": "53.75",
        "202205": "54.57",
        "202206": "57.63",
        "202207": "54.98",
        "202208": "56.53",
        "202209": "55.21",
        "202210": "54.44",
        "202211": "62.22",
        "202212": "71.21",
        "202301": "61.59",
        "202302": "63.38",
        "202303": "61.52",
        "202304": "62.55",
        "202305": "67.37",
        "202306": "72.74",
        "202307": "77.26",
        "202308": "77.05",
        "202309": "80.56",
        "202310": "92.30",
        "202311": "115.80",
        "202312": "111.60"
    },
    "quarters": {
        "20011": {
            "year_quarter": 20011,
            "year": 2001,
            "quarter": 1,
            "eps": null,
            "eps_growth_year": null,
            "eps_4q": null,
            "eps_4q_growth_year": null,
            "roe": null,
            "roe_4q": 0,
            "gross_profit": null,
            "gross_margin": null,
            "gross_margin_4q_avg": 0,
            "net_income": null,
            "net_income_4q": null,
            "revenue": null,
            "revenue_4q": null,
            "common_shares": null,
            "book_valuer_per_share": null,
            "book_valuer_per_share_4q_avg": 0,
            "equity": null,
            "current_ratio": null,
            "debt_ratio": null,
            "inventory_turnover_ratio": null,
            "account_receivable_turnover_ratio": null,
            "reinvestment_rate": null,
            "research_to_sale_ratio": null,
            "price_fair": 0,
            "eps_avg_yearly": 0,
            "eps_latest_yearly": 0,
            "eps_growth_yearly": 0
        },
        "20012": {
            "year_quarter": 20012,
            "year": 2001,
            "quarter": 2,
            "eps": null,
            "eps_growth_year": null,
            "eps_4q": null,
            "eps_4q_growth_year": null,
            "roe": null,
            "roe_4q": 0,
            "gross_profit": null,
            "gross_margin": null,
            "gross_margin_4q_avg": 0,
            "net_income": null,
            "net_income_4q": null,
            "revenue": null,
            "revenue_4q": null,
            "common_shares": null,
            "book_valuer_per_share": null,
            "book_valuer_per_share_4q_avg": 0,
            "equity": null,
            "current_ratio": null,
            "debt_ratio": null,
            "inventory_turnover_ratio": null,
            "account_receivable_turnover_ratio": null,
            "reinvestment_rate": null,
            "research_to_sale_ratio": null,
            "price_fair": 0,
            "eps_avg_yearly": 0,
            "eps_latest_yearly": 0,
            "eps_growth_yearly": 0
        },
        "20013": {
            "year_quarter": 20013,
            "year": 2001,
            "quarter": 3,
            "eps": null,
            "eps_growth_year": null,
            "eps_4q": null,
            "eps_4q_growth_year": null,
            "roe": null,
            "roe_4q": 0,
            "gross_profit": null,
            "gross_margin": null,
            "gross_margin_4q_avg": 0,
            "net_income": null,
            "net_income_4q": null,
            "revenue": null,
            "revenue_4q": null,
            "common_shares": null,
            "book_valuer_per_share": null,
            "book_valuer_per_share_4q_avg": 0,
            "equity": null,
            "current_ratio": null,
            "debt_ratio": null,
            "inventory_turnover_ratio": null,
            "account_receivable_turnover_ratio": null,
            "reinvestment_rate": null,
            "research_to_sale_ratio": null,
            "price_fair": 0,
            "eps_avg_yearly": 0,
            "eps_latest_yearly": 0,
            "eps_growth_yearly": 0
        },
        "20014": {
            "year_quarter": 20014,
            "year": 2001,
            "quarter": 4,
            "eps": null,
            "eps_growth_year": null,
            "eps_4q": null,
            "eps_4q_growth_year": null,
            "roe": null,
            "roe_4q": 0,
            "gross_profit": null,
            "gross_margin": null,
            "gross_margin_4q_avg": 0,
            "net_income": null,
            "net_income_4q": null,
            "revenue": null,
            "revenue_4q": null,
            "common_shares": 72000,
            "book_valuer_per_share": 9.44,
            "book_valuer_per_share_4q_avg": 2.36,
            "equity": 68004,
            "current_ratio": 142.89,
            "debt_ratio": 53.14,
            "inventory_turnover_ratio": null,
            "account_receivable_turnover_ratio": null,
            "reinvestment_rate": null,
            "research_to_sale_ratio": null,
            "price_fair": 0,
            "eps_avg_yearly": 0,
            "eps_latest_yearly": 0,
            "eps_growth_yearly": 0
        },
        "20021": {
            "year_quarter": 20021,
            "year": 2002,
            "quarter": 1,
            "eps": null,
            "eps_growth_year": null,
            "eps_4q": null,
            "eps_4q_growth_year": null,
            "roe": null,
            "roe_4q": 0,
            "gross_profit": null,
            "gross_margin": null,
            "gross_margin_4q_avg": 0,
            "net_income": null,
            "net_income_4q": null,
            "revenue": null,
            "revenue_4q": null,
            "common_shares": null,
            "book_valuer_per_share": null,
            "book_valuer_per_share_4q_avg": 2.36,
            "equity": null,
            "current_ratio": null,
            "debt_ratio": null,
            "inventory_turnover_ratio": null,
            "account_receivable_turnover_ratio": null,
            "reinvestment_rate": null,
            "research_to_sale_ratio": null,
            "price_fair": 0,
            "eps_avg_yearly": 0,
            "eps_latest_yearly": 0,
            "eps_growth_yearly": 0
        },
        "20022": {
            "year_quarter": 20022,
            "year": 2002,
            "quarter": 2,
            "eps": null,
            "eps_growth_year": null,
            "eps_4q": null,
            "eps_4q_growth_year": null,
            "roe": null,
            "roe_4q": 0,
            "gross_profit": null,
            "gross_margin": null,
            "gross_margin_4q_avg": 0,
            "net_income": null,
            "net_income_4q": null,
            "revenue": null,
            "revenue_4q": null,
            "common_shares": null,
            "book_valuer_per_share": null,
            "book_valuer_per_share_4q_avg": 2.36,
            "equity": null,
            "current_ratio": null,
            "debt_ratio": null,
            "inventory_turnover_ratio": null,
            "account_receivable_turnover_ratio": null,
            "reinvestment_rate": null,
            "research_to_sale_ratio": null,
            "price_fair": 0,
            "eps_avg_yearly": 0,
            "eps_latest_yearly": 0,
            "eps_growth_yearly": 0
        },
        "20023": {
            "year_quarter": 20023,
            "year": 2002,
            "quarter": 3,
            "eps": null,
            "eps_growth_year": null,
            "eps_4q": null,
            "eps_4q_growth_year": null,
            "roe": null,
            "roe_4q": 0,
            "gross_profit": null,
            "gross_margin": null,
            "gross_margin_4q_avg": 0,
            "net_income": null,
            "net_income_4q": null,
            "revenue": null,
            "revenue_4q": null,
            "common_shares": null,
            "book_valuer_per_share": null,
            "book_valuer_per_share_4q_avg": 2.36,
            "equity": null,
            "current_ratio": null,
            "debt_ratio": null,
            "inventory_turnover_ratio": null,
            "account_receivable_turnover_ratio": null,
            "reinvestment_rate": null,
            "research_to_sale_ratio": null,
            "price_fair": 0,
            "eps_avg_yearly": 0,
            "eps_latest_yearly": 0,
            "eps_growth_yearly": 0
        },
        "20024": {
            "year_quarter": 20024,
            "year": 2002,
            "quarter": 4,
            "eps": null,
            "eps_growth_year": null,
            "eps_4q": null,
            "eps_4q_growth_year": null,
            "roe": null,
            "roe_4q": 0,
            "gross_profit": null,
            "gross_margin": null,
            "gross_margin_4q_avg": 0,
            "net_income": null,
            "net_income_4q": null,
            "revenue": null,
            "revenue_4q": null,
            "common_shares": 95000,
            "book_valuer_per_share": 10.8,
            "book_valuer_per_share_4q_avg": 2.7,
            "equity": 102613,
            "current_ratio": 152.14,
            "debt_ratio": 47.75,
            "inventory_turnover_ratio": null,
            "account_receivable_turnover_ratio": null,
            "reinvestment_rate": null,
            "research_to_sale_ratio": null,
            "price_fair": 0,
            "eps_avg_yearly": 0,
            "eps_latest_yearly": 0,
            "eps_growth_yearly": 0
        },
        "20031": {
            "year_quarter": 20031,
            "year": 2003,
            "quarter": 1,
            "eps": null,
            "eps_growth_year": null,
            "eps_4q": null,
            "eps_4q_growth_year": null,
            "roe": null,
            "roe_4q": 0,
            "gross_profit": null,
            "gross_margin": null,
            "gross_margin_4q_avg": 0,
            "net_income": null,
            "net_income_4q": null,
            "revenue": null,
            "revenue_4q": null,
            "common_shares": null,
            "book_valuer_per_share": null,
            "book_valuer_per_share_4q_avg": 2.7,
            "equity": null,
            "current_ratio": null,
            "debt_ratio": null,
            "inventory_turnover_ratio": null,
            "account_receivable_turnover_ratio": null,
            "reinvestment_rate": null,
            "research_to_sale_ratio": null,
            "price_fair": 0,
            "eps_avg_yearly": 0,
            "eps_latest_yearly": 0,
            "eps_growth_yearly": 0
        },
        "20032": {
            "year_quarter": 20032,
            "year": 2003,
            "quarter": 2,
            "eps": null,
            "eps_growth_year": null,
            "eps_4q": null,
            "eps_4q_growth_year": null,
            "roe": null,
            "roe_4q": 0,
            "gross_profit": null,
            "gross_margin": null,
            "gross_margin_4q_avg": 0,
            "net_income": null,
            "net_income_4q": null,
            "revenue": null,
            "revenue_4q": null,
            "common_shares": null,
            "book_valuer_per_share": null,
            "book_valuer_per_share_4q_avg": 2.7,
            "equity": null,
            "current_ratio": null,
            "debt_ratio": null,
            "inventory_turnover_ratio": null,
            "account_receivable_turnover_ratio": null,
            "reinvestment_rate": null,
            "research_to_sale_ratio": null,
            "price_fair": 0,
            "eps_avg_yearly": 0,
            "eps_latest_yearly": 0,
            "eps_growth_yearly": 0
        },
        "20033": {
            "year_quarter": 20033,
            "year": 2003,
            "quarter": 3,
            "eps": null,
            "eps_growth_year": null,
            "eps_4q": null,
            "eps_4q_growth_year": null,
            "roe": null,
            "roe_4q": 0,
            "gross_profit": null,
            "gross_margin": null,
            "gross_margin_4q_avg": 0,
            "net_income": null,
            "net_income_4q": null,
            "revenue": null,
            "revenue_4q": null,
            "common_shares": null,
            "book_valuer_per_share": null,
            "book_valuer_per_share_4q_avg": 2.7,
            "equity": null,
            "current_ratio": null,
            "debt_ratio": null,
            "inventory_turnover_ratio": null,
            "account_receivable_turnover_ratio": null,
            "reinvestment_rate": null,
            "research_to_sale_ratio": null,
            "price_fair": 0,
            "eps_avg_yearly": 0,
            "eps_latest_yearly": 0,
            "eps_growth_yearly": 0
        },
        "20034": {
            "year_quarter": 20034,
            "year": 2003,
            "quarter": 4,
            "eps": null,
            "eps_growth_year": null,
            "eps_4q": null,
            "eps_4q_growth_year": null,
            "roe": null,
            "roe_4q": 0,
            "gross_profit": null,
            "gross_margin": null,
            "gross_margin_4q_avg": 0,
            "net_income": null,
            "net_income_4q": null,
            "revenue": null,
            "revenue_4q": null,
            "common_shares": 130000,
            "book_valuer_per_share": 14.26,
            "book_valuer_per_share_4q_avg": 3.57,
            "equity": 194495,
            "current_ratio": 171.39,
            "debt_ratio": 47.2,
            "inventory_turnover_ratio": null,
            "account_receivable_turnover_ratio": null,
            "reinvestment_rate": null,
            "research_to_sale_ratio": null,
            "price_fair": 0,
            "eps_avg_yearly": 0,
            "eps_latest_yearly": 0,
            "eps_growth_yearly": 0
        },
        "20041": {
            "year_quarter": 20041,
            "year": 2004,
            "quarter": 1,
            "eps": null,
            "eps_growth_year": null,
            "eps_4q": null,
            "eps_4q_growth_year": null,
            "roe": null,
            "roe_4q": 0,
            "gross_profit": null,
            "gross_margin": null,
            "gross_margin_4q_avg": 0,
            "net_income": null,
            "net_income_4q": null,
            "revenue": null,
            "revenue_4q": null,
            "common_shares": null,
            "book_valuer_per_share": null,
            "book_valuer_per_share_4q_avg": 3.57,
            "equity": null,
            "current_ratio": null,
            "debt_ratio": null,
            "inventory_turnover_ratio": null,
            "account_receivable_turnover_ratio": null,
            "reinvestment_rate": null,
            "research_to_sale_ratio": null,
            "price_fair": 0,
            "eps_avg_yearly": 0,
            "eps_latest_yearly": 0,
            "eps_growth_yearly": 0
        },
        "20042": {
            "year_quarter": 20042,
            "year": 2004,
            "quarter": 2,
            "eps": null,
            "eps_growth_year": null,
            "eps_4q": null,
            "eps_4q_growth_year": null,
            "roe": null,
            "roe_4q": 0,
            "gross_profit": null,
            "gross_margin": null,
            "gross_margin_4q_avg": 0,
            "net_income": null,
            "net_income_4q": null,
            "revenue": null,
            "revenue_4q": null,
            "common_shares": null,
            "book_valuer_per_share": null,
            "book_valuer_per_share_4q_avg": 3.57,
            "equity": null,
            "current_ratio": null,
            "debt_ratio": null,
            "inventory_turnover_ratio": null,
            "account_receivable_turnover_ratio": null,
            "reinvestment_rate": null,
            "research_to_sale_ratio": null,
            "price_fair": 0,
            "eps_avg_yearly": 0,
            "eps_latest_yearly": 0,
            "eps_growth_yearly": 0
        },
        "20043": {
            "year_quarter": 20043,
            "year": 2004,
            "quarter": 3,
            "eps": null,
            "eps_growth_year": null,
            "eps_4q": null,
            "eps_4q_growth_year": null,
            "roe": null,
            "roe_4q": 0,
            "gross_profit": null,
            "gross_margin": null,
            "gross_margin_4q_avg": 0,
            "net_income": null,
            "net_income_4q": null,
            "revenue": null,
            "revenue_4q": null,
            "common_shares": null,
            "book_valuer_per_share": null,
            "book_valuer_per_share_4q_avg": 3.57,
            "equity": null,
            "current_ratio": null,
            "debt_ratio": null,
            "inventory_turnover_ratio": null,
            "account_receivable_turnover_ratio": null,
            "reinvestment_rate": null,
            "research_to_sale_ratio": null,
            "price_fair": 0,
            "eps_avg_yearly": 0,
            "eps_latest_yearly": 0,
            "eps_growth_yearly": 0
        },
        "20044": {
            "year_quarter": 20044,
            "year": 2004,
            "quarter": 4,
            "eps": null,
            "eps_growth_year": null,
            "eps_4q": null,
            "eps_4q_growth_year": null,
            "roe": null,
            "roe_4q": 0,
            "gross_profit": null,
            "gross_margin": null,
            "gross_margin_4q_avg": 0,
            "net_income": null,
            "net_income_4q": null,
            "revenue": null,
            "revenue_4q": null,
            "common_shares": 168000,
            "book_valuer_per_share": 14.28,
            "book_valuer_per_share_4q_avg": 3.57,
            "equity": 252872,
            "current_ratio": 205.8,
            "debt_ratio": 37.63,
            "inventory_turnover_ratio": null,
            "account_receivable_turnover_ratio": null,
            "reinvestment_rate": null,
            "research_to_sale_ratio": null,
            "price_fair": 0,
            "eps_avg_yearly": 0,
            "eps_latest_yearly": 0,
            "eps_growth_yearly": 0
        },
        "20051": {
            "year_quarter": 20051,
            "year": 2005,
            "quarter": 1,
            "eps": null,
            "eps_growth_year": null,
            "eps_4q": null,
            "eps_4q_growth_year": null,
            "roe": null,
            "roe_4q": 0,
            "gross_profit": null,
            "gross_margin": null,
            "gross_margin_4q_avg": 0,
            "net_income": null,
            "net_income_4q": null,
            "revenue": null,
            "revenue_4q": null,
            "common_shares": null,
            "book_valuer_per_share": null,
            "book_valuer_per_share_4q_avg": 3.57,
            "equity": null,
            "current_ratio": null,
            "debt_ratio": null,
            "inventory_turnover_ratio": null,
            "account_receivable_turnover_ratio": null,
            "reinvestment_rate": null,
            "research_to_sale_ratio": null,
            "price_fair": 0,
            "eps_avg_yearly": 0,
            "eps_latest_yearly": 0,
            "eps_growth_yearly": 0
        },
        "20052": {
            "year_quarter": 20052,
            "year": 2005,
            "quarter": 2,
            "eps": null,
            "eps_growth_year": null,
            "eps_4q": null,
            "eps_4q_growth_year": null,
            "roe": null,
            "roe_4q": 0,
            "gross_profit": null,
            "gross_margin": null,
            "gross_margin_4q_avg": 0,
            "net_income": null,
            "net_income_4q": null,
            "revenue": null,
            "revenue_4q": null,
            "common_shares": null,
            "book_valuer_per_share": null,
            "book_valuer_per_share_4q_avg": 3.57,
            "equity": null,
            "current_ratio": null,
            "debt_ratio": null,
            "inventory_turnover_ratio": null,
            "account_receivable_turnover_ratio": null,
            "reinvestment_rate": null,
            "research_to_sale_ratio": null,
            "price_fair": 0,
            "eps_avg_yearly": 0,
            "eps_latest_yearly": 0,
            "eps_growth_yearly": 0
        },
        "20053": {
            "year_quarter": 20053,
            "year": 2005,
            "quarter": 3,
            "eps": null,
            "eps_growth_year": null,
            "eps_4q": null,
            "eps_4q_growth_year": null,
            "roe": null,
            "roe_4q": 0,
            "gross_profit": null,
            "gross_margin": null,
            "gross_margin_4q_avg": 0,
            "net_income": null,
            "net_income_4q": null,
            "revenue": null,
            "revenue_4q": null,
            "common_shares": null,
            "book_valuer_per_share": null,
            "book_valuer_per_share_4q_avg": 3.57,
            "equity": null,
            "current_ratio": null,
            "debt_ratio": null,
            "inventory_turnover_ratio": null,
            "account_receivable_turnover_ratio": null,
            "reinvestment_rate": null,
            "research_to_sale_ratio": null,
            "price_fair": 0,
            "eps_avg_yearly": 0,
            "eps_latest_yearly": 0,
            "eps_growth_yearly": 0
        },
        "20054": {
            "year_quarter": 20054,
            "year": 2005,
            "quarter": 4,
            "eps": null,
            "eps_growth_year": null,
            "eps_4q": null,
            "eps_4q_growth_year": null,
            "roe": null,
            "roe_4q": 0,
            "gross_profit": null,
            "gross_margin": null,
            "gross_margin_4q_avg": 0,
            "net_income": null,
            "net_income_4q": null,
            "revenue": null,
            "revenue_4q": null,
            "common_shares": 194880,
            "book_valuer_per_share": 13.02,
            "book_valuer_per_share_4q_avg": 3.26,
            "equity": 254724,
            "current_ratio": 175.47,
            "debt_ratio": 51.61,
            "inventory_turnover_ratio": null,
            "account_receivable_turnover_ratio": null,
            "reinvestment_rate": null,
            "research_to_sale_ratio": null,
            "price_fair": 0,
            "eps_avg_yearly": 0,
            "eps_latest_yearly": 0,
            "eps_growth_yearly": 0
        },
        "20061": {
            "year_quarter": 20061,
            "year": 2006,
            "quarter": 1,
            "eps": null,
            "eps_growth_year": null,
            "eps_4q": null,
            "eps_4q_growth_year": null,
            "roe": null,
            "roe_4q": 0,
            "gross_profit": null,
            "gross_margin": null,
            "gross_margin_4q_avg": 0,
            "net_income": null,
            "net_income_4q": null,
            "revenue": null,
            "revenue_4q": null,
            "common_shares": null,
            "book_valuer_per_share": null,
            "book_valuer_per_share_4q_avg": 3.26,
            "equity": null,
            "current_ratio": null,
            "debt_ratio": null,
            "inventory_turnover_ratio": null,
            "account_receivable_turnover_ratio": null,
            "reinvestment_rate": null,
            "research_to_sale_ratio": null,
            "price_fair": 0,
            "eps_avg_yearly": 0,
            "eps_latest_yearly": 0,
            "eps_growth_yearly": 0
        },
        "20062": {
            "year_quarter": 20062,
            "year": 2006,
            "quarter": 2,
            "eps": null,
            "eps_growth_year": null,
            "eps_4q": null,
            "eps_4q_growth_year": null,
            "roe": null,
            "roe_4q": 0,
            "gross_profit": null,
            "gross_margin": null,
            "gross_margin_4q_avg": 0,
            "net_income": null,
            "net_income_4q": null,
            "revenue": null,
            "revenue_4q": null,
            "common_shares": null,
            "book_valuer_per_share": null,
            "book_valuer_per_share_4q_avg": 3.26,
            "equity": null,
            "current_ratio": null,
            "debt_ratio": null,
            "inventory_turnover_ratio": null,
            "account_receivable_turnover_ratio": null,
            "reinvestment_rate": null,
            "research_to_sale_ratio": null,
            "price_fair": 0,
            "eps_avg_yearly": 0,
            "eps_latest_yearly": 0,
            "eps_growth_yearly": 0
        },
        "20063": {
            "year_quarter": 20063,
            "year": 2006,
            "quarter": 3,
            "eps": null,
            "eps_growth_year": null,
            "eps_4q": null,
            "eps_4q_growth_year": null,
            "roe": null,
            "roe_4q": 0,
            "gross_profit": null,
            "gross_margin": null,
            "gross_margin_4q_avg": 0,
            "net_income": null,
            "net_income_4q": null,
            "revenue": null,
            "revenue_4q": null,
            "common_shares": null,
            "book_valuer_per_share": null,
            "book_valuer_per_share_4q_avg": 3.26,
            "equity": null,
            "current_ratio": null,
            "debt_ratio": null,
            "inventory_turnover_ratio": null,
            "account_receivable_turnover_ratio": null,
            "reinvestment_rate": null,
            "research_to_sale_ratio": null,
            "price_fair": 0,
            "eps_avg_yearly": 0,
            "eps_latest_yearly": 0,
            "eps_growth_yearly": 0
        },
        "20064": {
            "year_quarter": 20064,
            "year": 2006,
            "quarter": 4,
            "eps": null,
            "eps_growth_year": null,
            "eps_4q": null,
            "eps_4q_growth_year": null,
            "roe": null,
            "roe_4q": 0,
            "gross_profit": null,
            "gross_margin": null,
            "gross_margin_4q_avg": 0,
            "net_income": null,
            "net_income_4q": null,
            "revenue": null,
            "revenue_4q": null,
            "common_shares": 214368,
            "book_valuer_per_share": 13.78,
            "book_valuer_per_share_4q_avg": 3.45,
            "equity": 295461,
            "current_ratio": 174.92,
            "debt_ratio": 55.99,
            "inventory_turnover_ratio": null,
            "account_receivable_turnover_ratio": null,
            "reinvestment_rate": null,
            "research_to_sale_ratio": null,
            "price_fair": 0,
            "eps_avg_yearly": 0,
            "eps_latest_yearly": 0,
            "eps_growth_yearly": 0
        },
        "20071": {
            "year_quarter": 20071,
            "year": 2007,
            "quarter": 1,
            "eps": 0.96,
            "eps_growth_year": null,
            "eps_4q": null,
            "eps_4q_growth_year": null,
            "roe": 6.7,
            "roe_4q": 6.7,
            "gross_profit": 59720,
            "gross_margin": 22.7,
            "gross_margin_4q_avg": 5.68,
            "net_income": 21532,
            "net_income_4q": null,
            "revenue": 263106,
            "revenue_4q": null,
            "common_shares": 225650,
            "book_valuer_per_share": 15.41,
            "book_valuer_per_share_4q_avg": 7.3,
            "equity": 347675,
            "current_ratio": 208.91,
            "debt_ratio": 49.49,
            "inventory_turnover_ratio": 2.73,
            "account_receivable_turnover_ratio": null,
            "reinvestment_rate": null,
            "research_to_sale_ratio": null,
            "price_fair": 0,
            "eps_avg_yearly": 0,
            "eps_latest_yearly": 0,
            "eps_growth_yearly": 0
        },
        "20072": {
            "year_quarter": 20072,
            "year": 2007,
            "quarter": 2,
            "eps": 1.14,
            "eps_growth_year": null,
            "eps_4q": null,
            "eps_4q_growth_year": null,
            "roe": 7.41,
            "roe_4q": 14.11,
            "gross_profit": 65019,
            "gross_margin": 27.67,
            "gross_margin_4q_avg": 12.59,
            "net_income": 25368,
            "net_income_4q": null,
            "revenue": 234984,
            "revenue_4q": null,
            "common_shares": 225650,
            "book_valuer_per_share": 14.93,
            "book_valuer_per_share_4q_avg": 11.03,
            "equity": 336945,
            "current_ratio": 173.9,
            "debt_ratio": 51.01,
            "inventory_turnover_ratio": 3.17,
            "account_receivable_turnover_ratio": null,
            "reinvestment_rate": null,
            "research_to_sale_ratio": null,
            "price_fair": 159.6,
            "eps_avg_yearly": 4.56,
            "eps_latest_yearly": 4.56,
            "eps_growth_yearly": 75
        },
        "20073": {
            "year_quarter": 20073,
            "year": 2007,
            "quarter": 3,
            "eps": 1.12,
            "eps_growth_year": null,
            "eps_4q": null,
            "eps_4q_growth_year": null,
            "roe": 7.12,
            "roe_4q": 21.23,
            "gross_profit": 72126,
            "gross_margin": 24.06,
            "gross_margin_4q_avg": 18.61,
            "net_income": 24897,
            "net_income_4q": null,
            "revenue": 299729,
            "revenue_4q": null,
            "common_shares": 236933,
            "book_valuer_per_share": 15.28,
            "book_valuer_per_share_4q_avg": 14.85,
            "equity": 361955,
            "current_ratio": 183.39,
            "debt_ratio": 47.92,
            "inventory_turnover_ratio": 4.32,
            "account_receivable_turnover_ratio": null,
            "reinvestment_rate": null,
            "research_to_sale_ratio": null,
            "price_fair": 158.2,
            "eps_avg_yearly": 4.52,
            "eps_latest_yearly": 4.48,
            "eps_growth_yearly": 33.99
        },
        "20074": {
            "year_quarter": 20074,
            "year": 2007,
            "quarter": 4,
            "eps": 1.13,
            "eps_growth_year": null,
            "eps_4q": 4.2,
            "eps_4q_growth_year": null,
            "roe": 7.06,
            "roe_4q": 28.29,
            "gross_profit": 58089,
            "gross_margin": 21.68,
            "gross_margin_4q_avg": 24.03,
            "net_income": 26422,
            "net_income_4q": null,
            "revenue": 267982,
            "revenue_4q": null,
            "common_shares": 236933,
            "book_valuer_per_share": 16.31,
            "book_valuer_per_share_4q_avg": 15.48,
            "equity": 386485,
            "current_ratio": 184.9,
            "debt_ratio": 45.07,
            "inventory_turnover_ratio": 3.45,
            "account_receivable_turnover_ratio": null,
            "reinvestment_rate": null,
            "research_to_sale_ratio": null,
            "price_fair": 153.01,
            "eps_avg_yearly": 4.52,
            "eps_latest_yearly": 4.52,
            "eps_growth_yearly": 23.85
        },
        "20081": {
            "year_quarter": 20081,
            "year": 2008,
            "quarter": 1,
            "eps": 1.08,
            "eps_growth_year": 12.5,
            "eps_4q": 4.31,
            "eps_4q_growth_year": null,
            "roe": 6.43,
            "roe_4q": 28.02,
            "gross_profit": 69130,
            "gross_margin": 25.44,
            "gross_margin_4q_avg": 24.71,
            "net_income": 25619,
            "net_income_4q": null,
            "revenue": 271778,
            "revenue_4q": null,
            "common_shares": 236933,
            "book_valuer_per_share": 17.34,
            "book_valuer_per_share_4q_avg": 15.97,
            "equity": 410879,
            "current_ratio": 231.66,
            "debt_ratio": 35.94,
            "inventory_turnover_ratio": 2.66,
            "account_receivable_turnover_ratio": null,
            "reinvestment_rate": null,
            "research_to_sale_ratio": null,
            "price_fair": 104.88,
            "eps_avg_yearly": 4.47,
            "eps_latest_yearly": 4.32,
            "eps_growth_yearly": 13.46
        },
        "20082": {
            "year_quarter": 20082,
            "year": 2008,
            "quarter": 2,
            "eps": 0.79,
            "eps_growth_year": -30.7,
            "eps_4q": 4.05,
            "eps_4q_growth_year": null,
            "roe": 4.76,
            "roe_4q": 25.37,
            "gross_profit": 65683,
            "gross_margin": 23.69,
            "gross_margin_4q_avg": 23.72,
            "net_income": 18631,
            "net_income_4q": null,
            "revenue": 277302,
            "revenue_4q": null,
            "common_shares": 236933,
            "book_valuer_per_share": 15.71,
            "book_valuer_per_share_4q_avg": 16.16,
            "equity": 372178,
            "current_ratio": 198.66,
            "debt_ratio": 41.16,
            "inventory_turnover_ratio": 2.59,
            "account_receivable_turnover_ratio": null,
            "reinvestment_rate": null,
            "research_to_sale_ratio": null,
            "price_fair": 12.62,
            "eps_avg_yearly": 4.21,
            "eps_latest_yearly": 3.16,
            "eps_growth_yearly": -10.71
        },
        "20083": {
            "year_quarter": 20083,
            "year": 2008,
            "quarter": 3,
            "eps": 0.87,
            "eps_growth_year": -22.32,
            "eps_4q": 3.71,
            "eps_4q_growth_year": null,
            "roe": 5.18,
            "roe_4q": 23.429999999999996,
            "gross_profit": 69660,
            "gross_margin": 16.91,
            "gross_margin_4q_avg": 21.93,
            "net_income": 21685,
            "net_income_4q": null,
            "revenue": 412008,
            "revenue_4q": null,
            "common_shares": 279880,
            "book_valuer_per_share": 16.61,
            "book_valuer_per_share_4q_avg": 16.49,
            "equity": 464868,
            "current_ratio": 204.49,
            "debt_ratio": 41.86,
            "inventory_turnover_ratio": 3.73,
            "account_receivable_turnover_ratio": null,
            "reinvestment_rate": null,
            "research_to_sale_ratio": null,
            "price_fair": 12.26,
            "eps_avg_yearly": 4.09,
            "eps_latest_yearly": 3.48,
            "eps_growth_yearly": -2.17
        },
        "20084": {
            "year_quarter": 20084,
            "year": 2008,
            "quarter": 4,
            "eps": -0.36,
            "eps_growth_year": -131.86,
            "eps_4q": 2.21,
            "eps_4q_growth_year": -47.39,
            "roe": -2,
            "roe_4q": 14.37,
            "gross_profit": 37162,
            "gross_margin": 11.83,
            "gross_margin_4q_avg": 19.47,
            "net_income": -9192,
            "net_income_4q": null,
            "revenue": 314142,
            "revenue_4q": null,
            "common_shares": 279880,
            "book_valuer_per_share": 16.18,
            "book_valuer_per_share_4q_avg": 16.46,
            "equity": 452765,
            "current_ratio": 248.04,
            "debt_ratio": 33.74,
            "inventory_turnover_ratio": 2.88,
            "account_receivable_turnover_ratio": 2.31,
            "reinvestment_rate": null,
            "research_to_sale_ratio": null,
            "price_fair": 12.26,
            "eps_avg_yearly": 4.09,
            "eps_latest_yearly": 3.48,
            "eps_growth_yearly": -2.17
        },
        "20091": {
            "year_quarter": 20091,
            "year": 2009,
            "quarter": 1,
            "eps": 0.23,
            "eps_growth_year": -78.7,
            "eps_4q": 1.33,
            "eps_4q_growth_year": -69.23,
            "roe": 1.43,
            "roe_4q": 9.37,
            "gross_profit": 38541,
            "gross_margin": 17.27,
            "gross_margin_4q_avg": 17.43,
            "net_income": 6524,
            "net_income_4q": null,
            "revenue": 223134,
            "revenue_4q": null,
            "common_shares": 279880,
            "book_valuer_per_share": 16.46,
            "book_valuer_per_share_4q_avg": 16.24,
            "equity": 460665,
            "current_ratio": 307.39,
            "debt_ratio": 27.18,
            "inventory_turnover_ratio": 2.38,
            "account_receivable_turnover_ratio": 0.86,
            "reinvestment_rate": null,
            "research_to_sale_ratio": null,
            "price_fair": 12.26,
            "eps_avg_yearly": 4.09,
            "eps_latest_yearly": 3.48,
            "eps_growth_yearly": -2.17
        },
        "20092": {
            "year_quarter": 20092,
            "year": 2009,
            "quarter": 2,
            "eps": 0.67,
            "eps_growth_year": -15.19,
            "eps_4q": 1.35,
            "eps_4q_growth_year": -66.77,
            "roe": 4.14,
            "roe_4q": 8.75,
            "gross_profit": 60906,
            "gross_margin": 20.74,
            "gross_margin_4q_avg": 16.69,
            "net_income": 18835,
            "net_income_4q": null,
            "revenue": 293733,
            "revenue_4q": null,
            "common_shares": 279880,
            "book_valuer_per_share": 16.07,
            "book_valuer_per_share_4q_avg": 16.33,
            "equity": 449714,
            "current_ratio": 236.6,
            "debt_ratio": 35.26,
            "inventory_turnover_ratio": 3.66,
            "account_receivable_turnover_ratio": 1.06,
            "reinvestment_rate": null,
            "research_to_sale_ratio": null,
            "price_fair": 136,
            "eps_avg_yearly": 3.89,
            "eps_latest_yearly": 2.68,
            "eps_growth_yearly": 107.45
        },
        "20093": {
            "year_quarter": 20093,
            "year": 2009,
            "quarter": 3,
            "eps": 0.56,
            "eps_growth_year": -35.63,
            "eps_4q": 1.09,
            "eps_4q_growth_year": -70.69,
            "roe": 3.76,
            "roe_4q": 7.33,
            "gross_profit": 57339,
            "gross_margin": 17.7,
            "gross_margin_4q_avg": 16.89,
            "net_income": 17208,
            "net_income_4q": null,
            "revenue": 323875,
            "revenue_4q": null,
            "common_shares": 307868,
            "book_valuer_per_share": 15.14,
            "book_valuer_per_share_4q_avg": 15.96,
            "equity": 466148,
            "current_ratio": 241.23,
            "debt_ratio": 34.64,
            "inventory_turnover_ratio": 4.28,
            "account_receivable_turnover_ratio": 0.97,
            "reinvestment_rate": null,
            "research_to_sale_ratio": null,
            "price_fair": 128.8,
            "eps_avg_yearly": 3.68,
            "eps_latest_yearly": 2.24,
            "eps_growth_yearly": 85.81
        },
        "20094": {
            "year_quarter": 20094,
            "year": 2009,
            "quarter": 4,
            "eps": 0.63,
            "eps_growth_year": null,
            "eps_4q": 2.01,
            "eps_4q_growth_year": -9.14,
            "roe": 4.05,
            "roe_4q": 13.379999999999999,
            "gross_profit": 58989,
            "gross_margin": 17.57,
            "gross_margin_4q_avg": 18.32,
            "net_income": 19256,
            "net_income_4q": null,
            "revenue": 335728,
            "revenue_4q": null,
            "common_shares": 307868,
            "book_valuer_per_share": 15.77,
            "book_valuer_per_share_4q_avg": 15.86,
            "equity": 485401,
            "current_ratio": 231.87,
            "debt_ratio": 36.26,
            "inventory_turnover_ratio": 4.07,
            "account_receivable_turnover_ratio": 2.19,
            "reinvestment_rate": null,
            "research_to_sale_ratio": null,
            "price_fair": 124.29,
            "eps_avg_yearly": 3.55,
            "eps_latest_yearly": 2.52,
            "eps_growth_yearly": 81.83
        },
        "20101": {
            "year_quarter": 20101,
            "year": 2010,
            "quarter": 1,
            "eps": 0.43,
            "eps_growth_year": 86.96,
            "eps_4q": 2.23,
            "eps_4q_growth_year": 67.97,
            "roe": 2.71,
            "roe_4q": 14.66,
            "gross_profit": 48954,
            "gross_margin": 15.4,
            "gross_margin_4q_avg": 17.85,
            "net_income": 13336,
            "net_income_4q": null,
            "revenue": 317926,
            "revenue_4q": null,
            "common_shares": 307868,
            "book_valuer_per_share": 16.19,
            "book_valuer_per_share_4q_avg": 15.79,
            "equity": 498461,
            "current_ratio": 265.39,
            "debt_ratio": 31.4,
            "inventory_turnover_ratio": 3.38,
            "account_receivable_turnover_ratio": 1.03,
            "reinvestment_rate": null,
            "research_to_sale_ratio": 0.87,
            "price_fair": 117.88,
            "eps_avg_yearly": 3.37,
            "eps_latest_yearly": 1.72,
            "eps_growth_yearly": 60.95
        },
        "20102": {
            "year_quarter": 20102,
            "year": 2010,
            "quarter": 2,
            "eps": 0.59,
            "eps_growth_year": -12.04,
            "eps_4q": 2.06,
            "eps_4q_growth_year": 52.98,
            "roe": 4.04,
            "roe_4q": 14.56,
            "gross_profit": 57564,
            "gross_margin": 14.61,
            "gross_margin_4q_avg": 16.32,
            "net_income": 19958,
            "net_income_4q": null,
            "revenue": 393942,
            "revenue_4q": null,
            "common_shares": 307868,
            "book_valuer_per_share": 15.87,
            "book_valuer_per_share_4q_avg": 15.74,
            "equity": 488654,
            "current_ratio": 206.17,
            "debt_ratio": 40.2,
            "inventory_turnover_ratio": 4,
            "account_receivable_turnover_ratio": 1.13,
            "reinvestment_rate": null,
            "research_to_sale_ratio": 0.97,
            "price_fair": 114.67,
            "eps_avg_yearly": 3.28,
            "eps_latest_yearly": 2.36,
            "eps_growth_yearly": 68.94
        },
        "20103": {
            "year_quarter": 20103,
            "year": 2010,
            "quarter": 3,
            "eps": 0.67,
            "eps_growth_year": 18.76,
            "eps_4q": 2.22,
            "eps_4q_growth_year": 104.1,
            "roe": 4.51,
            "roe_4q": 15.310000000000002,
            "gross_profit": 60655,
            "gross_margin": 14.77,
            "gross_margin_4q_avg": 15.59,
            "net_income": 22523,
            "net_income_4q": null,
            "revenue": 410774,
            "revenue_4q": null,
            "common_shares": 338654,
            "book_valuer_per_share": 15.06,
            "book_valuer_per_share_4q_avg": 15.72,
            "equity": 509908,
            "current_ratio": 232.49,
            "debt_ratio": 35.48,
            "inventory_turnover_ratio": 4.28,
            "account_receivable_turnover_ratio": 1.06,
            "reinvestment_rate": null,
            "research_to_sale_ratio": 0.78,
            "price_fair": 112.93,
            "eps_avg_yearly": 3.23,
            "eps_latest_yearly": 2.68,
            "eps_growth_yearly": 67.72
        },
        "20104": {
            "year_quarter": 20104,
            "year": 2010,
            "quarter": 4,
            "eps": 0.44,
            "eps_growth_year": -29.61,
            "eps_4q": 2.09,
            "eps_4q_growth_year": 4.16,
            "roe": 2.92,
            "roe_4q": 14.18,
            "gross_profit": 58490,
            "gross_margin": 14.63,
            "gross_margin_4q_avg": 14.85,
            "net_income": 15018,
            "net_income_4q": null,
            "revenue": 399814,
            "revenue_4q": null,
            "common_shares": 338655,
            "book_valuer_per_share": 15.34,
            "book_valuer_per_share_4q_avg": 15.62,
            "equity": 519386,
            "current_ratio": 194.14,
            "debt_ratio": 41.83,
            "inventory_turnover_ratio": 3.65,
            "account_receivable_turnover_ratio": 1.03,
            "reinvestment_rate": 64.45,
            "research_to_sale_ratio": 0.77,
            "price_fair": 108.98,
            "eps_avg_yearly": 3.11,
            "eps_latest_yearly": 1.76,
            "eps_growth_yearly": 51.94
        },
        "20111": {
            "year_quarter": 20111,
            "year": 2011,
            "quarter": 1,
            "eps": 0.88,
            "eps_growth_year": 104.65,
            "eps_4q": 2.58,
            "eps_4q_growth_year": 15.51,
            "roe": 5.56,
            "roe_4q": 17.03,
            "gross_profit": 63811,
            "gross_margin": 12.04,
            "gross_margin_4q_avg": 14.01,
            "net_income": 29706,
            "net_income_4q": null,
            "revenue": 529820,
            "revenue_4q": null,
            "common_shares": 338655,
            "book_valuer_per_share": 16.23,
            "book_valuer_per_share_4q_avg": 15.63,
            "equity": 549704,
            "current_ratio": 171.4,
            "debt_ratio": 46.37,
            "inventory_turnover_ratio": 4.23,
            "account_receivable_turnover_ratio": 1.19,
            "reinvestment_rate": 63.03,
            "research_to_sale_ratio": 0.63,
            "price_fair": 110,
            "eps_avg_yearly": 3.14,
            "eps_latest_yearly": 3.52,
            "eps_growth_yearly": 76.81
        },
        "20112": {
            "year_quarter": 20112,
            "year": 2011,
            "quarter": 2,
            "eps": 0.6,
            "eps_growth_year": 2.58,
            "eps_4q": 2.41,
            "eps_4q_growth_year": 16.99,
            "roe": 4.14,
            "roe_4q": 17.13,
            "gross_profit": 72922,
            "gross_margin": 17.19,
            "gross_margin_4q_avg": 14.66,
            "net_income": 22521,
            "net_income_4q": null,
            "revenue": 424182,
            "revenue_4q": null,
            "common_shares": 338655,
            "book_valuer_per_share": 15.86,
            "book_valuer_per_share_4q_avg": 15.62,
            "equity": 536986,
            "current_ratio": 187.93,
            "debt_ratio": 42.47,
            "inventory_turnover_ratio": 3.43,
            "account_receivable_turnover_ratio": 0.94,
            "reinvestment_rate": 58.84,
            "research_to_sale_ratio": 0.68,
            "price_fair": 104.6,
            "eps_avg_yearly": 2.99,
            "eps_latest_yearly": 2.4,
            "eps_growth_yearly": 62.36
        },
        "20113": {
            "year_quarter": 20113,
            "year": 2011,
            "quarter": 3,
            "eps": 0.75,
            "eps_growth_year": 12.66,
            "eps_4q": 2.55,
            "eps_4q_growth_year": 15.23,
            "roe": 5.08,
            "roe_4q": 17.699999999999996,
            "gross_profit": 58556,
            "gross_margin": 15.07,
            "gross_margin_4q_avg": 14.73,
            "net_income": 27912,
            "net_income_4q": null,
            "revenue": 388558,
            "revenue_4q": null,
            "common_shares": 372520,
            "book_valuer_per_share": 15.1,
            "book_valuer_per_share_4q_avg": 15.63,
            "equity": 562504,
            "current_ratio": 207.89,
            "debt_ratio": 39.77,
            "inventory_turnover_ratio": 3.63,
            "account_receivable_turnover_ratio": 0.96,
            "reinvestment_rate": 60.09,
            "research_to_sale_ratio": 0.96,
            "price_fair": 100.9,
            "eps_avg_yearly": 2.88,
            "eps_latest_yearly": 3,
            "eps_growth_yearly": 70
        },
        "20114": {
            "year_quarter": 20114,
            "year": 2011,
            "quarter": 4,
            "eps": 0.52,
            "eps_growth_year": 17.56,
            "eps_4q": 2.67,
            "eps_4q_growth_year": 27.77,
            "roe": 3.38,
            "roe_4q": 18.16,
            "gross_profit": 72943,
            "gross_margin": 17.27,
            "gross_margin_4q_avg": 15.39,
            "net_income": 19420,
            "net_income_4q": null,
            "revenue": 422291,
            "revenue_4q": null,
            "common_shares": 372520,
            "book_valuer_per_share": 15.74,
            "book_valuer_per_share_4q_avg": 15.73,
            "equity": 586303,
            "current_ratio": 229.87,
            "debt_ratio": 36.89,
            "inventory_turnover_ratio": 4.64,
            "account_receivable_turnover_ratio": 1.02,
            "reinvestment_rate": 50.11,
            "research_to_sale_ratio": 0.92,
            "price_fair": 94.8,
            "eps_avg_yearly": 2.71,
            "eps_latest_yearly": 2.08,
            "eps_growth_yearly": 60.98
        },
        "20121": {
            "year_quarter": 20121,
            "year": 2012,
            "quarter": 1,
            "eps": 0.23,
            "eps_growth_year": -73.86,
            "eps_4q": 2.1,
            "eps_4q_growth_year": -18.28,
            "roe": 1.45,
            "roe_4q": 14.05,
            "gross_profit": 48845,
            "gross_margin": 15.63,
            "gross_margin_4q_avg": 16.29,
            "net_income": 8535,
            "net_income_4q": null,
            "revenue": 312480,
            "revenue_4q": null,
            "common_shares": 372520,
            "book_valuer_per_share": 15.95,
            "book_valuer_per_share_4q_avg": 15.66,
            "equity": 594342,
            "current_ratio": 209.64,
            "debt_ratio": 40.85,
            "inventory_turnover_ratio": 4,
            "account_receivable_turnover_ratio": 0.79,
            "reinvestment_rate": 45.45,
            "research_to_sale_ratio": 0.74,
            "price_fair": 86.3,
            "eps_avg_yearly": 2.47,
            "eps_latest_yearly": 0.92,
            "eps_growth_yearly": 46.31
        },
        "20122": {
            "year_quarter": 20122,
            "year": 2012,
            "quarter": 2,
            "eps": 0.24,
            "eps_growth_year": -60.28,
            "eps_4q": 1.67,
            "eps_4q_growth_year": -30.76,
            "roe": 1.64,
            "roe_4q": 11.55,
            "gross_profit": 36492,
            "gross_margin": 11.01,
            "gross_margin_4q_avg": 14.75,
            "net_income": 9392,
            "net_income_4q": null,
            "revenue": 331331,
            "revenue_4q": null,
            "common_shares": 372520,
            "book_valuer_per_share": 14.72,
            "book_valuer_per_share_4q_avg": 15.38,
            "equity": 548306,
            "current_ratio": 228.41,
            "debt_ratio": 36.49,
            "inventory_turnover_ratio": 5.86,
            "account_receivable_turnover_ratio": 0.94,
            "reinvestment_rate": 13.63,
            "research_to_sale_ratio": 0.82,
            "price_fair": 80.8,
            "eps_avg_yearly": 2.31,
            "eps_latest_yearly": 0.96,
            "eps_growth_yearly": 55.23
        },
        "20123": {
            "year_quarter": 20123,
            "year": 2012,
            "quarter": 3,
            "eps": 0.08,
            "eps_growth_year": -89.98,
            "eps_4q": 1.03,
            "eps_4q_growth_year": -59.68,
            "roe": 0.53,
            "roe_4q": 7,
            "gross_profit": 31901,
            "gross_margin": 12.04,
            "gross_margin_4q_avg": 13.99,
            "net_income": 2938,
            "net_income_4q": null,
            "revenue": 264879,
            "revenue_4q": null,
            "common_shares": 391146,
            "book_valuer_per_share": 14.06,
            "book_valuer_per_share_4q_avg": 15.12,
            "equity": 550127,
            "current_ratio": 376.46,
            "debt_ratio": 21.14,
            "inventory_turnover_ratio": 6.77,
            "account_receivable_turnover_ratio": 0.9,
            "reinvestment_rate": 16.03,
            "research_to_sale_ratio": 1.19,
            "price_fair": 72.9,
            "eps_avg_yearly": 2.08,
            "eps_latest_yearly": 0.32,
            "eps_growth_yearly": 33.29
        },
        "20124": {
            "year_quarter": 20124,
            "year": 2012,
            "quarter": 4,
            "eps": -0.06,
            "eps_growth_year": -112,
            "eps_4q": 0.47,
            "eps_4q_growth_year": -82.38,
            "roe": -0.45,
            "roe_4q": 3.17,
            "gross_profit": 27168,
            "gross_margin": 14.08,
            "gross_margin_4q_avg": 13.19,
            "net_income": -2446,
            "net_income_4q": null,
            "revenue": 193009,
            "revenue_4q": null,
            "common_shares": 391146,
            "book_valuer_per_share": 14.01,
            "book_valuer_per_share_4q_avg": 14.69,
            "equity": 548111,
            "current_ratio": 297.38,
            "debt_ratio": 27.16,
            "inventory_turnover_ratio": 4.55,
            "account_receivable_turnover_ratio": 0.81,
            "reinvestment_rate": 16.38,
            "research_to_sale_ratio": 1.47,
            "price_fair": 72.9,
            "eps_avg_yearly": 2.08,
            "eps_latest_yearly": 0.32,
            "eps_growth_yearly": 33.29
        },
        "20131": {
            "year_quarter": 20131,
            "year": 2013,
            "quarter": 1,
            "eps": 0.08,
            "eps_growth_year": -65.22,
            "eps_4q": 0.33,
            "eps_4q_growth_year": -84.16,
            "roe": 0.58,
            "roe_4q": 2.3,
            "gross_profit": 26654,
            "gross_margin": 14.77,
            "gross_margin_4q_avg": 12.98,
            "net_income": 3156,
            "net_income_4q": null,
            "revenue": 180418,
            "revenue_4q": null,
            "common_shares": 391146,
            "book_valuer_per_share": 14,
            "book_valuer_per_share_4q_avg": 14.2,
            "equity": 547649,
            "current_ratio": 348.56,
            "debt_ratio": 23.5,
            "inventory_turnover_ratio": 4.03,
            "account_receivable_turnover_ratio": 0.86,
            "reinvestment_rate": 24.62,
            "research_to_sale_ratio": 1.43,
            "price_fair": 72.9,
            "eps_avg_yearly": 2.08,
            "eps_latest_yearly": 0.32,
            "eps_growth_yearly": 33.29
        },
        "20132": {
            "year_quarter": 20132,
            "year": 2013,
            "quarter": 2,
            "eps": 0.05,
            "eps_growth_year": -79.18,
            "eps_4q": 0.14,
            "eps_4q_growth_year": -91.68,
            "roe": 0.34,
            "roe_4q": 1,
            "gross_profit": 29720,
            "gross_margin": 15.56,
            "gross_margin_4q_avg": 14.11,
            "net_income": 1784,
            "net_income_4q": null,
            "revenue": 190955,
            "revenue_4q": null,
            "common_shares": 391146,
            "book_valuer_per_share": 13.17,
            "book_valuer_per_share_4q_avg": 13.81,
            "equity": 515322,
            "current_ratio": 250.03,
            "debt_ratio": 32.83,
            "inventory_turnover_ratio": 3.34,
            "account_receivable_turnover_ratio": 0.91,
            "reinvestment_rate": 28.01,
            "research_to_sale_ratio": 1.6,
            "price_fair": 5.72,
            "eps_avg_yearly": 1.91,
            "eps_latest_yearly": 0.2,
            "eps_growth_yearly": -32.08
        },
        "20133": {
            "year_quarter": 20133,
            "year": 2013,
            "quarter": 3,
            "eps": 0.27,
            "eps_growth_year": 259.46,
            "eps_4q": 0.33,
            "eps_4q_growth_year": -67.5,
            "roe": 2.04,
            "roe_4q": 2.51,
            "gross_profit": 36731,
            "gross_margin": 16.33,
            "gross_margin_4q_avg": 15.19,
            "net_income": 10599,
            "net_income_4q": null,
            "revenue": 224881,
            "revenue_4q": null,
            "common_shares": 391146,
            "book_valuer_per_share": 13.42,
            "book_valuer_per_share_4q_avg": 13.65,
            "equity": 525042,
            "current_ratio": 270.02,
            "debt_ratio": 29.94,
            "inventory_turnover_ratio": 3.65,
            "account_receivable_turnover_ratio": 0.97,
            "reinvestment_rate": 29.84,
            "research_to_sale_ratio": 1.29,
            "price_fair": 63.8,
            "eps_avg_yearly": 1.82,
            "eps_latest_yearly": 1.08,
            "eps_growth_yearly": 98.32
        },
        "20134": {
            "year_quarter": 20134,
            "year": 2013,
            "quarter": 4,
            "eps": 0.33,
            "eps_growth_year": null,
            "eps_4q": 0.73,
            "eps_4q_growth_year": 53.98,
            "roe": 2.41,
            "roe_4q": 5.37,
            "gross_profit": 35868,
            "gross_margin": 17.23,
            "gross_margin_4q_avg": 15.97,
            "net_income": 12823,
            "net_income_4q": null,
            "revenue": 208154,
            "revenue_4q": null,
            "common_shares": 391146,
            "book_valuer_per_share": 13.8,
            "book_valuer_per_share_4q_avg": 13.6,
            "equity": 539961,
            "current_ratio": 288.07,
            "debt_ratio": 28.34,
            "inventory_turnover_ratio": 3.3,
            "account_receivable_turnover_ratio": 0.93,
            "reinvestment_rate": -5.96,
            "research_to_sale_ratio": 1.22,
            "price_fair": 60.8,
            "eps_avg_yearly": 1.74,
            "eps_latest_yearly": 1.32,
            "eps_growth_yearly": 101.1
        },
        "20141": {
            "year_quarter": 20141,
            "year": 2014,
            "quarter": 1,
            "eps": 0.24,
            "eps_growth_year": 200,
            "eps_4q": 0.88,
            "eps_4q_growth_year": 163.9,
            "roe": 1.69,
            "roe_4q": 6.4799999999999995,
            "gross_profit": 38909,
            "gross_margin": 17.33,
            "gross_margin_4q_avg": 16.61,
            "net_income": 9207,
            "net_income_4q": null,
            "revenue": 224493,
            "revenue_4q": null,
            "common_shares": 391146,
            "book_valuer_per_share": 14.06,
            "book_valuer_per_share_4q_avg": 13.61,
            "equity": 549944,
            "current_ratio": 226.76,
            "debt_ratio": 29.34,
            "inventory_turnover_ratio": 3.21,
            "account_receivable_turnover_ratio": 1.02,
            "reinvestment_rate": 51.47,
            "research_to_sale_ratio": 1.52,
            "price_fair": 58.9,
            "eps_avg_yearly": 1.68,
            "eps_latest_yearly": 0.96,
            "eps_growth_yearly": 102.38
        },
        "20142": {
            "year_quarter": 20142,
            "year": 2014,
            "quarter": 2,
            "eps": 0.37,
            "eps_growth_year": 640,
            "eps_4q": 1.21,
            "eps_4q_growth_year": 769.27,
            "roe": 2.69,
            "roe_4q": 8.83,
            "gross_profit": 46530,
            "gross_margin": 15.59,
            "gross_margin_4q_avg": 16.62,
            "net_income": 14590,
            "net_income_4q": null,
            "revenue": 298506,
            "revenue_4q": null,
            "common_shares": 391146,
            "book_valuer_per_share": 13.67,
            "book_valuer_per_share_4q_avg": 13.74,
            "equity": 534615,
            "current_ratio": 187.23,
            "debt_ratio": 37.17,
            "inventory_turnover_ratio": 4.05,
            "account_receivable_turnover_ratio": 1.15,
            "reinvestment_rate": 45.93,
            "research_to_sale_ratio": 1.03,
            "price_fair": 56.7,
            "eps_avg_yearly": 1.62,
            "eps_latest_yearly": 1.48,
            "eps_growth_yearly": 107.22
        },
        "20143": {
            "year_quarter": 20143,
            "year": 2014,
            "quarter": 3,
            "eps": 0.5,
            "eps_growth_year": 85.19,
            "eps_4q": 1.44,
            "eps_4q_growth_year": 330.46,
            "roe": 3.62,
            "roe_4q": 10.41,
            "gross_profit": 48440,
            "gross_margin": 15.73,
            "gross_margin_4q_avg": 16.47,
            "net_income": 19740,
            "net_income_4q": null,
            "revenue": 308014,
            "revenue_4q": null,
            "common_shares": 391146,
            "book_valuer_per_share": 14.23,
            "book_valuer_per_share_4q_avg": 13.94,
            "equity": 556476,
            "current_ratio": 182.46,
            "debt_ratio": 39.34,
            "inventory_turnover_ratio": 3.29,
            "account_receivable_turnover_ratio": 1.01,
            "reinvestment_rate": 48.69,
            "research_to_sale_ratio": 1.3,
            "price_fair": 55,
            "eps_avg_yearly": 1.57,
            "eps_latest_yearly": 2,
            "eps_growth_yearly": 113.39
        },
        "20144": {
            "year_quarter": 20144,
            "year": 2014,
            "quarter": 4,
            "eps": 0.46,
            "eps_growth_year": 39.12,
            "eps_4q": 1.57,
            "eps_4q_growth_year": 116.41,
            "roe": 3.14,
            "roe_4q": 11.139999999999999,
            "gross_profit": 44434,
            "gross_margin": 17.04,
            "gross_margin_4q_avg": 16.42,
            "net_income": 17840,
            "net_income_4q": null,
            "revenue": 260714,
            "revenue_4q": null,
            "common_shares": 391146,
            "book_valuer_per_share": 14.78,
            "book_valuer_per_share_4q_avg": 14.19,
            "equity": 578274,
            "current_ratio": 194.06,
            "debt_ratio": 36.22,
            "inventory_turnover_ratio": 2.59,
            "account_receivable_turnover_ratio": 0.84,
            "reinvestment_rate": 26.8,
            "research_to_sale_ratio": 1.17,
            "price_fair": 55.2,
            "eps_avg_yearly": 1.58,
            "eps_latest_yearly": 1.84,
            "eps_growth_yearly": 120.91
        },
        "20151": {
            "year_quarter": 20151,
            "year": 2015,
            "quarter": 1,
            "eps": 0.23,
            "eps_growth_year": -4.17,
            "eps_4q": 1.56,
            "eps_4q_growth_year": 77.55,
            "roe": 1.53,
            "roe_4q": 10.979999999999999,
            "gross_profit": 39395,
            "gross_margin": 18.59,
            "gross_margin_4q_avg": 16.74,
            "net_income": 8929,
            "net_income_4q": null,
            "revenue": 211916,
            "revenue_4q": null,
            "common_shares": 391146,
            "book_valuer_per_share": 14.98,
            "book_valuer_per_share_4q_avg": 14.42,
            "equity": 586036,
            "current_ratio": 228.7,
            "debt_ratio": 29.94,
            "inventory_turnover_ratio": 2.65,
            "account_receivable_turnover_ratio": 0.75,
            "reinvestment_rate": 4.54,
            "research_to_sale_ratio": 1.84,
            "price_fair": 48.7,
            "eps_avg_yearly": 1.39,
            "eps_latest_yearly": 0.92,
            "eps_growth_yearly": 78.05
        },
        "20152": {
            "year_quarter": 20152,
            "year": 2015,
            "quarter": 2,
            "eps": 0.19,
            "eps_growth_year": -48.65,
            "eps_4q": 1.37,
            "eps_4q_growth_year": 13.89,
            "roe": 1.28,
            "roe_4q": 9.57,
            "gross_profit": 42409,
            "gross_margin": 15.32,
            "gross_margin_4q_avg": 16.67,
            "net_income": 7270,
            "net_income_4q": null,
            "revenue": 276804,
            "revenue_4q": null,
            "common_shares": 391146,
            "book_valuer_per_share": 14.14,
            "book_valuer_per_share_4q_avg": 14.53,
            "equity": 553167,
            "current_ratio": 183.69,
            "debt_ratio": 38.22,
            "inventory_turnover_ratio": 4.1,
            "account_receivable_turnover_ratio": 1.05,
            "reinvestment_rate": 11.15,
            "research_to_sale_ratio": 1.49,
            "price_fair": 44.6,
            "eps_avg_yearly": 1.27,
            "eps_latest_yearly": 0.76,
            "eps_growth_yearly": 82.17
        },
        "20153": {
            "year_quarter": 20153,
            "year": 2015,
            "quarter": 3,
            "eps": 0.32,
            "eps_growth_year": -36,
            "eps_4q": 1.19,
            "eps_4q_growth_year": -17.12,
            "roe": 2.25,
            "roe_4q": 8.200000000000001,
            "gross_profit": 41333,
            "gross_margin": 16.21,
            "gross_margin_4q_avg": 16.79,
            "net_income": 12670,
            "net_income_4q": null,
            "revenue": 254926,
            "revenue_4q": null,
            "common_shares": 391146,
            "book_valuer_per_share": 14.64,
            "book_valuer_per_share_4q_avg": 14.64,
            "equity": 572555,
            "current_ratio": 206.09,
            "debt_ratio": 33.84,
            "inventory_turnover_ratio": 3.24,
            "account_receivable_turnover_ratio": 0.97,
            "reinvestment_rate": 10.29,
            "research_to_sale_ratio": 1.68,
            "price_fair": 40.3,
            "eps_avg_yearly": 1.15,
            "eps_latest_yearly": 1.28,
            "eps_growth_yearly": 94.58
        },
        "20154": {
            "year_quarter": 20154,
            "year": 2015,
            "quarter": 4,
            "eps": 0.37,
            "eps_growth_year": -19.05,
            "eps_4q": 1.11,
            "eps_4q_growth_year": -29.44,
            "roe": 2.5,
            "roe_4q": 7.5600000000000005,
            "gross_profit": 44415,
            "gross_margin": 17.62,
            "gross_margin_4q_avg": 16.94,
            "net_income": 14441,
            "net_income_4q": null,
            "revenue": 252074,
            "revenue_4q": null,
            "common_shares": 391146,
            "book_valuer_per_share": 14.84,
            "book_valuer_per_share_4q_avg": 14.65,
            "equity": 580438,
            "current_ratio": 215.87,
            "debt_ratio": 32.57,
            "inventory_turnover_ratio": 3.3,
            "account_receivable_turnover_ratio": 0.94,
            "reinvestment_rate": 27.43,
            "research_to_sale_ratio": 1.18,
            "price_fair": 38.8,
            "eps_avg_yearly": 1.11,
            "eps_latest_yearly": 1.48,
            "eps_growth_yearly": 107.81
        },
        "20161": {
            "year_quarter": 20161,
            "year": 2016,
            "quarter": 1,
            "eps": 0.17,
            "eps_growth_year": -26.09,
            "eps_4q": 1.05,
            "eps_4q_growth_year": -32.66,
            "roe": 1.16,
            "roe_4q": 7.19,
            "gross_profit": 38698,
            "gross_margin": 18.65,
            "gross_margin_4q_avg": 16.95,
            "net_income": 6765,
            "net_income_4q": null,
            "revenue": 207447,
            "revenue_4q": null,
            "common_shares": 391146,
            "book_valuer_per_share": 14.98,
            "book_valuer_per_share_4q_avg": 14.65,
            "equity": 585839,
            "current_ratio": 221.03,
            "debt_ratio": 31.98,
            "inventory_turnover_ratio": 2.75,
            "account_receivable_turnover_ratio": 0.79,
            "reinvestment_rate": 41.78,
            "research_to_sale_ratio": 1.71,
            "price_fair": 38.2,
            "eps_avg_yearly": 1.09,
            "eps_latest_yearly": 0.68,
            "eps_growth_yearly": 108.3
        },
        "20162": {
            "year_quarter": 20162,
            "year": 2016,
            "quarter": 2,
            "eps": 0.36,
            "eps_growth_year": 89.47,
            "eps_4q": 1.22,
            "eps_4q_growth_year": -11.16,
            "roe": 2.43,
            "roe_4q": 8.34,
            "gross_profit": 46085,
            "gross_margin": 20,
            "gross_margin_4q_avg": 18.12,
            "net_income": 13900,
            "net_income_4q": null,
            "revenue": 230394,
            "revenue_4q": null,
            "common_shares": 391146,
            "book_valuer_per_share": 14.3,
            "book_valuer_per_share_4q_avg": 14.69,
            "equity": 559402,
            "current_ratio": 215.2,
            "debt_ratio": 32.27,
            "inventory_turnover_ratio": 2.86,
            "account_receivable_turnover_ratio": 0.89,
            "reinvestment_rate": 98.12,
            "research_to_sale_ratio": 1.47,
            "price_fair": 39.4,
            "eps_avg_yearly": 1.13,
            "eps_latest_yearly": 1.44,
            "eps_growth_yearly": 138.99
        },
        "20163": {
            "year_quarter": 20163,
            "year": 2016,
            "quarter": 3,
            "eps": 0.21,
            "eps_growth_year": -34.38,
            "eps_4q": 1.11,
            "eps_4q_growth_year": -7.1,
            "roe": 1.48,
            "roe_4q": 7.57,
            "gross_profit": 41446,
            "gross_margin": 17.61,
            "gross_margin_4q_avg": 18.47,
            "net_income": 8288,
            "net_income_4q": null,
            "revenue": 235368,
            "revenue_4q": null,
            "common_shares": 391146,
            "book_valuer_per_share": 14.4,
            "book_valuer_per_share_4q_avg": 14.63,
            "equity": 563330,
            "current_ratio": 217.16,
            "debt_ratio": 32.3,
            "inventory_turnover_ratio": 3.32,
            "account_receivable_turnover_ratio": 0.82,
            "reinvestment_rate": 91.58,
            "research_to_sale_ratio": 1.42,
            "price_fair": 40.7,
            "eps_avg_yearly": 1.16,
            "eps_latest_yearly": 0.84,
            "eps_growth_yearly": 146.13
        },
        "20164": {
            "year_quarter": 20164,
            "year": 2016,
            "quarter": 4,
            "eps": 0.42,
            "eps_growth_year": 13.07,
            "eps_4q": 1.16,
            "eps_4q_growth_year": 4.55,
            "roe": 2.86,
            "roe_4q": 7.93,
            "gross_profit": 45760,
            "gross_margin": 19.38,
            "gross_margin_4q_avg": 18.91,
            "net_income": 16328,
            "net_income_4q": null,
            "revenue": 236109,
            "revenue_4q": null,
            "common_shares": 391146,
            "book_valuer_per_share": 14.76,
            "book_valuer_per_share_4q_avg": 14.61,
            "equity": 577419,
            "current_ratio": 202.41,
            "debt_ratio": 34.01,
            "inventory_turnover_ratio": 3.62,
            "account_receivable_turnover_ratio": 0.77,
            "reinvestment_rate": 97.56,
            "research_to_sale_ratio": 0.48,
            "price_fair": 41.91,
            "eps_avg_yearly": 1.2,
            "eps_latest_yearly": 1.68,
            "eps_growth_yearly": 163.05
        },
        "20171": {
            "year_quarter": 20171,
            "year": 2017,
            "quarter": 1,
            "eps": 0.25,
            "eps_growth_year": 47.06,
            "eps_4q": 1.23,
            "eps_4q_growth_year": 17.17,
            "roe": 1.67,
            "roe_4q": 8.44,
            "gross_profit": 45775,
            "gross_margin": 20.37,
            "gross_margin_4q_avg": 19.34,
            "net_income": 9693,
            "net_income_4q": null,
            "revenue": 224723,
            "revenue_4q": null,
            "common_shares": 391146,
            "book_valuer_per_share": 14.84,
            "book_valuer_per_share_4q_avg": 14.58,
            "equity": 580624,
            "current_ratio": 221.89,
            "debt_ratio": 30.71,
            "inventory_turnover_ratio": 3.43,
            "account_receivable_turnover_ratio": 0.75,
            "reinvestment_rate": 82.18,
            "research_to_sale_ratio": 1.57,
            "price_fair": 41.48,
            "eps_avg_yearly": 1.19,
            "eps_latest_yearly": 1,
            "eps_growth_yearly": 142.74
        },
        "20172": {
            "year_quarter": 20172,
            "year": 2017,
            "quarter": 2,
            "eps": 0.28,
            "eps_growth_year": -22.22,
            "eps_4q": 1.16,
            "eps_4q_growth_year": -4.99,
            "roe": 1.95,
            "roe_4q": 7.960000000000001,
            "gross_profit": 42725,
            "gross_margin": 17.75,
            "gross_margin_4q_avg": 18.78,
            "net_income": 11084,
            "net_income_4q": null,
            "revenue": 240721,
            "revenue_4q": null,
            "common_shares": 391146,
            "book_valuer_per_share": 14.16,
            "book_valuer_per_share_4q_avg": 14.54,
            "equity": 553787,
            "current_ratio": 204.2,
            "debt_ratio": 33.08,
            "inventory_turnover_ratio": 3.79,
            "account_receivable_turnover_ratio": 0.79,
            "reinvestment_rate": 76.64,
            "research_to_sale_ratio": 1.48,
            "price_fair": 43.49,
            "eps_avg_yearly": 1.24,
            "eps_latest_yearly": 1.12,
            "eps_growth_yearly": 155.12
        },
        "20173": {
            "year_quarter": 20173,
            "year": 2017,
            "quarter": 3,
            "eps": 0.34,
            "eps_growth_year": 61.9,
            "eps_4q": 1.28,
            "eps_4q_growth_year": 15.7,
            "roe": 2.34,
            "roe_4q": 8.82,
            "gross_profit": 47543,
            "gross_margin": 21.53,
            "gross_margin_4q_avg": 19.76,
            "net_income": 13104,
            "net_income_4q": null,
            "revenue": 220772,
            "revenue_4q": null,
            "common_shares": 391146,
            "book_valuer_per_share": 14.51,
            "book_valuer_per_share_4q_avg": 14.57,
            "equity": 567615,
            "current_ratio": 220.48,
            "debt_ratio": 30.81,
            "inventory_turnover_ratio": 3.09,
            "account_receivable_turnover_ratio": 0.73,
            "reinvestment_rate": 74.46,
            "research_to_sale_ratio": 1.43,
            "price_fair": 44.1,
            "eps_avg_yearly": 1.26,
            "eps_latest_yearly": 1.36,
            "eps_growth_yearly": 50.48
        },
        "20174": {
            "year_quarter": 20174,
            "year": 2017,
            "quarter": 4,
            "eps": 0.36,
            "eps_growth_year": -14.78,
            "eps_4q": 1.22,
            "eps_4q_growth_year": 5.55,
            "roe": 2.42,
            "roe_4q": 8.379999999999999,
            "gross_profit": 48656,
            "gross_margin": 22.51,
            "gross_margin_4q_avg": 20.54,
            "net_income": 13914,
            "net_income_4q": null,
            "revenue": 216149,
            "revenue_4q": null,
            "common_shares": 391146,
            "book_valuer_per_share": 14.84,
            "book_valuer_per_share_4q_avg": 14.59,
            "equity": 580457,
            "current_ratio": 215.82,
            "debt_ratio": 32.47,
            "inventory_turnover_ratio": 2.41,
            "account_receivable_turnover_ratio": 0.73,
            "reinvestment_rate": 72.38,
            "research_to_sale_ratio": 1.71,
            "price_fair": 44.36,
            "eps_avg_yearly": 1.27,
            "eps_latest_yearly": 1.44,
            "eps_growth_yearly": 46.39
        },
        "20181": {
            "year_quarter": 20181,
            "year": 2018,
            "quarter": 1,
            "eps": 0.22,
            "eps_growth_year": -12,
            "eps_4q": 1.19,
            "eps_4q_growth_year": -3.18,
            "roe": 1.45,
            "roe_4q": 8.16,
            "gross_profit": 43014,
            "gross_margin": 20.39,
            "gross_margin_4q_avg": 20.55,
            "net_income": 8576,
            "net_income_4q": null,
            "revenue": 210923,
            "revenue_4q": null,
            "common_shares": 391146,
            "book_valuer_per_share": 15.5,
            "book_valuer_per_share_4q_avg": 14.75,
            "equity": 606232,
            "current_ratio": 264.28,
            "debt_ratio": 25.66,
            "inventory_turnover_ratio": 2.73,
            "account_receivable_turnover_ratio": 0.72,
            "reinvestment_rate": -9.52,
            "research_to_sale_ratio": 1.76,
            "price_fair": 44.19,
            "eps_avg_yearly": 1.26,
            "eps_latest_yearly": 0.88,
            "eps_growth_yearly": 43.49
        },
        "20182": {
            "year_quarter": 20182,
            "year": 2018,
            "quarter": 2,
            "eps": 0.5,
            "eps_growth_year": 78.57,
            "eps_4q": 1.41,
            "eps_4q_growth_year": 21.35,
            "roe": 3.25,
            "roe_4q": 9.46,
            "gross_profit": 52691,
            "gross_margin": 26.73,
            "gross_margin_4q_avg": 22.79,
            "net_income": 19492,
            "net_income_4q": null,
            "revenue": 197092,
            "revenue_4q": null,
            "common_shares": 391146,
            "book_valuer_per_share": 15.14,
            "book_valuer_per_share_4q_avg": 15,
            "equity": 592164,
            "current_ratio": 220.82,
            "debt_ratio": 30.89,
            "inventory_turnover_ratio": 2.88,
            "account_receivable_turnover_ratio": 0.67,
            "reinvestment_rate": -8.06,
            "research_to_sale_ratio": 2,
            "price_fair": 45.33,
            "eps_avg_yearly": 1.3,
            "eps_latest_yearly": 2,
            "eps_growth_yearly": 61.76
        },
        "20183": {
            "year_quarter": 20183,
            "year": 2018,
            "quarter": 3,
            "eps": 0.44,
            "eps_growth_year": 29.41,
            "eps_4q": 1.52,
            "eps_4q_growth_year": 18.14,
            "roe": 2.91,
            "roe_4q": 10.030000000000001,
            "gross_profit": 59164,
            "gross_margin": 26.03,
            "gross_margin_4q_avg": 23.92,
            "net_income": 17337,
            "net_income_4q": null,
            "revenue": 227302,
            "revenue_4q": null,
            "common_shares": 391146,
            "book_valuer_per_share": 15.37,
            "book_valuer_per_share_4q_avg": 15.21,
            "equity": 601278,
            "current_ratio": 236.65,
            "debt_ratio": 29.02,
            "inventory_turnover_ratio": 3.36,
            "account_receivable_turnover_ratio": 0.72,
            "reinvestment_rate": -9.06,
            "research_to_sale_ratio": 2.17,
            "price_fair": 44.8,
            "eps_avg_yearly": 1.28,
            "eps_latest_yearly": 1.76,
            "eps_growth_yearly": 49.98
        },
        "20184": {
            "year_quarter": 20184,
            "year": 2018,
            "quarter": 4,
            "eps": 0.36,
            "eps_growth_year": 1.35,
            "eps_4q": 1.52,
            "eps_4q_growth_year": 24.5,
            "roe": 2.25,
            "roe_4q": 9.86,
            "gross_profit": 56871,
            "gross_margin": 28.56,
            "gross_margin_4q_avg": 25.43,
            "net_income": 14102,
            "net_income_4q": null,
            "revenue": 199095,
            "revenue_4q": null,
            "common_shares": 391146,
            "book_valuer_per_share": 16.63,
            "book_valuer_per_share_4q_avg": 15.66,
            "equity": 650435,
            "current_ratio": 233.74,
            "debt_ratio": 28.69,
            "inventory_turnover_ratio": 2.8,
            "account_receivable_turnover_ratio": 0.6,
            "reinvestment_rate": -13.23,
            "research_to_sale_ratio": 2.37,
            "price_fair": 43.93,
            "eps_avg_yearly": 1.26,
            "eps_latest_yearly": 1.44,
            "eps_growth_yearly": 47.43
        },
        "20191": {
            "year_quarter": 20191,
            "year": 2019,
            "quarter": 1,
            "eps": 0.45,
            "eps_growth_year": 104.55,
            "eps_4q": 1.75,
            "eps_4q_growth_year": 46.61,
            "roe": 2.69,
            "roe_4q": 11.1,
            "gross_profit": 51825,
            "gross_margin": 28.08,
            "gross_margin_4q_avg": 27.35,
            "net_income": 17504,
            "net_income_4q": null,
            "revenue": 184567,
            "revenue_4q": null,
            "common_shares": 391146,
            "book_valuer_per_share": 16.7,
            "book_valuer_per_share_4q_avg": 15.96,
            "equity": 653297,
            "current_ratio": 251.46,
            "debt_ratio": 27.44,
            "inventory_turnover_ratio": 2.75,
            "account_receivable_turnover_ratio": 0.56,
            "reinvestment_rate": -9.82,
            "research_to_sale_ratio": 2.39,
            "price_fair": 45.85,
            "eps_avg_yearly": 1.31,
            "eps_latest_yearly": 1.8,
            "eps_growth_yearly": 66.18
        },
        "20192": {
            "year_quarter": 20192,
            "year": 2019,
            "quarter": 2,
            "eps": 0.85,
            "eps_growth_year": 70,
            "eps_4q": 2.1,
            "eps_4q_growth_year": 49.31,
            "roe": 5.15,
            "roe_4q": 13,
            "gross_profit": 62772,
            "gross_margin": 30.69,
            "gross_margin_4q_avg": 28.34,
            "net_income": 33307,
            "net_income_4q": null,
            "revenue": 204552,
            "revenue_4q": null,
            "common_shares": 391146,
            "book_valuer_per_share": 16.35,
            "book_valuer_per_share_4q_avg": 16.26,
            "equity": 639646,
            "current_ratio": 218.97,
            "debt_ratio": 31.99,
            "inventory_turnover_ratio": 3.39,
            "account_receivable_turnover_ratio": 0.6,
            "reinvestment_rate": -7.56,
            "research_to_sale_ratio": 2.03,
            "price_fair": 51.63,
            "eps_avg_yearly": 1.48,
            "eps_latest_yearly": 3.4,
            "eps_growth_yearly": 92.75
        },
        "20193": {
            "year_quarter": 20193,
            "year": 2019,
            "quarter": 3,
            "eps": 0.66,
            "eps_growth_year": 50,
            "eps_4q": 2.32,
            "eps_4q_growth_year": 52.97,
            "roe": 3.93,
            "roe_4q": 14.02,
            "gross_profit": 63406,
            "gross_margin": 30.56,
            "gross_margin_4q_avg": 29.47,
            "net_income": 25827,
            "net_income_4q": null,
            "revenue": 207472,
            "revenue_4q": null,
            "common_shares": 391146,
            "book_valuer_per_share": 17.21,
            "book_valuer_per_share_4q_avg": 16.72,
            "equity": 673225,
            "current_ratio": 193.92,
            "debt_ratio": 33.62,
            "inventory_turnover_ratio": 3.54,
            "account_receivable_turnover_ratio": 0.53,
            "reinvestment_rate": 32.77,
            "research_to_sale_ratio": 2.15,
            "price_fair": 54.6,
            "eps_avg_yearly": 1.56,
            "eps_latest_yearly": 2.64,
            "eps_growth_yearly": 70.06
        },
        "20194": {
            "year_quarter": 20194,
            "year": 2019,
            "quarter": 4,
            "eps": 0.72,
            "eps_growth_year": 99.5,
            "eps_4q": 2.68,
            "eps_4q_growth_year": 76.07,
            "roe": 4.11,
            "roe_4q": 15.88,
            "gross_profit": 69409,
            "gross_margin": 33.49,
            "gross_margin_4q_avg": 30.71,
            "net_income": 28134,
            "net_income_4q": null,
            "revenue": 207249,
            "revenue_4q": null,
            "common_shares": 391146,
            "book_valuer_per_share": 17.78,
            "book_valuer_per_share_4q_avg": 17.01,
            "equity": 695438,
            "current_ratio": 172.45,
            "debt_ratio": 38.92,
            "inventory_turnover_ratio": 3.28,
            "account_receivable_turnover_ratio": 0.56,
            "reinvestment_rate": 37.01,
            "research_to_sale_ratio": 1.38,
            "price_fair": 57.66,
            "eps_avg_yearly": 1.65,
            "eps_latest_yearly": 2.88,
            "eps_growth_yearly": 68.43
        },
        "20201": {
            "year_quarter": 20201,
            "year": 2020,
            "quarter": 1,
            "eps": 0.78,
            "eps_growth_year": 73.33,
            "eps_4q": 3.01,
            "eps_4q_growth_year": 72.08,
            "roe": 4.29,
            "roe_4q": 17.48,
            "gross_profit": 67007,
            "gross_margin": 31.14,
            "gross_margin_4q_avg": 31.47,
            "net_income": 30495,
            "net_income_4q": null,
            "revenue": 215204,
            "revenue_4q": null,
            "common_shares": 391146,
            "book_valuer_per_share": 18.55,
            "book_valuer_per_share_4q_avg": 17.47,
            "equity": 725522,
            "current_ratio": 161.9,
            "debt_ratio": 43.28,
            "inventory_turnover_ratio": 3.25,
            "account_receivable_turnover_ratio": 0.6,
            "reinvestment_rate": 36.52,
            "research_to_sale_ratio": 2.81,
            "price_fair": 63,
            "eps_avg_yearly": 1.8,
            "eps_latest_yearly": 3.12,
            "eps_growth_yearly": 84.02
        },
        "20202": {
            "year_quarter": 20202,
            "year": 2020,
            "quarter": 2,
            "eps": 0.72,
            "eps_growth_year": -15.29,
            "eps_4q": 2.88,
            "eps_4q_growth_year": 37.06,
            "roe": 4.02,
            "roe_4q": 16.349999999999998,
            "gross_profit": 69397,
            "gross_margin": 31.07,
            "gross_margin_4q_avg": 31.57,
            "net_income": 28276,
            "net_income_4q": null,
            "revenue": 223336,
            "revenue_4q": null,
            "common_shares": 391146,
            "book_valuer_per_share": 17.39,
            "book_valuer_per_share_4q_avg": 17.73,
            "equity": 680262,
            "current_ratio": 160.59,
            "debt_ratio": 43.28,
            "inventory_turnover_ratio": 3.2,
            "account_receivable_turnover_ratio": 0.53,
            "reinvestment_rate": 30.11,
            "research_to_sale_ratio": 2.35,
            "price_fair": 66.15,
            "eps_avg_yearly": 1.89,
            "eps_latest_yearly": 2.88,
            "eps_growth_yearly": 54.16
        },
        "20203": {
            "year_quarter": 20203,
            "year": 2020,
            "quarter": 3,
            "eps": 0.7,
            "eps_growth_year": 6.06,
            "eps_4q": 2.92,
            "eps_4q_growth_year": 26.05,
            "roe": 3.94,
            "roe_4q": 16.36,
            "gross_profit": 65092,
            "gross_margin": 26.77,
            "gross_margin_4q_avg": 30.62,
            "net_income": 27475,
            "net_income_4q": null,
            "revenue": 243129,
            "revenue_4q": null,
            "common_shares": 391146,
            "book_valuer_per_share": 18.26,
            "book_valuer_per_share_4q_avg": 18,
            "equity": 714237,
            "current_ratio": 167.38,
            "debt_ratio": 40.49,
            "inventory_turnover_ratio": 3.61,
            "account_receivable_turnover_ratio": 0.51,
            "reinvestment_rate": 31.06,
            "research_to_sale_ratio": 2.08,
            "price_fair": 70.44,
            "eps_avg_yearly": 2.01,
            "eps_latest_yearly": 2.8,
            "eps_growth_yearly": 63.88
        },
        "20204": {
            "year_quarter": 20204,
            "year": 2020,
            "quarter": 4,
            "eps": 0.52,
            "eps_growth_year": -28.25,
            "eps_4q": 2.72,
            "eps_4q_growth_year": 1.58,
            "roe": 2.78,
            "roe_4q": 15.029999999999998,
            "gross_profit": 67978,
            "gross_margin": 24.04,
            "gross_margin_4q_avg": 28.26,
            "net_income": 20185,
            "net_income_4q": null,
            "revenue": 282788,
            "revenue_4q": null,
            "common_shares": 391146,
            "book_valuer_per_share": 18.84,
            "book_valuer_per_share_4q_avg": 18.26,
            "equity": 736913,
            "current_ratio": 161.54,
            "debt_ratio": 43.4,
            "inventory_turnover_ratio": 4.32,
            "account_receivable_turnover_ratio": 0.51,
            "reinvestment_rate": 23.17,
            "research_to_sale_ratio": 1.71,
            "price_fair": 71.31,
            "eps_avg_yearly": 2.04,
            "eps_latest_yearly": 2.08,
            "eps_growth_yearly": 32.45
        },
        "20211": {
            "year_quarter": 20211,
            "year": 2021,
            "quarter": 1,
            "eps": 0.68,
            "eps_growth_year": -12.82,
            "eps_4q": 2.63,
            "eps_4q_growth_year": -12.81,
            "roe": 3.56,
            "roe_4q": 14.299999999999999,
            "gross_profit": 69025,
            "gross_margin": 23.89,
            "gross_margin_4q_avg": 26.44,
            "net_income": 26741,
            "net_income_4q": null,
            "revenue": 288922,
            "revenue_4q": null,
            "common_shares": 391146,
            "book_valuer_per_share": 19.52,
            "book_valuer_per_share_4q_avg": 18.5,
            "equity": 763665,
            "current_ratio": 163.4,
            "debt_ratio": 43.28,
            "inventory_turnover_ratio": 4.44,
            "account_receivable_turnover_ratio": 0.48,
            "reinvestment_rate": 24.67,
            "research_to_sale_ratio": 2.09,
            "price_fair": 75.08,
            "eps_avg_yearly": 2.15,
            "eps_latest_yearly": 2.72,
            "eps_growth_yearly": 50.26
        },
        "20212": {
            "year_quarter": 20212,
            "year": 2021,
            "quarter": 2,
            "eps": 0.74,
            "eps_growth_year": 2.78,
            "eps_4q": 2.64,
            "eps_4q_growth_year": -8.53,
            "roe": 3.87,
            "roe_4q": 14.149999999999999,
            "gross_profit": 75338,
            "gross_margin": 23.21,
            "gross_margin_4q_avg": 24.48,
            "net_income": 28720,
            "net_income_4q": null,
            "revenue": 324538,
            "revenue_4q": null,
            "common_shares": 391146,
            "book_valuer_per_share": 18.41,
            "book_valuer_per_share_4q_avg": 18.76,
            "equity": 720257,
            "current_ratio": 148.52,
            "debt_ratio": 48.5,
            "inventory_turnover_ratio": 5.17,
            "account_receivable_turnover_ratio": 0.51,
            "reinvestment_rate": 21.72,
            "research_to_sale_ratio": 1.9,
            "price_fair": 79.1,
            "eps_avg_yearly": 2.26,
            "eps_latest_yearly": 2.96,
            "eps_growth_yearly": 49.47
        },
        "20213": {
            "year_quarter": 20213,
            "year": 2021,
            "quarter": 3,
            "eps": 1.1,
            "eps_growth_year": 57.14,
            "eps_4q": 3.04,
            "eps_4q_growth_year": 3.92,
            "roe": 5.83,
            "roe_4q": 16.04,
            "gross_profit": 81164,
            "gross_margin": 26.22,
            "gross_margin_4q_avg": 24.34,
            "net_income": 43215,
            "net_income_4q": null,
            "revenue": 309496,
            "revenue_4q": null,
            "common_shares": 391146,
            "book_valuer_per_share": 19.51,
            "book_valuer_per_share_4q_avg": 19.07,
            "equity": 763167,
            "current_ratio": 160.37,
            "debt_ratio": 44.58,
            "inventory_turnover_ratio": 4.26,
            "account_receivable_turnover_ratio": 0.46,
            "reinvestment_rate": 21.96,
            "research_to_sale_ratio": 2.22,
            "price_fair": 85.75,
            "eps_avg_yearly": 2.45,
            "eps_latest_yearly": 4.4,
            "eps_growth_yearly": 56.28
        },
        "20214": {
            "year_quarter": 20214,
            "year": 2021,
            "quarter": 4,
            "eps": 0.91,
            "eps_growth_year": 77.12,
            "eps_4q": 3.44,
            "eps_4q_growth_year": 26.31,
            "roe": 4.55,
            "roe_4q": 17.81,
            "gross_profit": 84930,
            "gross_margin": 28.7,
            "gross_margin_4q_avg": 25.51,
            "net_income": 35752,
            "net_income_4q": null,
            "revenue": 295963,
            "revenue_4q": null,
            "common_shares": 391146,
            "book_valuer_per_share": 20.64,
            "book_valuer_per_share_4q_avg": 19.52,
            "equity": 807164,
            "current_ratio": 180.81,
            "debt_ratio": 38.58,
            "inventory_turnover_ratio": 3.27,
            "account_receivable_turnover_ratio": 0.49,
            "reinvestment_rate": 22.55,
            "research_to_sale_ratio": 2.25,
            "price_fair": 90.56,
            "eps_avg_yearly": 2.59,
            "eps_latest_yearly": 3.64,
            "eps_growth_yearly": 50.49
        },
        "20221": {
            "year_quarter": 20221,
            "year": 2022,
            "quarter": 1,
            "eps": 1.3,
            "eps_growth_year": 91.18,
            "eps_4q": 4.05,
            "eps_4q_growth_year": 54.38,
            "roe": 6.08,
            "roe_4q": 20.330000000000002,
            "gross_profit": 78226,
            "gross_margin": 26.51,
            "gross_margin_4q_avg": 26.16,
            "net_income": 50822,
            "net_income_4q": null,
            "revenue": 295062,
            "revenue_4q": null,
            "common_shares": 391146,
            "book_valuer_per_share": 22.12,
            "book_valuer_per_share_4q_avg": 20.17,
            "equity": 865271,
            "current_ratio": 200.14,
            "debt_ratio": 34.7,
            "inventory_turnover_ratio": 2.83,
            "account_receivable_turnover_ratio": 0.57,
            "reinvestment_rate": 32.64,
            "research_to_sale_ratio": 2.19,
            "price_fair": 100.01,
            "eps_avg_yearly": 2.86,
            "eps_latest_yearly": 5.2,
            "eps_growth_yearly": 70.92
        },
        "20222": {
            "year_quarter": 20222,
            "year": 2022,
            "quarter": 2,
            "eps": 1.58,
            "eps_growth_year": 113.51,
            "eps_4q": 4.9,
            "eps_4q_growth_year": 85.94,
            "roe": 7.28,
            "roe_4q": 23.740000000000002,
            "gross_profit": 85502,
            "gross_margin": 28.98,
            "gross_margin_4q_avg": 27.6,
            "net_income": 61955,
            "net_income_4q": null,
            "revenue": 294989,
            "revenue_4q": null,
            "common_shares": 391146,
            "book_valuer_per_share": 21.37,
            "book_valuer_per_share_4q_avg": 20.91,
            "equity": 835911,
            "current_ratio": 172.48,
            "debt_ratio": 40.88,
            "inventory_turnover_ratio": 2.55,
            "account_receivable_turnover_ratio": 0.6,
            "reinvestment_rate": 30.58,
            "research_to_sale_ratio": 2.56,
            "price_fair": 109.46,
            "eps_avg_yearly": 3.13,
            "eps_latest_yearly": 6.32,
            "eps_growth_yearly": 44.49
        },
        "20223": {
            "year_quarter": 20223,
            "year": 2022,
            "quarter": 3,
            "eps": 1.52,
            "eps_growth_year": 38.18,
            "eps_4q": 5.32,
            "eps_4q_growth_year": 75.04,
            "roe": 6.85,
            "roe_4q": 24.76,
            "gross_profit": 75974,
            "gross_margin": 32.64,
            "gross_margin_4q_avg": 29.21,
            "net_income": 59531,
            "net_income_4q": null,
            "revenue": 232749,
            "revenue_4q": null,
            "common_shares": 391146,
            "book_valuer_per_share": 23.04,
            "book_valuer_per_share_4q_avg": 21.79,
            "equity": 901186,
            "current_ratio": 206.15,
            "debt_ratio": 33.47,
            "inventory_turnover_ratio": 2.17,
            "account_receivable_turnover_ratio": 0.51,
            "reinvestment_rate": 31.41,
            "research_to_sale_ratio": 3.21,
            "price_fair": 118.91,
            "eps_avg_yearly": 3.4,
            "eps_latest_yearly": 6.08,
            "eps_growth_yearly": 46.54
        },
        "20224": {
            "year_quarter": 20224,
            "year": 2022,
            "quarter": 4,
            "eps": 0.61,
            "eps_growth_year": -33.8,
            "eps_4q": 5.01,
            "eps_4q_growth_year": 45.79,
            "roe": 2.6,
            "roe_4q": 22.810000000000002,
            "gross_profit": 71247,
            "gross_margin": 29.99,
            "gross_margin_4q_avg": 29.53,
            "net_income": 23668,
            "net_income_4q": null,
            "revenue": 237598,
            "revenue_4q": null,
            "common_shares": 391146,
            "book_valuer_per_share": 23.53,
            "book_valuer_per_share_4q_avg": 22.52,
            "equity": 920263,
            "current_ratio": 193.18,
            "debt_ratio": 35.63,
            "inventory_turnover_ratio": 2.62,
            "account_receivable_turnover_ratio": 0.48,
            "reinvestment_rate": 31.87,
            "research_to_sale_ratio": 4.12,
            "price_fair": 121.1,
            "eps_avg_yearly": 3.46,
            "eps_latest_yearly": 2.44,
            "eps_growth_yearly": 36.12
        },
        "20231": {
            "year_quarter": 20231,
            "year": 2023,
            "quarter": 1,
            "eps": 0.52,
            "eps_growth_year": -60,
            "eps_4q": 3.77,
            "eps_4q_growth_year": -6.92,
            "roe": 2.18,
            "roe_4q": 18.91,
            "gross_profit": 56697,
            "gross_margin": 26.9,
            "gross_margin_4q_avg": 29.63,
            "net_income": 21252,
            "net_income_4q": null,
            "revenue": 210797,
            "revenue_4q": null,
            "common_shares": 441146,
            "book_valuer_per_share": 23.26,
            "book_valuer_per_share_4q_avg": 22.8,
            "equity": 1026182,
            "current_ratio": 224.7,
            "debt_ratio": 31.24,
            "inventory_turnover_ratio": 2.35,
            "account_receivable_turnover_ratio": 0.43,
            "reinvestment_rate": 32.84,
            "research_to_sale_ratio": 5.2,
            "price_fair": 121.71,
            "eps_avg_yearly": 3.48,
            "eps_latest_yearly": 2.08,
            "eps_growth_yearly": 26.18
        },
        "20232": {
            "year_quarter": 20232,
            "year": 2023,
            "quarter": 2,
            "eps": 0.72,
            "eps_growth_year": -54.43,
            "eps_4q": 3.09,
            "eps_4q_growth_year": -37.05,
            "roe": 3.06,
            "roe_4q": 14.69,
            "gross_profit": 67128,
            "gross_margin": 25.79,
            "gross_margin_4q_avg": 28.83,
            "net_income": 31684,
            "net_income_4q": null,
            "revenue": 260322,
            "revenue_4q": null,
            "common_shares": 441146,
            "book_valuer_per_share": 23.75,
            "book_valuer_per_share_4q_avg": 23.4,
            "equity": 1047831,
            "current_ratio": 228.57,
            "debt_ratio": 31.31,
            "inventory_turnover_ratio": 2.94,
            "account_receivable_turnover_ratio": 0.55,
            "reinvestment_rate": 28.37,
            "research_to_sale_ratio": 3.41,
            "price_fair": 81.21,
            "eps_avg_yearly": 3.45,
            "eps_latest_yearly": 2.88,
            "eps_growth_yearly": 13.57
        },
        "20233": {
            "year_quarter": 20233,
            "year": 2023,
            "quarter": 3,
            "eps": 0.86,
            "eps_growth_year": -43.42,
            "eps_4q": 2.6,
            "eps_4q_growth_year": -51.16,
            "roe": 3.56,
            "roe_4q": 11.4,
            "gross_profit": 67949,
            "gross_margin": 26.2,
            "gross_margin_4q_avg": 27.22,
            "net_income": 37991,
            "net_income_4q": null,
            "revenue": 259319,
            "revenue_4q": null,
            "common_shares": 441146,
            "book_valuer_per_share": 24.67,
            "book_valuer_per_share_4q_avg": 23.8,
            "equity": 1088304,
            "current_ratio": 298.01,
            "debt_ratio": 23.88,
            "inventory_turnover_ratio": 3.41,
            "account_receivable_turnover_ratio": 0.52,
            "reinvestment_rate": 11.16,
            "research_to_sale_ratio": 3.18,
            "price_fair": 118.91,
            "eps_avg_yearly": 3.5,
            "eps_latest_yearly": 3.44,
            "eps_growth_yearly": 24.02
        }
    },
    "months": {
        "2007-04": {
            "month": "2007-04",
            "price": "35.64",
            "revenue": 66278
        },
        "2007-05": {
            "month": "2007-05",
            "price": "32.93",
            "revenue": 74768
        },
        "2007-06": {
            "month": "2007-06",
            "price": "36.06",
            "revenue": 93940
        },
        "2007-07": {
            "month": "2007-07",
            "price": "37.37",
            "revenue": 102799
        },
        "2007-08": {
            "month": "2007-08",
            "price": "43.00",
            "revenue": 82889
        },
        "2007-09": {
            "month": "2007-09",
            "price": "37.88",
            "revenue": 114040
        },
        "2007-10": {
            "month": "2007-10",
            "price": "35.53",
            "revenue": 85220
        },
        "2007-11": {
            "month": "2007-11",
            "price": "36.35",
            "revenue": 94982
        },
        "2007-12": {
            "month": "2007-12",
            "price": "34.05",
            "revenue": 87780
        },
        "2008-01": {
            "month": "2008-01",
            "price": "30.24",
            "revenue": 91247
        },
        "2008-02": {
            "month": "2008-02",
            "price": "29.14",
            "revenue": 85283
        },
        "2008-03": {
            "month": "2008-03",
            "price": "28.48",
            "revenue": 81996
        },
        "2008-04": {
            "month": "2008-04",
            "price": "31.37",
            "revenue": 91522
        },
        "2008-05": {
            "month": "2008-05",
            "price": "37.96",
            "revenue": 82069
        },
        "2008-06": {
            "month": "2008-06",
            "price": "37.98",
            "revenue": 89671
        },
        "2008-07": {
            "month": "2008-07",
            "price": "32.79",
            "revenue": 118089
        },
        "2008-08": {
            "month": "2008-08",
            "price": "31.04",
            "revenue": 126261
        },
        "2008-09": {
            "month": "2008-09",
            "price": "23.85",
            "revenue": 142118
        },
        "2008-10": {
            "month": "2008-10",
            "price": "18.96",
            "revenue": 124838
        },
        "2008-11": {
            "month": "2008-11",
            "price": "15.44",
            "revenue": 122477
        },
        "2008-12": {
            "month": "2008-12",
            "price": "14.94",
            "revenue": 61414
        },
        "2009-01": {
            "month": "2009-01",
            "price": "15.68",
            "revenue": 52597
        },
        "2009-02": {
            "month": "2009-02",
            "price": "15.22",
            "revenue": 62520
        },
        "2009-03": {
            "month": "2009-03",
            "price": "16.07",
            "revenue": 91089
        },
        "2009-04": {
            "month": "2009-04",
            "price": "19.77",
            "revenue": 83174
        },
        "2009-05": {
            "month": "2009-05",
            "price": "19.09",
            "revenue": 95482
        },
        "2009-06": {
            "month": "2009-06",
            "price": "19.34",
            "revenue": 99169
        },
        "2009-07": {
            "month": "2009-07",
            "price": "21.99",
            "revenue": 101894
        },
        "2009-08": {
            "month": "2009-08",
            "price": "20.41",
            "revenue": 96931
        },
        "2009-09": {
            "month": "2009-09",
            "price": "22.65",
            "revenue": 118174
        },
        "2009-10": {
            "month": "2009-10",
            "price": "27.23",
            "revenue": 105739
        },
        "2009-11": {
            "month": "2009-11",
            "price": "29.03",
            "revenue": 91188
        },
        "2009-12": {
            "month": "2009-12",
            "price": "29.76",
            "revenue": 124091
        },
        "2010-01": {
            "month": "2010-01",
            "price": "31.22",
            "revenue": 112106
        },
        "2010-02": {
            "month": "2010-02",
            "price": "30.30",
            "revenue": 104945
        },
        "2010-03": {
            "month": "2010-03",
            "price": "34.61",
            "revenue": 93230
        },
        "2010-04": {
            "month": "2010-04",
            "price": "39.93",
            "revenue": 134436
        },
        "2010-05": {
            "month": "2010-05",
            "price": "33.72",
            "revenue": 127519
        },
        "2010-06": {
            "month": "2010-06",
            "price": "32.00",
            "revenue": 124882
        },
        "2010-07": {
            "month": "2010-07",
            "price": "33.48",
            "revenue": 112245
        },
        "2010-08": {
            "month": "2010-08",
            "price": "34.17",
            "revenue": 134837
        },
        "2010-09": {
            "month": "2010-09",
            "price": "31.93",
            "revenue": 153207
        },
        "2010-10": {
            "month": "2010-10",
            "price": "30.23",
            "revenue": 110289
        },
        "2010-11": {
            "month": "2010-11",
            "price": "28.23",
            "revenue": 150080
        },
        "2010-12": {
            "month": "2010-12",
            "price": "29.70",
            "revenue": 128494
        },
        "2011-01": {
            "month": "2011-01",
            "price": "29.13",
            "revenue": 154903
        },
        "2011-02": {
            "month": "2011-02",
            "price": "31.08",
            "revenue": 113516
        },
        "2011-03": {
            "month": "2011-03",
            "price": "30.67",
            "revenue": 143402
        },
        "2011-04": {
            "month": "2011-04",
            "price": "30.93",
            "revenue": 116994
        },
        "2011-05": {
            "month": "2011-05",
            "price": "31.87",
            "revenue": 120657
        },
        "2011-06": {
            "month": "2011-06",
            "price": "31.15",
            "revenue": 108808
        },
        "2011-07": {
            "month": "2011-07",
            "price": "29.60",
            "revenue": 87035
        },
        "2011-08": {
            "month": "2011-08",
            "price": "24.54",
            "revenue": 94749
        },
        "2011-09": {
            "month": "2011-09",
            "price": "25.05",
            "revenue": 88599
        },
        "2011-10": {
            "month": "2011-10",
            "price": "22.81",
            "revenue": 156423
        },
        "2011-11": {
            "month": "2011-11",
            "price": "22.61",
            "revenue": 121223
        },
        "2011-12": {
            "month": "2011-12",
            "price": "20.40",
            "revenue": 91247
        },
        "2012-01": {
            "month": "2012-01",
            "price": "20.92",
            "revenue": 84651
        },
        "2012-02": {
            "month": "2012-02",
            "price": "23.96",
            "revenue": 76996
        },
        "2012-03": {
            "month": "2012-03",
            "price": "24.98",
            "revenue": 86497
        },
        "2012-04": {
            "month": "2012-04",
            "price": "23.15",
            "revenue": 84661
        },
        "2012-05": {
            "month": "2012-05",
            "price": "22.03",
            "revenue": 101381
        },
        "2012-06": {
            "month": "2012-06",
            "price": "21.09",
            "revenue": 101436
        },
        "2012-07": {
            "month": "2012-07",
            "price": "21.19",
            "revenue": 99056
        },
        "2012-08": {
            "month": "2012-08",
            "price": "19.40",
            "revenue": 90589
        },
        "2012-09": {
            "month": "2012-09",
            "price": "17.42",
            "revenue": 52749
        },
        "2012-10": {
            "month": "2012-10",
            "price": "15.07",
            "revenue": 49546
        },
        "2012-11": {
            "month": "2012-11",
            "price": "14.04",
            "revenue": 63268
        },
        "2012-12": {
            "month": "2012-12",
            "price": "14.41",
            "revenue": 67260
        },
        "2013-01": {
            "month": "2013-01",
            "price": "14.90",
            "revenue": 76012
        },
        "2013-02": {
            "month": "2013-02",
            "price": "14.82",
            "revenue": 47616
        },
        "2013-03": {
            "month": "2013-03",
            "price": "14.79",
            "revenue": 56788
        },
        "2013-04": {
            "month": "2013-04",
            "price": "14.70",
            "revenue": 59771
        },
        "2013-05": {
            "month": "2013-05",
            "price": "14.74",
            "revenue": 69504
        },
        "2013-06": {
            "month": "2013-06",
            "price": "14.57",
            "revenue": 61685
        },
        "2013-07": {
            "month": "2013-07",
            "price": "14.76",
            "revenue": 78282
        },
        "2013-08": {
            "month": "2013-08",
            "price": "14.67",
            "revenue": 79909
        },
        "2013-09": {
            "month": "2013-09",
            "price": "18.31",
            "revenue": 66686
        },
        "2013-10": {
            "month": "2013-10",
            "price": "17.75",
            "revenue": 74820
        },
        "2013-11": {
            "month": "2013-11",
            "price": "16.26",
            "revenue": 74035
        },
        "2013-12": {
            "month": "2013-12",
            "price": "17.03",
            "revenue": 59301
        },
        "2014-01": {
            "month": "2014-01",
            "price": "18.52",
            "revenue": 73930
        },
        "2014-02": {
            "month": "2014-02",
            "price": "18.71",
            "revenue": 60519
        },
        "2014-03": {
            "month": "2014-03",
            "price": "19.41",
            "revenue": 90044
        },
        "2014-04": {
            "month": "2014-04",
            "price": "23.06",
            "revenue": 84240
        },
        "2014-05": {
            "month": "2014-05",
            "price": "23.65",
            "revenue": 100766
        },
        "2014-06": {
            "month": "2014-06",
            "price": "24.21",
            "revenue": 113491
        },
        "2014-07": {
            "month": "2014-07",
            "price": "26.13",
            "revenue": 109000
        },
        "2014-08": {
            "month": "2014-08",
            "price": "26.21",
            "revenue": 94677
        },
        "2014-09": {
            "month": "2014-09",
            "price": "26.49",
            "revenue": 104338
        },
        "2014-10": {
            "month": "2014-10",
            "price": "25.12",
            "revenue": 88773
        },
        "2014-11": {
            "month": "2014-11",
            "price": "24.01",
            "revenue": 85311
        },
        "2014-12": {
            "month": "2014-12",
            "price": "23.36",
            "revenue": 86631
        },
        "2015-01": {
            "month": "2015-01",
            "price": "23.75",
            "revenue": 73328
        },
        "2015-02": {
            "month": "2015-02",
            "price": "23.51",
            "revenue": 65405
        },
        "2015-03": {
            "month": "2015-03",
            "price": "23.23",
            "revenue": 73182
        },
        "2015-04": {
            "month": "2015-04",
            "price": "22.82",
            "revenue": 81114
        },
        "2015-05": {
            "month": "2015-05",
            "price": "21.32",
            "revenue": 95363
        },
        "2015-06": {
            "month": "2015-06",
            "price": "20.99",
            "revenue": 100328
        },
        "2015-07": {
            "month": "2015-07",
            "price": "19.61",
            "revenue": 92553
        },
        "2015-08": {
            "month": "2015-08",
            "price": "17.50",
            "revenue": 87699
        },
        "2015-09": {
            "month": "2015-09",
            "price": "15.18",
            "revenue": 74674
        },
        "2015-10": {
            "month": "2015-10",
            "price": "15.46",
            "revenue": 77857
        },
        "2015-11": {
            "month": "2015-11",
            "price": "16.72",
            "revenue": 86010
        },
        "2015-12": {
            "month": "2015-12",
            "price": "15.86",
            "revenue": 88207
        },
        "2016-01": {
            "month": "2016-01",
            "price": "15.48",
            "revenue": 66060
        },
        "2016-02": {
            "month": "2016-02",
            "price": "15.83",
            "revenue": 62415
        },
        "2016-03": {
            "month": "2016-03",
            "price": "16.59",
            "revenue": 78972
        },
        "2016-04": {
            "month": "2016-04",
            "price": "18.12",
            "revenue": 89952
        },
        "2016-05": {
            "month": "2016-05",
            "price": "16.86",
            "revenue": 67738
        },
        "2016-06": {
            "month": "2016-06",
            "price": "16.80",
            "revenue": 72704
        },
        "2016-07": {
            "month": "2016-07",
            "price": "16.23",
            "revenue": 66528
        },
        "2016-08": {
            "month": "2016-08",
            "price": "16.47",
            "revenue": 84968
        },
        "2016-09": {
            "month": "2016-09",
            "price": "17.30",
            "revenue": 83872
        },
        "2016-10": {
            "month": "2016-10",
            "price": "17.45",
            "revenue": 80876
        },
        "2016-11": {
            "month": "2016-11",
            "price": "19.30",
            "revenue": 85432
        },
        "2016-12": {
            "month": "2016-12",
            "price": "19.57",
            "revenue": 69801
        },
        "2017-01": {
            "month": "2017-01",
            "price": "18.66",
            "revenue": 70185
        },
        "2017-02": {
            "month": "2017-02",
            "price": "19.38",
            "revenue": 72710
        },
        "2017-03": {
            "month": "2017-03",
            "price": "19.73",
            "revenue": 81828
        },
        "2017-04": {
            "month": "2017-04",
            "price": "19.57",
            "revenue": 88947
        },
        "2017-05": {
            "month": "2017-05",
            "price": "19.55",
            "revenue": 70840
        },
        "2017-06": {
            "month": "2017-06",
            "price": "18.93",
            "revenue": 80935
        },
        "2017-07": {
            "month": "2017-07",
            "price": "18.75",
            "revenue": 72572
        },
        "2017-08": {
            "month": "2017-08",
            "price": "18.53",
            "revenue": 70816
        },
        "2017-09": {
            "month": "2017-09",
            "price": "18.67",
            "revenue": 77383
        },
        "2017-10": {
            "month": "2017-10",
            "price": "20.75",
            "revenue": 72260
        },
        "2017-11": {
            "month": "2017-11",
            "price": "25.23",
            "revenue": 75404
        },
        "2017-12": {
            "month": "2017-12",
            "price": "28.93",
            "revenue": 68485
        },
        "2018-01": {
            "month": "2018-01",
            "price": "32.25",
            "revenue": 83470
        },
        "2018-02": {
            "month": "2018-02",
            "price": "29.62",
            "revenue": 51077
        },
        "2018-03": {
            "month": "2018-03",
            "price": "28.98",
            "revenue": 76376
        },
        "2018-04": {
            "month": "2018-04",
            "price": "25.51",
            "revenue": 65397
        },
        "2018-05": {
            "month": "2018-05",
            "price": "23.12",
            "revenue": 65919
        },
        "2018-06": {
            "month": "2018-06",
            "price": "23.14",
            "revenue": 65777
        },
        "2018-07": {
            "month": "2018-07",
            "price": "21.66",
            "revenue": 78616
        },
        "2018-08": {
            "month": "2018-08",
            "price": "23.32",
            "revenue": 76084
        },
        "2018-09": {
            "month": "2018-09",
            "price": "22.93",
            "revenue": 72600
        },
        "2018-10": {
            "month": "2018-10",
            "price": "21.10",
            "revenue": 62975
        },
        "2018-11": {
            "month": "2018-11",
            "price": "19.98",
            "revenue": 70605
        },
        "2018-12": {
            "month": "2018-12",
            "price": "19.95",
            "revenue": 65515
        },
        "2019-01": {
            "month": "2019-01",
            "price": "21.80",
            "revenue": 68138
        },
        "2019-02": {
            "month": "2019-02",
            "price": "23.75",
            "revenue": 52264
        },
        "2019-03": {
            "month": "2019-03",
            "price": "23.14",
            "revenue": 64165
        },
        "2019-04": {
            "month": "2019-04",
            "price": "22.90",
            "revenue": 59228
        },
        "2019-05": {
            "month": "2019-05",
            "price": "22.05",
            "revenue": 72334
        },
        "2019-06": {
            "month": "2019-06",
            "price": "22.43",
            "revenue": 72993
        },
        "2019-07": {
            "month": "2019-07",
            "price": "25.16",
            "revenue": 71665
        },
        "2019-08": {
            "month": "2019-08",
            "price": "34.19",
            "revenue": 67245
        },
        "2019-09": {
            "month": "2019-09",
            "price": "33.38",
            "revenue": 68560
        },
        "2019-10": {
            "month": "2019-10",
            "price": "31.27",
            "revenue": 69531
        },
        "2019-11": {
            "month": "2019-11",
            "price": "31.35",
            "revenue": 65760
        },
        "2019-12": {
            "month": "2019-12",
            "price": "30.76",
            "revenue": 71957
        },
        "2020-01": {
            "month": "2020-01",
            "price": "31.47",
            "revenue": 61538
        },
        "2020-02": {
            "month": "2020-02",
            "price": "31.78",
            "revenue": 73826
        },
        "2020-03": {
            "month": "2020-03",
            "price": "33.45",
            "revenue": 79840
        },
        "2020-04": {
            "month": "2020-04",
            "price": "32.43",
            "revenue": 77813
        },
        "2020-05": {
            "month": "2020-05",
            "price": "37.34",
            "revenue": 74345
        },
        "2020-06": {
            "month": "2020-06",
            "price": "40.46",
            "revenue": 71178
        },
        "2020-07": {
            "month": "2020-07",
            "price": "38.45",
            "revenue": 76028
        },
        "2020-08": {
            "month": "2020-08",
            "price": "36.62",
            "revenue": 82188
        },
        "2020-09": {
            "month": "2020-09",
            "price": "35.40",
            "revenue": 84914
        },
        "2020-10": {
            "month": "2020-10",
            "price": "35.20",
            "revenue": 87047
        },
        "2020-11": {
            "month": "2020-11",
            "price": "35.30",
            "revenue": 90479
        },
        "2020-12": {
            "month": "2020-12",
            "price": "35.84",
            "revenue": 105261
        },
        "2021-01": {
            "month": "2021-01",
            "price": "36.46",
            "revenue": 99350
        },
        "2021-02": {
            "month": "2021-02",
            "price": "37.40",
            "revenue": 84419
        },
        "2021-03": {
            "month": "2021-03",
            "price": "38.43",
            "revenue": 105153
        },
        "2021-04": {
            "month": "2021-04",
            "price": "44.33",
            "revenue": 103884
        },
        "2021-05": {
            "month": "2021-05",
            "price": "36.33",
            "revenue": 106868
        },
        "2021-06": {
            "month": "2021-06",
            "price": "37.65",
            "revenue": 113786
        },
        "2021-07": {
            "month": "2021-07",
            "price": "38.12",
            "revenue": 95275
        },
        "2021-08": {
            "month": "2021-08",
            "price": "37.34",
            "revenue": 110000
        },
        "2021-09": {
            "month": "2021-09",
            "price": "39.83",
            "revenue": 104221
        },
        "2021-10": {
            "month": "2021-10",
            "price": "39.79",
            "revenue": 97847
        },
        "2021-11": {
            "month": "2021-11",
            "price": "52.22",
            "revenue": 100569
        },
        "2021-12": {
            "month": "2021-12",
            "price": "64.23",
            "revenue": 97547
        },
        "2022-01": {
            "month": "2022-01",
            "price": "56.43",
            "revenue": 96538
        },
        "2022-02": {
            "month": "2022-02",
            "price": "54.47",
            "revenue": 84064
        },
        "2022-03": {
            "month": "2022-03",
            "price": "49.99",
            "revenue": 114460
        },
        "2022-04": {
            "month": "2022-04",
            "price": "53.75",
            "revenue": 117261
        },
        "2022-05": {
            "month": "2022-05",
            "price": "54.57",
            "revenue": 90825
        },
        "2022-06": {
            "month": "2022-06",
            "price": "57.63",
            "revenue": 86903
        },
        "2022-07": {
            "month": "2022-07",
            "price": "54.98",
            "revenue": 79170
        },
        "2022-08": {
            "month": "2022-08",
            "price": "56.53",
            "revenue": 77902
        },
        "2022-09": {
            "month": "2022-09",
            "price": "55.21",
            "revenue": 75677
        },
        "2022-10": {
            "month": "2022-10",
            "price": "54.44",
            "revenue": 73925
        },
        "2022-11": {
            "month": "2022-11",
            "price": "62.22",
            "revenue": 91324
        },
        "2022-12": {
            "month": "2022-12",
            "price": "71.21",
            "revenue": 72349
        },
        "2023-01": {
            "month": "2023-01",
            "price": "61.59",
            "revenue": 58595
        },
        "2023-02": {
            "month": "2023-02",
            "price": "63.38",
            "revenue": 68500
        },
        "2023-03": {
            "month": "2023-03",
            "price": "61.52",
            "revenue": 83702
        },
        "2023-04": {
            "month": "2023-04",
            "price": "62.55",
            "revenue": 78705
        },
        "2023-05": {
            "month": "2023-05",
            "price": "67.37",
            "revenue": 87146
        },
        "2023-06": {
            "month": "2023-06",
            "price": "72.74",
            "revenue": 94471
        },
        "2023-07": {
            "month": "2023-07",
            "price": "77.26",
            "revenue": 91559
        },
        "2023-08": {
            "month": "2023-08",
            "price": "77.05",
            "revenue": 86827
        },
        "2023-09": {
            "month": "2023-09",
            "price": "80.56",
            "revenue": 80933
        },
        "2023-10": {
            "month": "2023-10",
            "price": "92.30",
            "revenue": 83265
        },
        "2023-11": {
            "month": "2023-11",
            "price": "115.80",
            "revenue": 86327
        },
        "2023-12": {
            "month": "2023-12",
            "price": "111.60",
            "revenue": 76367
        }
    }
}
