{
    "summary": {
        "stock_name": "聯鈞",
        "stock_id": "3450",
        "category": "半導體",
        "main_business": "光資訊及光通訊產品<br>功率半導體封裝測試",
        "website_url": "http://www.elaser.com.tw",
        "ceo": "宋天增",
        "pe_ratio": -136,
        "report_year_from": 2004,
        "report_year_to": 2023,
        "age": 20,
        "eps_negative_percentage": 5,
        "eps_growth_avg": {
            "last_all": -4.06,
            "last_2y": -31.23,
            "last_4y": -30.73,
            "last_8y": -23.47,
            "last_12y": -8.2,
            "last_16y": -3.19,
            "last_20y": null,
            "at_2006_last_3y": null,
            "at_2007_last_3y": null,
            "at_2008_last_3y": null,
            "at_2009_last_3y": -16.62,
            "at_2010_last_3y": 13.08,
            "at_2011_last_3y": 7.74,
            "at_2012_last_3y": 10.24,
            "at_2013_last_3y": 36.21,
            "at_2014_last_3y": 26.16,
            "at_2015_last_3y": 42.06,
            "at_2016_last_3y": 44.86,
            "at_2017_last_3y": 7.74,
            "at_2018_last_3y": -14.4,
            "at_2019_last_3y": -37.44,
            "at_2020_last_3y": -34.3,
            "at_2021_last_3y": -8.55,
            "at_2022_last_3y": -13.41,
            "at_2023_last_3y": -23.27,
            "at_2024_last_3y": -23.27,
            "at_2006_last_all": null,
            "at_2007_last_all": -14.72,
            "at_2008_last_all": -20.87,
            "at_2009_last_all": -16.62,
            "at_2010_last_all": 6.7,
            "at_2011_last_all": 0.25,
            "at_2012_last_all": -3.09,
            "at_2013_last_all": 9.79,
            "at_2014_last_all": 15.35,
            "at_2015_last_all": 16.98,
            "at_2016_last_all": 14.34,
            "at_2017_last_all": 9.11,
            "at_2018_last_all": 6.2,
            "at_2019_last_all": 1.43,
            "at_2020_last_all": 1.37,
            "at_2021_last_all": 4.7,
            "at_2022_last_all": 1.58,
            "at_2023_last_all": -4.06,
            "at_2024_last_all": -4.06
        },
        "latest_eps": -0.52,
        "latest_price": 70.5,
        "latest_roe": 2.16,
        "latest_gross_margin": 15.35,
        "latest_equity": 5955808,
        "latest_revenue": 1438314,
        "latest_gross_profit": 220807,
        "latest_net_income": 40904,
        "latest_debt_ratio": 33.4,
        "latest_current_ratio": 212.62,
        "latest_account_receivable_turnover_ratio": 1.37,
        "latest_inventory_turnover_ratio": 2.96,
        "latest_reinvestment_rate": 204.24,
        "latest_research_to_sale_ratio": 3.32
    },
    "eps_dividends": {
        "2001": {
            "cash": 0,
            "stock": 0,
            "eps": 0
        },
        "2002": {
            "cash": 0,
            "stock": 0,
            "eps": 0
        },
        "2003": {
            "cash": 0,
            "stock": 0,
            "eps": 0
        },
        "2004": {
            "cash": 0,
            "stock": 0,
            "eps": 0
        },
        "2005": {
            "cash": 0,
            "stock": 1.35,
            "eps": 2.66
        },
        "2006": {
            "cash": 0.51,
            "stock": 1.2,
            "eps": 2.16
        },
        "2007": {
            "cash": 1.14,
            "stock": 0.3,
            "eps": 1.93
        },
        "2008": {
            "cash": 1.06,
            "stock": 0.3,
            "eps": 1.29
        },
        "2009": {
            "cash": 0.5,
            "stock": 0,
            "eps": 1.24
        },
        "2010": {
            "cash": 2,
            "stock": 0,
            "eps": 5.78
        },
        "2011": {
            "cash": 7,
            "stock": 0,
            "eps": 3.93
        },
        "2012": {
            "cash": 0,
            "stock": 0,
            "eps": 3.02
        },
        "2013": {
            "cash": 2,
            "stock": 0,
            "eps": 6.12
        },
        "2014": {
            "cash": 4.5,
            "stock": 0,
            "eps": 9.78
        },
        "2015": {
            "cash": 4.5,
            "stock": 2,
            "eps": 12.87
        },
        "2016": {
            "cash": 6.5,
            "stock": 2,
            "eps": 11.33
        },
        "2017": {
            "cash": 6.5,
            "stock": 2,
            "eps": 5.84
        },
        "2018": {
            "cash": 3,
            "stock": 1,
            "eps": 4.16
        },
        "2019": {
            "cash": 3,
            "stock": 0,
            "eps": 1.64
        },
        "2020": {
            "cash": 1,
            "stock": 0,
            "eps": 1.65
        },
        "2021": {
            "cash": 1.4,
            "stock": 0,
            "eps": 2.55
        },
        "2022": {
            "cash": 1.8,
            "stock": 0,
            "eps": 1.32
        },
        "2023": {
            "cash": 0.5,
            "stock": 0,
            "eps": -0.52
        }
    },
    "dividends": {
        "2005-04-06": {
            "cash": 0,
            "stock": 1.35
        },
        "2006-04-12": {
            "cash": 0.51,
            "stock": 1.2
        },
        "2007-03-22": {
            "cash": 1.14,
            "stock": 0.3
        },
        "2008-03-28": {
            "cash": 1.06,
            "stock": 0.3
        },
        "2009-03-18": {
            "cash": 0.5,
            "stock": 0
        },
        "2010-03-15": {
            "cash": 2,
            "stock": 0
        },
        "2011-01-01": {
            "cash": 3,
            "stock": 0
        },
        "2011-02-18": {
            "cash": 4,
            "stock": 0
        },
        "2013-03-28": {
            "cash": 2,
            "stock": 0
        },
        "2014-06-17": {
            "cash": 4.5,
            "stock": 0
        },
        "2015-08-25": {
            "cash": 4.5,
            "stock": 2
        },
        "2016-08-15": {
            "cash": 6.5,
            "stock": 2
        },
        "2017-08-18": {
            "cash": 6.5,
            "stock": 2
        },
        "2018-08-27": {
            "cash": 3,
            "stock": 1
        },
        "2019-08-13": {
            "cash": 3,
            "stock": 0
        },
        "2020-08-14": {
            "cash": 1,
            "stock": 0
        },
        "2021-09-10": {
            "cash": 1.4,
            "stock": 0
        },
        "2022-08-08": {
            "cash": 1.8,
            "stock": 0
        },
        "2023-07-11": {
            "cash": 0.5,
            "stock": 0
        }
    },
    "prices": {
        "200101": "無",
        "200102": "無",
        "200103": "無",
        "200104": "無",
        "200105": "無",
        "200106": "無",
        "200107": "無",
        "200108": "無",
        "200109": "無",
        "200110": "無",
        "200111": "無",
        "200112": "無",
        "200201": "無",
        "200202": "無",
        "200203": "無",
        "200204": "無",
        "200205": "無",
        "200206": "無",
        "200207": "無",
        "200208": "無",
        "200209": "無",
        "200210": "無",
        "200211": "無",
        "200212": "無",
        "200301": "無",
        "200302": "無",
        "200303": "無",
        "200304": "無",
        "200305": "無",
        "200306": "無",
        "200307": "無",
        "200308": "無",
        "200309": "無",
        "200310": "無",
        "200311": "無",
        "200312": "無",
        "200401": "無",
        "200402": "無",
        "200403": "無",
        "200404": "無",
        "200405": "無",
        "200406": "無",
        "200407": "無",
        "200408": "無",
        "200409": "無",
        "200410": "無",
        "200411": "無",
        "200412": "無",
        "200501": "無",
        "200502": "無",
        "200503": "無",
        "200504": "29.30",
        "200505": "28.74",
        "200506": "29.24",
        "200507": "32.28",
        "200508": "30.53",
        "200509": "28.64",
        "200510": "26.74",
        "200511": "27.09",
        "200512": "30.61",
        "200601": "34.94",
        "200602": "40.77",
        "200603": "42.43",
        "200604": "41.73",
        "200605": "36.50",
        "200606": "30.65",
        "200607": "29.18",
        "200608": "25.20",
        "200609": "23.04",
        "200610": "22.19",
        "200611": "22.62",
        "200612": "25.09",
        "200701": "27.29",
        "200702": "25.88",
        "200703": "27.34",
        "200704": "35.10",
        "200705": "40.03",
        "200706": "40.38",
        "200707": "48.51",
        "200708": "43.21",
        "200709": "37.07",
        "200710": "36.37",
        "200711": "26.85",
        "200712": "23.36",
        "200801": "22.30",
        "200802": "20.73",
        "200803": "22.99",
        "200804": "26.01",
        "200805": "25.74",
        "200806": "22.99",
        "200807": "19.97",
        "200808": "20.51",
        "200809": "15.13",
        "200810": "12.98",
        "200811": "11.10",
        "200812": "10.06",
        "200901": "10.52",
        "200902": "10.77",
        "200903": "11.98",
        "200904": "13.34",
        "200905": "13.49",
        "200906": "13.13",
        "200907": "18.85",
        "200908": "29.35",
        "200909": "30.75",
        "200910": "37.73",
        "200911": "41.64",
        "200912": "42.49",
        "201001": "54.79",
        "201002": "56.67",
        "201003": "63.41",
        "201004": "72.53",
        "201005": "70.69",
        "201006": "75.24",
        "201007": "69.81",
        "201008": "69.45",
        "201009": "78.83",
        "201010": "75.15",
        "201011": "74.57",
        "201012": "77.24",
        "201101": "75.25",
        "201102": "74.22",
        "201103": "81.71",
        "201104": "88.65",
        "201105": "86.90",
        "201106": "84.51",
        "201107": "69.81",
        "201108": "56.43",
        "201109": "55.24",
        "201110": "51.66",
        "201111": "48.29",
        "201112": "36.22",
        "201201": "41.80",
        "201202": "53.33",
        "201203": "55.42",
        "201204": "45.72",
        "201205": "39.37",
        "201206": "38.43",
        "201207": "35.35",
        "201208": "37.81",
        "201209": "40.64",
        "201210": "36.71",
        "201211": "40.72",
        "201212": "46.99",
        "201301": "49.42",
        "201302": "54.17",
        "201303": "53.91",
        "201304": "70.67",
        "201305": "72.01",
        "201306": "68.49",
        "201307": "66.21",
        "201308": "69.42",
        "201309": "64.94",
        "201310": "69.25",
        "201311": "69.19",
        "201312": "76.52",
        "201401": "76.07",
        "201402": "76.25",
        "201403": "101.62",
        "201404": "122.05",
        "201405": "119.07",
        "201406": "135.78",
        "201407": "133.55",
        "201408": "122.19",
        "201409": "104.89",
        "201410": "94.70",
        "201411": "94.26",
        "201412": "104.38",
        "201501": "103.48",
        "201502": "103.62",
        "201503": "122.11",
        "201504": "134.22",
        "201505": "152.32",
        "201506": "171.14",
        "201507": "145.64",
        "201508": "111.79",
        "201509": "126.12",
        "201510": "138.29",
        "201511": "141.79",
        "201512": "134.07",
        "201601": "121.12",
        "201602": "133.35",
        "201603": "154.65",
        "201604": "167.42",
        "201605": "145.43",
        "201606": "147.74",
        "201607": "134.48",
        "201608": "128.33",
        "201609": "116.03",
        "201610": "112.90",
        "201611": "112.09",
        "201612": "126.05",
        "201701": "125.62",
        "201702": "145.86",
        "201703": "148.91",
        "201704": "136.08",
        "201705": "132.85",
        "201706": "138.89",
        "201707": "133.67",
        "201708": "110.89",
        "201709": "108.66",
        "201710": "115.84",
        "201711": "120.32",
        "201712": "127.45",
        "201801": "130.27",
        "201802": "121.31",
        "201803": "117.98",
        "201804": "112.97",
        "201805": "102.97",
        "201806": "107.80",
        "201807": "100.65",
        "201808": "81.79",
        "201809": "68.09",
        "201810": "58.01",
        "201811": "58.60",
        "201812": "64.31",
        "201901": "66.74",
        "201902": "71.38",
        "201903": "71.94",
        "201904": "67.92",
        "201905": "56.09",
        "201906": "54.62",
        "201907": "57.78",
        "201908": "55.25",
        "201909": "57.55",
        "201910": "54.77",
        "201911": "53.35",
        "201912": "55.36",
        "202001": "67.43",
        "202002": "68.80",
        "202003": "65.03",
        "202004": "67.82",
        "202005": "66.55",
        "202006": "70.46",
        "202007": "74.36",
        "202008": "68.69",
        "202009": "64.24",
        "202010": "65.03",
        "202011": "67.53",
        "202012": "70.10",
        "202101": "66.26",
        "202102": "62.48",
        "202103": "64.34",
        "202104": "66.21",
        "202105": "56.20",
        "202106": "57.65",
        "202107": "59.06",
        "202108": "56.15",
        "202109": "53.81",
        "202110": "53.78",
        "202111": "57.93",
        "202112": "55.80",
        "202201": "53.94",
        "202202": "52.68",
        "202203": "49.63",
        "202204": "45.84",
        "202205": "43.20",
        "202206": "44.40",
        "202207": "40.65",
        "202208": "45.24",
        "202209": "43.61",
        "202210": "36.94",
        "202211": "37.76",
        "202212": "38.41",
        "202301": "37.51",
        "202302": "41.09",
        "202303": "40.81",
        "202304": "38.83",
        "202305": "36.62",
        "202306": "38.20",
        "202307": "43.76",
        "202308": "42.61",
        "202309": "50.74",
        "202310": "59.90",
        "202311": "58.20",
        "202312": "60.75"
    },
    "quarters": {
        "20011": {
            "year_quarter": 20011,
            "year": 2001,
            "quarter": 1,
            "eps": null,
            "eps_growth_year": null,
            "eps_4q": null,
            "eps_4q_growth_year": null,
            "roe": null,
            "roe_4q": 0,
            "gross_profit": null,
            "gross_margin": null,
            "gross_margin_4q_avg": 0,
            "net_income": null,
            "net_income_4q": null,
            "revenue": null,
            "revenue_4q": null,
            "common_shares": null,
            "book_valuer_per_share": null,
            "book_valuer_per_share_4q_avg": 0,
            "equity": null,
            "current_ratio": null,
            "debt_ratio": null,
            "inventory_turnover_ratio": null,
            "account_receivable_turnover_ratio": null,
            "reinvestment_rate": null,
            "research_to_sale_ratio": null,
            "price_fair": 0,
            "eps_avg_yearly": 0,
            "eps_latest_yearly": 0,
            "eps_growth_yearly": 0
        },
        "20012": {
            "year_quarter": 20012,
            "year": 2001,
            "quarter": 2,
            "eps": null,
            "eps_growth_year": null,
            "eps_4q": null,
            "eps_4q_growth_year": null,
            "roe": null,
            "roe_4q": 0,
            "gross_profit": null,
            "gross_margin": null,
            "gross_margin_4q_avg": 0,
            "net_income": null,
            "net_income_4q": null,
            "revenue": null,
            "revenue_4q": null,
            "common_shares": null,
            "book_valuer_per_share": null,
            "book_valuer_per_share_4q_avg": 0,
            "equity": null,
            "current_ratio": null,
            "debt_ratio": null,
            "inventory_turnover_ratio": null,
            "account_receivable_turnover_ratio": null,
            "reinvestment_rate": null,
            "research_to_sale_ratio": null,
            "price_fair": 0,
            "eps_avg_yearly": 0,
            "eps_latest_yearly": 0,
            "eps_growth_yearly": 0
        },
        "20013": {
            "year_quarter": 20013,
            "year": 2001,
            "quarter": 3,
            "eps": null,
            "eps_growth_year": null,
            "eps_4q": null,
            "eps_4q_growth_year": null,
            "roe": null,
            "roe_4q": 0,
            "gross_profit": null,
            "gross_margin": null,
            "gross_margin_4q_avg": 0,
            "net_income": null,
            "net_income_4q": null,
            "revenue": null,
            "revenue_4q": null,
            "common_shares": null,
            "book_valuer_per_share": null,
            "book_valuer_per_share_4q_avg": 0,
            "equity": null,
            "current_ratio": null,
            "debt_ratio": null,
            "inventory_turnover_ratio": null,
            "account_receivable_turnover_ratio": null,
            "reinvestment_rate": null,
            "research_to_sale_ratio": null,
            "price_fair": 0,
            "eps_avg_yearly": 0,
            "eps_latest_yearly": 0,
            "eps_growth_yearly": 0
        },
        "20014": {
            "year_quarter": 20014,
            "year": 2001,
            "quarter": 4,
            "eps": null,
            "eps_growth_year": null,
            "eps_4q": null,
            "eps_4q_growth_year": null,
            "roe": null,
            "roe_4q": 0,
            "gross_profit": null,
            "gross_margin": null,
            "gross_margin_4q_avg": 0,
            "net_income": null,
            "net_income_4q": null,
            "revenue": null,
            "revenue_4q": null,
            "common_shares": 495000,
            "book_valuer_per_share": 9.5,
            "book_valuer_per_share_4q_avg": 2.38,
            "equity": 470096,
            "current_ratio": 1208.81,
            "debt_ratio": 4.63,
            "inventory_turnover_ratio": null,
            "account_receivable_turnover_ratio": null,
            "reinvestment_rate": null,
            "research_to_sale_ratio": null,
            "price_fair": 0,
            "eps_avg_yearly": 0,
            "eps_latest_yearly": 0,
            "eps_growth_yearly": 0
        },
        "20021": {
            "year_quarter": 20021,
            "year": 2002,
            "quarter": 1,
            "eps": null,
            "eps_growth_year": null,
            "eps_4q": null,
            "eps_4q_growth_year": null,
            "roe": null,
            "roe_4q": 0,
            "gross_profit": null,
            "gross_margin": null,
            "gross_margin_4q_avg": 0,
            "net_income": null,
            "net_income_4q": null,
            "revenue": null,
            "revenue_4q": null,
            "common_shares": null,
            "book_valuer_per_share": null,
            "book_valuer_per_share_4q_avg": 2.38,
            "equity": null,
            "current_ratio": null,
            "debt_ratio": null,
            "inventory_turnover_ratio": null,
            "account_receivable_turnover_ratio": null,
            "reinvestment_rate": null,
            "research_to_sale_ratio": null,
            "price_fair": 0,
            "eps_avg_yearly": 0,
            "eps_latest_yearly": 0,
            "eps_growth_yearly": 0
        },
        "20022": {
            "year_quarter": 20022,
            "year": 2002,
            "quarter": 2,
            "eps": null,
            "eps_growth_year": null,
            "eps_4q": null,
            "eps_4q_growth_year": null,
            "roe": null,
            "roe_4q": 0,
            "gross_profit": null,
            "gross_margin": null,
            "gross_margin_4q_avg": 0,
            "net_income": null,
            "net_income_4q": null,
            "revenue": null,
            "revenue_4q": null,
            "common_shares": null,
            "book_valuer_per_share": null,
            "book_valuer_per_share_4q_avg": 2.38,
            "equity": null,
            "current_ratio": null,
            "debt_ratio": null,
            "inventory_turnover_ratio": null,
            "account_receivable_turnover_ratio": null,
            "reinvestment_rate": null,
            "research_to_sale_ratio": null,
            "price_fair": 0,
            "eps_avg_yearly": 0,
            "eps_latest_yearly": 0,
            "eps_growth_yearly": 0
        },
        "20023": {
            "year_quarter": 20023,
            "year": 2002,
            "quarter": 3,
            "eps": null,
            "eps_growth_year": null,
            "eps_4q": null,
            "eps_4q_growth_year": null,
            "roe": null,
            "roe_4q": 0,
            "gross_profit": null,
            "gross_margin": null,
            "gross_margin_4q_avg": 0,
            "net_income": null,
            "net_income_4q": null,
            "revenue": null,
            "revenue_4q": null,
            "common_shares": null,
            "book_valuer_per_share": null,
            "book_valuer_per_share_4q_avg": 2.38,
            "equity": null,
            "current_ratio": null,
            "debt_ratio": null,
            "inventory_turnover_ratio": null,
            "account_receivable_turnover_ratio": null,
            "reinvestment_rate": null,
            "research_to_sale_ratio": null,
            "price_fair": 0,
            "eps_avg_yearly": 0,
            "eps_latest_yearly": 0,
            "eps_growth_yearly": 0
        },
        "20024": {
            "year_quarter": 20024,
            "year": 2002,
            "quarter": 4,
            "eps": null,
            "eps_growth_year": null,
            "eps_4q": null,
            "eps_4q_growth_year": null,
            "roe": null,
            "roe_4q": 0,
            "gross_profit": null,
            "gross_margin": null,
            "gross_margin_4q_avg": 0,
            "net_income": null,
            "net_income_4q": null,
            "revenue": null,
            "revenue_4q": null,
            "common_shares": 495000,
            "book_valuer_per_share": 8.5,
            "book_valuer_per_share_4q_avg": 2.13,
            "equity": 420762,
            "current_ratio": 727.99,
            "debt_ratio": 7.09,
            "inventory_turnover_ratio": null,
            "account_receivable_turnover_ratio": null,
            "reinvestment_rate": null,
            "research_to_sale_ratio": null,
            "price_fair": 0,
            "eps_avg_yearly": 0,
            "eps_latest_yearly": 0,
            "eps_growth_yearly": 0
        },
        "20031": {
            "year_quarter": 20031,
            "year": 2003,
            "quarter": 1,
            "eps": null,
            "eps_growth_year": null,
            "eps_4q": null,
            "eps_4q_growth_year": null,
            "roe": null,
            "roe_4q": 0,
            "gross_profit": null,
            "gross_margin": null,
            "gross_margin_4q_avg": 0,
            "net_income": null,
            "net_income_4q": null,
            "revenue": null,
            "revenue_4q": null,
            "common_shares": null,
            "book_valuer_per_share": null,
            "book_valuer_per_share_4q_avg": 2.13,
            "equity": null,
            "current_ratio": null,
            "debt_ratio": null,
            "inventory_turnover_ratio": null,
            "account_receivable_turnover_ratio": null,
            "reinvestment_rate": null,
            "research_to_sale_ratio": null,
            "price_fair": 0,
            "eps_avg_yearly": 0,
            "eps_latest_yearly": 0,
            "eps_growth_yearly": 0
        },
        "20032": {
            "year_quarter": 20032,
            "year": 2003,
            "quarter": 2,
            "eps": null,
            "eps_growth_year": null,
            "eps_4q": null,
            "eps_4q_growth_year": null,
            "roe": null,
            "roe_4q": 0,
            "gross_profit": null,
            "gross_margin": null,
            "gross_margin_4q_avg": 0,
            "net_income": null,
            "net_income_4q": null,
            "revenue": null,
            "revenue_4q": null,
            "common_shares": null,
            "book_valuer_per_share": null,
            "book_valuer_per_share_4q_avg": 2.13,
            "equity": null,
            "current_ratio": null,
            "debt_ratio": null,
            "inventory_turnover_ratio": null,
            "account_receivable_turnover_ratio": null,
            "reinvestment_rate": null,
            "research_to_sale_ratio": null,
            "price_fair": 0,
            "eps_avg_yearly": 0,
            "eps_latest_yearly": 0,
            "eps_growth_yearly": 0
        },
        "20033": {
            "year_quarter": 20033,
            "year": 2003,
            "quarter": 3,
            "eps": null,
            "eps_growth_year": null,
            "eps_4q": null,
            "eps_4q_growth_year": null,
            "roe": null,
            "roe_4q": 0,
            "gross_profit": null,
            "gross_margin": null,
            "gross_margin_4q_avg": 0,
            "net_income": null,
            "net_income_4q": null,
            "revenue": null,
            "revenue_4q": null,
            "common_shares": null,
            "book_valuer_per_share": null,
            "book_valuer_per_share_4q_avg": 2.13,
            "equity": null,
            "current_ratio": null,
            "debt_ratio": null,
            "inventory_turnover_ratio": null,
            "account_receivable_turnover_ratio": null,
            "reinvestment_rate": null,
            "research_to_sale_ratio": null,
            "price_fair": 0,
            "eps_avg_yearly": 0,
            "eps_latest_yearly": 0,
            "eps_growth_yearly": 0
        },
        "20034": {
            "year_quarter": 20034,
            "year": 2003,
            "quarter": 4,
            "eps": null,
            "eps_growth_year": null,
            "eps_4q": null,
            "eps_4q_growth_year": null,
            "roe": null,
            "roe_4q": 0,
            "gross_profit": null,
            "gross_margin": null,
            "gross_margin_4q_avg": 0,
            "net_income": null,
            "net_income_4q": null,
            "revenue": null,
            "revenue_4q": null,
            "common_shares": 495000,
            "book_valuer_per_share": 9.61,
            "book_valuer_per_share_4q_avg": 2.4,
            "equity": 475591,
            "current_ratio": 175.69,
            "debt_ratio": 30.56,
            "inventory_turnover_ratio": null,
            "account_receivable_turnover_ratio": null,
            "reinvestment_rate": null,
            "research_to_sale_ratio": null,
            "price_fair": 0,
            "eps_avg_yearly": 0,
            "eps_latest_yearly": 0,
            "eps_growth_yearly": 0
        },
        "20041": {
            "year_quarter": 20041,
            "year": 2004,
            "quarter": 1,
            "eps": null,
            "eps_growth_year": null,
            "eps_4q": null,
            "eps_4q_growth_year": null,
            "roe": null,
            "roe_4q": 0,
            "gross_profit": null,
            "gross_margin": null,
            "gross_margin_4q_avg": 0,
            "net_income": null,
            "net_income_4q": null,
            "revenue": null,
            "revenue_4q": null,
            "common_shares": null,
            "book_valuer_per_share": null,
            "book_valuer_per_share_4q_avg": 2.4,
            "equity": null,
            "current_ratio": null,
            "debt_ratio": null,
            "inventory_turnover_ratio": null,
            "account_receivable_turnover_ratio": null,
            "reinvestment_rate": null,
            "research_to_sale_ratio": null,
            "price_fair": 0,
            "eps_avg_yearly": 0,
            "eps_latest_yearly": 0,
            "eps_growth_yearly": 0
        },
        "20042": {
            "year_quarter": 20042,
            "year": 2004,
            "quarter": 2,
            "eps": null,
            "eps_growth_year": null,
            "eps_4q": null,
            "eps_4q_growth_year": null,
            "roe": null,
            "roe_4q": 0,
            "gross_profit": null,
            "gross_margin": null,
            "gross_margin_4q_avg": 0,
            "net_income": null,
            "net_income_4q": null,
            "revenue": null,
            "revenue_4q": null,
            "common_shares": null,
            "book_valuer_per_share": null,
            "book_valuer_per_share_4q_avg": 2.4,
            "equity": null,
            "current_ratio": null,
            "debt_ratio": null,
            "inventory_turnover_ratio": null,
            "account_receivable_turnover_ratio": null,
            "reinvestment_rate": null,
            "research_to_sale_ratio": null,
            "price_fair": 0,
            "eps_avg_yearly": 0,
            "eps_latest_yearly": 0,
            "eps_growth_yearly": 0
        },
        "20043": {
            "year_quarter": 20043,
            "year": 2004,
            "quarter": 3,
            "eps": null,
            "eps_growth_year": null,
            "eps_4q": null,
            "eps_4q_growth_year": null,
            "roe": null,
            "roe_4q": 0,
            "gross_profit": null,
            "gross_margin": null,
            "gross_margin_4q_avg": 0,
            "net_income": null,
            "net_income_4q": null,
            "revenue": null,
            "revenue_4q": null,
            "common_shares": null,
            "book_valuer_per_share": null,
            "book_valuer_per_share_4q_avg": 2.4,
            "equity": null,
            "current_ratio": null,
            "debt_ratio": null,
            "inventory_turnover_ratio": null,
            "account_receivable_turnover_ratio": null,
            "reinvestment_rate": null,
            "research_to_sale_ratio": null,
            "price_fair": 0,
            "eps_avg_yearly": 0,
            "eps_latest_yearly": 0,
            "eps_growth_yearly": 0
        },
        "20044": {
            "year_quarter": 20044,
            "year": 2004,
            "quarter": 4,
            "eps": null,
            "eps_growth_year": null,
            "eps_4q": null,
            "eps_4q_growth_year": null,
            "roe": null,
            "roe_4q": 0,
            "gross_profit": null,
            "gross_margin": null,
            "gross_margin_4q_avg": 0,
            "net_income": null,
            "net_income_4q": null,
            "revenue": null,
            "revenue_4q": null,
            "common_shares": 608000,
            "book_valuer_per_share": 16.41,
            "book_valuer_per_share_4q_avg": 4.1,
            "equity": 997868,
            "current_ratio": 129.45,
            "debt_ratio": 46.04,
            "inventory_turnover_ratio": null,
            "account_receivable_turnover_ratio": null,
            "reinvestment_rate": null,
            "research_to_sale_ratio": null,
            "price_fair": 0,
            "eps_avg_yearly": 0,
            "eps_latest_yearly": 0,
            "eps_growth_yearly": 0
        },
        "20051": {
            "year_quarter": 20051,
            "year": 2005,
            "quarter": 1,
            "eps": 0.84,
            "eps_growth_year": null,
            "eps_4q": null,
            "eps_4q_growth_year": null,
            "roe": 5.39,
            "roe_4q": 5.39,
            "gross_profit": 61262,
            "gross_margin": 18.19,
            "gross_margin_4q_avg": 4.55,
            "net_income": 55250,
            "net_income_4q": null,
            "revenue": 336759,
            "revenue_4q": null,
            "common_shares": 657500,
            "book_valuer_per_share": 16.02,
            "book_valuer_per_share_4q_avg": 8.11,
            "equity": 1053118,
            "current_ratio": 143.68,
            "debt_ratio": 40.88,
            "inventory_turnover_ratio": 2.84,
            "account_receivable_turnover_ratio": null,
            "reinvestment_rate": null,
            "research_to_sale_ratio": null,
            "price_fair": 0,
            "eps_avg_yearly": 0,
            "eps_latest_yearly": 0,
            "eps_growth_yearly": 0
        },
        "20052": {
            "year_quarter": 20052,
            "year": 2005,
            "quarter": 2,
            "eps": 0.64,
            "eps_growth_year": null,
            "eps_4q": null,
            "eps_4q_growth_year": null,
            "roe": 4.83,
            "roe_4q": 10.219999999999999,
            "gross_profit": 93713,
            "gross_margin": 21.27,
            "gross_margin_4q_avg": 9.87,
            "net_income": 52003,
            "net_income_4q": null,
            "revenue": 440566,
            "revenue_4q": null,
            "common_shares": 806263,
            "book_valuer_per_share": 13.65,
            "book_valuer_per_share_4q_avg": 11.52,
            "equity": 1100509,
            "current_ratio": 138.37,
            "debt_ratio": 41.37,
            "inventory_turnover_ratio": 2.83,
            "account_receivable_turnover_ratio": null,
            "reinvestment_rate": null,
            "research_to_sale_ratio": null,
            "price_fair": 7.68,
            "eps_avg_yearly": 2.56,
            "eps_latest_yearly": 2.56,
            "eps_growth_yearly": -95.24
        },
        "20053": {
            "year_quarter": 20053,
            "year": 2005,
            "quarter": 3,
            "eps": 0.64,
            "eps_growth_year": null,
            "eps_4q": null,
            "eps_4q_growth_year": null,
            "roe": 4.6,
            "roe_4q": 14.82,
            "gross_profit": 83451,
            "gross_margin": 19.62,
            "gross_margin_4q_avg": 14.77,
            "net_income": 51858,
            "net_income_4q": null,
            "revenue": 425242,
            "revenue_4q": null,
            "common_shares": 806263,
            "book_valuer_per_share": 14.29,
            "book_valuer_per_share_4q_avg": 15.09,
            "equity": 1152367,
            "current_ratio": 145.98,
            "debt_ratio": 35.85,
            "inventory_turnover_ratio": 2.81,
            "account_receivable_turnover_ratio": null,
            "reinvestment_rate": null,
            "research_to_sale_ratio": null,
            "price_fair": 7.68,
            "eps_avg_yearly": 2.56,
            "eps_latest_yearly": 2.56,
            "eps_growth_yearly": -47.62
        },
        "20054": {
            "year_quarter": 20054,
            "year": 2005,
            "quarter": 4,
            "eps": 0.54,
            "eps_growth_year": null,
            "eps_4q": 2.51,
            "eps_4q_growth_year": null,
            "roe": 3.71,
            "roe_4q": 18.529999999999998,
            "gross_profit": 69921,
            "gross_margin": 18.48,
            "gross_margin_4q_avg": 19.39,
            "net_income": 43526,
            "net_income_4q": null,
            "revenue": 378324,
            "revenue_4q": null,
            "common_shares": 806263,
            "book_valuer_per_share": 14.83,
            "book_valuer_per_share_4q_avg": 14.7,
            "equity": 1195893,
            "current_ratio": 151.44,
            "debt_ratio": 33.51,
            "inventory_turnover_ratio": 2.64,
            "account_receivable_turnover_ratio": null,
            "reinvestment_rate": null,
            "research_to_sale_ratio": null,
            "price_fair": 7.28,
            "eps_avg_yearly": 2.43,
            "eps_latest_yearly": 2.16,
            "eps_growth_yearly": -52.58
        },
        "20061": {
            "year_quarter": 20061,
            "year": 2006,
            "quarter": 1,
            "eps": 0.44,
            "eps_growth_year": -47.62,
            "eps_4q": 2.25,
            "eps_4q_growth_year": null,
            "roe": 2.92,
            "roe_4q": 16.060000000000002,
            "gross_profit": 75194,
            "gross_margin": 18.07,
            "gross_margin_4q_avg": 19.36,
            "net_income": 35747,
            "net_income_4q": null,
            "revenue": 416086,
            "revenue_4q": null,
            "common_shares": 806263,
            "book_valuer_per_share": 15.54,
            "book_valuer_per_share_4q_avg": 14.58,
            "equity": 1252787,
            "current_ratio": 161.49,
            "debt_ratio": 32.12,
            "inventory_turnover_ratio": 2.63,
            "account_receivable_turnover_ratio": null,
            "reinvestment_rate": null,
            "research_to_sale_ratio": null,
            "price_fair": 6.78,
            "eps_avg_yearly": 2.26,
            "eps_latest_yearly": 1.76,
            "eps_growth_yearly": -57.95
        },
        "20062": {
            "year_quarter": 20062,
            "year": 2006,
            "quarter": 2,
            "eps": 0.86,
            "eps_growth_year": 34.38,
            "eps_4q": 2.4,
            "eps_4q_growth_year": null,
            "roe": 5.3,
            "roe_4q": 16.53,
            "gross_profit": 106731,
            "gross_margin": 25.03,
            "gross_margin_4q_avg": 20.3,
            "net_income": 73318,
            "net_income_4q": null,
            "revenue": 426375,
            "revenue_4q": null,
            "common_shares": 907103,
            "book_valuer_per_share": 16.67,
            "book_valuer_per_share_4q_avg": 15.33,
            "equity": 1512487,
            "current_ratio": 235.96,
            "debt_ratio": 22.94,
            "inventory_turnover_ratio": 2.56,
            "account_receivable_turnover_ratio": null,
            "reinvestment_rate": null,
            "research_to_sale_ratio": null,
            "price_fair": 87.36,
            "eps_avg_yearly": 2.5,
            "eps_latest_yearly": 3.44,
            "eps_growth_yearly": 30
        },
        "20063": {
            "year_quarter": 20063,
            "year": 2006,
            "quarter": 3,
            "eps": 0.36,
            "eps_growth_year": -43.75,
            "eps_4q": 1.89,
            "eps_4q_growth_year": null,
            "roe": 2.35,
            "roe_4q": 14.280000000000001,
            "gross_profit": 72390,
            "gross_margin": 22.31,
            "gross_margin_4q_avg": 20.97,
            "net_income": 35981,
            "net_income_4q": null,
            "revenue": 324524,
            "revenue_4q": null,
            "common_shares": 1033498,
            "book_valuer_per_share": 14.99,
            "book_valuer_per_share_4q_avg": 15.51,
            "equity": 1549684,
            "current_ratio": 307.89,
            "debt_ratio": 18.18,
            "inventory_turnover_ratio": 2.16,
            "account_receivable_turnover_ratio": null,
            "reinvestment_rate": null,
            "research_to_sale_ratio": null,
            "price_fair": 6.96,
            "eps_avg_yearly": 2.32,
            "eps_latest_yearly": 1.44,
            "eps_growth_yearly": -13.76
        },
        "20064": {
            "year_quarter": 20064,
            "year": 2006,
            "quarter": 4,
            "eps": 0.5,
            "eps_growth_year": -7.41,
            "eps_4q": 1.95,
            "eps_4q_growth_year": -22.35,
            "roe": 3.17,
            "roe_4q": 13.74,
            "gross_profit": 75936,
            "gross_margin": 27.17,
            "gross_margin_4q_avg": 23.15,
            "net_income": 49943,
            "net_income_4q": null,
            "revenue": 279511,
            "revenue_4q": null,
            "common_shares": 1033498,
            "book_valuer_per_share": 15.46,
            "book_valuer_per_share_4q_avg": 15.67,
            "equity": 1598078,
            "current_ratio": 408.58,
            "debt_ratio": 9.3,
            "inventory_turnover_ratio": 1.88,
            "account_receivable_turnover_ratio": null,
            "reinvestment_rate": null,
            "research_to_sale_ratio": null,
            "price_fair": 46.46,
            "eps_avg_yearly": 2.27,
            "eps_latest_yearly": 2,
            "eps_growth_yearly": 10.43
        },
        "20071": {
            "year_quarter": 20071,
            "year": 2007,
            "quarter": 1,
            "eps": 0.46,
            "eps_growth_year": 4.55,
            "eps_4q": 2,
            "eps_4q_growth_year": -11.18,
            "roe": 2.93,
            "roe_4q": 13.75,
            "gross_profit": 75220,
            "gross_margin": 28.49,
            "gross_margin_4q_avg": 25.75,
            "net_income": 47497,
            "net_income_4q": null,
            "revenue": 264018,
            "revenue_4q": null,
            "common_shares": 1033498,
            "book_valuer_per_share": 15.92,
            "book_valuer_per_share_4q_avg": 15.76,
            "equity": 1645575,
            "current_ratio": 372.16,
            "debt_ratio": 11.67,
            "inventory_turnover_ratio": 1.77,
            "account_receivable_turnover_ratio": null,
            "reinvestment_rate": null,
            "research_to_sale_ratio": null,
            "price_fair": 33.58,
            "eps_avg_yearly": 2.22,
            "eps_latest_yearly": 1.84,
            "eps_growth_yearly": 5.13
        },
        "20072": {
            "year_quarter": 20072,
            "year": 2007,
            "quarter": 2,
            "eps": 0.35,
            "eps_growth_year": -59.3,
            "eps_4q": 1.62,
            "eps_4q_growth_year": -32.25,
            "roe": 2.3,
            "roe_4q": 10.75,
            "gross_profit": 64747,
            "gross_margin": 23.67,
            "gross_margin_4q_avg": 25.41,
            "net_income": 36635,
            "net_income_4q": null,
            "revenue": 273560,
            "revenue_4q": null,
            "common_shares": 1033498,
            "book_valuer_per_share": 14.96,
            "book_valuer_per_share_4q_avg": 15.33,
            "equity": 1546415,
            "current_ratio": 254.99,
            "debt_ratio": 17.02,
            "inventory_turnover_ratio": 1.88,
            "account_receivable_turnover_ratio": null,
            "reinvestment_rate": null,
            "research_to_sale_ratio": null,
            "price_fair": 6.39,
            "eps_avg_yearly": 2.13,
            "eps_latest_yearly": 1.4,
            "eps_growth_yearly": -6.07
        },
        "20073": {
            "year_quarter": 20073,
            "year": 2007,
            "quarter": 3,
            "eps": 0.66,
            "eps_growth_year": 83.33,
            "eps_4q": 1.91,
            "eps_4q_growth_year": 1.09,
            "roe": 4.49,
            "roe_4q": 12.89,
            "gross_profit": 100629,
            "gross_margin": 29.07,
            "gross_margin_4q_avg": 27.1,
            "net_income": 70948,
            "net_income_4q": null,
            "revenue": 346130,
            "revenue_4q": null,
            "common_shares": 1079503,
            "book_valuer_per_share": 14.95,
            "book_valuer_per_share_4q_avg": 15.32,
            "equity": 1613795,
            "current_ratio": 364.96,
            "debt_ratio": 12.48,
            "inventory_turnover_ratio": 2.31,
            "account_receivable_turnover_ratio": null,
            "reinvestment_rate": null,
            "research_to_sale_ratio": null,
            "price_fair": 76.3,
            "eps_avg_yearly": 2.18,
            "eps_latest_yearly": 2.64,
            "eps_growth_yearly": 29.96
        },
        "20074": {
            "year_quarter": 20074,
            "year": 2007,
            "quarter": 4,
            "eps": 0.46,
            "eps_growth_year": -8,
            "eps_4q": 1.89,
            "eps_4q_growth_year": -3.08,
            "roe": 3.04,
            "roe_4q": 12.76,
            "gross_profit": 95921,
            "gross_margin": 25.56,
            "gross_margin_4q_avg": 26.7,
            "net_income": 49818,
            "net_income_4q": null,
            "revenue": 375323,
            "revenue_4q": null,
            "common_shares": 1079503,
            "book_valuer_per_share": 15.39,
            "book_valuer_per_share_4q_avg": 15.31,
            "equity": 1661779,
            "current_ratio": 347.73,
            "debt_ratio": 13.7,
            "inventory_turnover_ratio": 3.26,
            "account_receivable_turnover_ratio": null,
            "reinvestment_rate": null,
            "research_to_sale_ratio": null,
            "price_fair": 56.35,
            "eps_avg_yearly": 2.15,
            "eps_latest_yearly": 1.84,
            "eps_growth_yearly": 16.22
        },
        "20081": {
            "year_quarter": 20081,
            "year": 2008,
            "quarter": 1,
            "eps": 0.28,
            "eps_growth_year": -39.13,
            "eps_4q": 1.72,
            "eps_4q_growth_year": -14.1,
            "roe": 1.83,
            "roe_4q": 11.66,
            "gross_profit": 75756,
            "gross_margin": 23.01,
            "gross_margin_4q_avg": 25.33,
            "net_income": 30608,
            "net_income_4q": null,
            "revenue": 329281,
            "revenue_4q": null,
            "common_shares": 1079503,
            "book_valuer_per_share": 15.65,
            "book_valuer_per_share_4q_avg": 15.24,
            "equity": 1688952,
            "current_ratio": 430.2,
            "debt_ratio": 10.86,
            "inventory_turnover_ratio": 4.45,
            "account_receivable_turnover_ratio": null,
            "reinvestment_rate": null,
            "research_to_sale_ratio": null,
            "price_fair": 24.4,
            "eps_avg_yearly": 2.06,
            "eps_latest_yearly": 1.12,
            "eps_growth_yearly": 1.83
        },
        "20082": {
            "year_quarter": 20082,
            "year": 2008,
            "quarter": 2,
            "eps": 0.44,
            "eps_growth_year": 25.71,
            "eps_4q": 1.79,
            "eps_4q_growth_year": 10.11,
            "roe": 2.99,
            "roe_4q": 12.350000000000001,
            "gross_profit": 111633,
            "gross_margin": 29.57,
            "gross_margin_4q_avg": 26.8,
            "net_income": 49377,
            "net_income_4q": null,
            "revenue": 377520,
            "revenue_4q": null,
            "common_shares": 1079503,
            "book_valuer_per_share": 14.93,
            "book_valuer_per_share_4q_avg": 15.23,
            "equity": 1611255,
            "current_ratio": 242.55,
            "debt_ratio": 17.1,
            "inventory_turnover_ratio": 4.79,
            "account_receivable_turnover_ratio": null,
            "reinvestment_rate": null,
            "research_to_sale_ratio": null,
            "price_fair": 59.71,
            "eps_avg_yearly": 2.04,
            "eps_latest_yearly": 1.76,
            "eps_growth_yearly": 19.27
        },
        "20083": {
            "year_quarter": 20083,
            "year": 2008,
            "quarter": 3,
            "eps": 0.47,
            "eps_growth_year": -28.79,
            "eps_4q": 1.63,
            "eps_4q_growth_year": -14.58,
            "roe": 3.22,
            "roe_4q": 11.080000000000002,
            "gross_profit": 89717,
            "gross_margin": 26.89,
            "gross_margin_4q_avg": 26.26,
            "net_income": 52626,
            "net_income_4q": null,
            "revenue": 333649,
            "revenue_4q": null,
            "common_shares": 1128388,
            "book_valuer_per_share": 14.7,
            "book_valuer_per_share_4q_avg": 15.17,
            "equity": 1658674,
            "current_ratio": 287.77,
            "debt_ratio": 11.56,
            "inventory_turnover_ratio": 4.04,
            "account_receivable_turnover_ratio": null,
            "reinvestment_rate": null,
            "research_to_sale_ratio": null,
            "price_fair": 60.53,
            "eps_avg_yearly": 2.03,
            "eps_latest_yearly": 1.88,
            "eps_growth_yearly": 19.84
        },
        "20084": {
            "year_quarter": 20084,
            "year": 2008,
            "quarter": 4,
            "eps": 0.1,
            "eps_growth_year": -78.26,
            "eps_4q": 1.36,
            "eps_4q_growth_year": -28.06,
            "roe": 0.71,
            "roe_4q": 8.75,
            "gross_profit": 26598,
            "gross_margin": 12.63,
            "gross_margin_4q_avg": 23.03,
            "net_income": 10516,
            "net_income_4q": null,
            "revenue": 210633,
            "revenue_4q": null,
            "common_shares": 789872,
            "book_valuer_per_share": 16.66,
            "book_valuer_per_share_4q_avg": 15.49,
            "equity": 1315842,
            "current_ratio": 152.01,
            "debt_ratio": 35.8,
            "inventory_turnover_ratio": 3.59,
            "account_receivable_turnover_ratio": 2.55,
            "reinvestment_rate": 8.26,
            "research_to_sale_ratio": null,
            "price_fair": 5.76,
            "eps_avg_yearly": 1.92,
            "eps_latest_yearly": 0.4,
            "eps_growth_yearly": -2.48
        },
        "20091": {
            "year_quarter": 20091,
            "year": 2009,
            "quarter": 1,
            "eps": -0.38,
            "eps_growth_year": -235.71,
            "eps_4q": 1.09,
            "eps_4q_growth_year": -36.55,
            "roe": -2.22,
            "roe_4q": 4.7,
            "gross_profit": -19941,
            "gross_margin": -15.72,
            "gross_margin_4q_avg": 13.34,
            "net_income": -28882,
            "net_income_4q": null,
            "revenue": 126828,
            "revenue_4q": null,
            "common_shares": 766422,
            "book_valuer_per_share": 16.77,
            "book_valuer_per_share_4q_avg": 15.77,
            "equity": 1285450,
            "current_ratio": 220.18,
            "debt_ratio": 23.84,
            "inventory_turnover_ratio": 2.74,
            "account_receivable_turnover_ratio": 0.85,
            "reinvestment_rate": 9.93,
            "research_to_sale_ratio": null,
            "price_fair": 5.76,
            "eps_avg_yearly": 1.92,
            "eps_latest_yearly": 0.4,
            "eps_growth_yearly": -2.48
        },
        "20092": {
            "year_quarter": 20092,
            "year": 2009,
            "quarter": 2,
            "eps": 0.17,
            "eps_growth_year": -61.36,
            "eps_4q": 0.63,
            "eps_4q_growth_year": -64.95,
            "roe": 1,
            "roe_4q": 2.71,
            "gross_profit": 30456,
            "gross_margin": 12.93,
            "gross_margin_4q_avg": 9.18,
            "net_income": 12746,
            "net_income_4q": null,
            "revenue": 235586,
            "revenue_4q": null,
            "common_shares": 766422,
            "book_valuer_per_share": 16.46,
            "book_valuer_per_share_4q_avg": 16.15,
            "equity": 1261339,
            "current_ratio": 202.57,
            "debt_ratio": 25.5,
            "inventory_turnover_ratio": 3.89,
            "account_receivable_turnover_ratio": 1.5,
            "reinvestment_rate": 5.42,
            "research_to_sale_ratio": null,
            "price_fair": 26.52,
            "eps_avg_yearly": 1.87,
            "eps_latest_yearly": 0.4,
            "eps_growth_yearly": 4.15
        },
        "20093": {
            "year_quarter": 20093,
            "year": 2009,
            "quarter": 3,
            "eps": 0.87,
            "eps_growth_year": 85.11,
            "eps_4q": 0.8,
            "eps_4q_growth_year": -51.1,
            "roe": 5.15,
            "roe_4q": 4.640000000000001,
            "gross_profit": 103269,
            "gross_margin": 25.5,
            "gross_margin_4q_avg": 8.84,
            "net_income": 66651,
            "net_income_4q": null,
            "revenue": 404990,
            "revenue_4q": null,
            "common_shares": 766422,
            "book_valuer_per_share": 17.35,
            "book_valuer_per_share_4q_avg": 16.81,
            "equity": 1329416,
            "current_ratio": 202.54,
            "debt_ratio": 27.17,
            "inventory_turnover_ratio": 6.56,
            "account_receivable_turnover_ratio": 1.79,
            "reinvestment_rate": 1.54,
            "research_to_sale_ratio": null,
            "price_fair": 67.9,
            "eps_avg_yearly": 1.94,
            "eps_latest_yearly": 3.48,
            "eps_growth_yearly": 121.8
        },
        "20094": {
            "year_quarter": 20094,
            "year": 2009,
            "quarter": 4,
            "eps": 0.58,
            "eps_growth_year": 480,
            "eps_4q": 1.24,
            "eps_4q_growth_year": -8.69,
            "roe": 3.31,
            "roe_4q": 7.24,
            "gross_profit": 97325,
            "gross_margin": 23.12,
            "gross_margin_4q_avg": 11.46,
            "net_income": 44737,
            "net_income_4q": null,
            "revenue": 420926,
            "revenue_4q": null,
            "common_shares": 766422,
            "book_valuer_per_share": 17.9,
            "book_valuer_per_share_4q_avg": 17.12,
            "equity": 1371717,
            "current_ratio": 220.31,
            "debt_ratio": 25.98,
            "inventory_turnover_ratio": 6.02,
            "account_receivable_turnover_ratio": 3.27,
            "reinvestment_rate": 0.44,
            "research_to_sale_ratio": null,
            "price_fair": 68.3,
            "eps_avg_yearly": 1.95,
            "eps_latest_yearly": 2.32,
            "eps_growth_yearly": 116.74
        },
        "20101": {
            "year_quarter": 20101,
            "year": 2010,
            "quarter": 1,
            "eps": 1.09,
            "eps_growth_year": null,
            "eps_4q": 2.71,
            "eps_4q_growth_year": 148.61,
            "roe": 5.93,
            "roe_4q": 15.39,
            "gross_profit": 138423,
            "gross_margin": 26.94,
            "gross_margin_4q_avg": 22.12,
            "net_income": 83797,
            "net_income_4q": null,
            "revenue": 513759,
            "revenue_4q": null,
            "common_shares": 766422,
            "book_valuer_per_share": 19,
            "book_valuer_per_share_4q_avg": 17.68,
            "equity": 1456246,
            "current_ratio": 209.95,
            "debt_ratio": 28.72,
            "inventory_turnover_ratio": 4.34,
            "account_receivable_turnover_ratio": 1.71,
            "reinvestment_rate": 2.4,
            "research_to_sale_ratio": 2.95,
            "price_fair": 74.8,
            "eps_avg_yearly": 2.14,
            "eps_latest_yearly": 4.36,
            "eps_growth_yearly": 147.15
        },
        "20102": {
            "year_quarter": 20102,
            "year": 2010,
            "quarter": 2,
            "eps": 1.38,
            "eps_growth_year": 713.27,
            "eps_4q": 3.93,
            "eps_4q_growth_year": 526.73,
            "roe": 7.4,
            "roe_4q": 21.79,
            "gross_profit": 158536,
            "gross_margin": 25.27,
            "gross_margin_4q_avg": 25.21,
            "net_income": 105962,
            "net_income_4q": null,
            "revenue": 627258,
            "revenue_4q": null,
            "common_shares": 766422,
            "book_valuer_per_share": 18.37,
            "book_valuer_per_share_4q_avg": 18.16,
            "equity": 1408118,
            "current_ratio": 158.24,
            "debt_ratio": 35.38,
            "inventory_turnover_ratio": 3.87,
            "account_receivable_turnover_ratio": 1.53,
            "reinvestment_rate": 8.53,
            "research_to_sale_ratio": 2.7,
            "price_fair": 80,
            "eps_avg_yearly": 2.29,
            "eps_latest_yearly": 5.52,
            "eps_growth_yearly": 127.48
        },
        "20103": {
            "year_quarter": 20103,
            "year": 2010,
            "quarter": 3,
            "eps": 1.79,
            "eps_growth_year": 105.6,
            "eps_4q": 4.85,
            "eps_4q_growth_year": 508.6,
            "roe": 9.28,
            "roe_4q": 25.919999999999998,
            "gross_profit": 228761,
            "gross_margin": 31.59,
            "gross_margin_4q_avg": 26.73,
            "net_income": 137094,
            "net_income_4q": null,
            "revenue": 724088,
            "revenue_4q": null,
            "common_shares": 766422,
            "book_valuer_per_share": 20.18,
            "book_valuer_per_share_4q_avg": 18.86,
            "equity": 1546592,
            "current_ratio": 181.43,
            "debt_ratio": 29.05,
            "inventory_turnover_ratio": 3.89,
            "account_receivable_turnover_ratio": 1.51,
            "reinvestment_rate": 16.54,
            "research_to_sale_ratio": 3.1,
            "price_fair": 94.3,
            "eps_avg_yearly": 2.69,
            "eps_latest_yearly": 7.16,
            "eps_growth_yearly": 152.58
        },
        "20104": {
            "year_quarter": 20104,
            "year": 2010,
            "quarter": 4,
            "eps": 1.52,
            "eps_growth_year": 162.75,
            "eps_4q": 5.79,
            "eps_4q_growth_year": 365.77,
            "roe": 7.27,
            "roe_4q": 29.879999999999995,
            "gross_profit": 184664,
            "gross_margin": 28.81,
            "gross_margin_4q_avg": 28.15,
            "net_income": 116801,
            "net_income_4q": null,
            "revenue": 640891,
            "revenue_4q": null,
            "common_shares": 766422,
            "book_valuer_per_share": 21.73,
            "book_valuer_per_share_4q_avg": 19.82,
            "equity": 1665575,
            "current_ratio": 198.18,
            "debt_ratio": 26.45,
            "inventory_turnover_ratio": 3.67,
            "account_receivable_turnover_ratio": 1.44,
            "reinvestment_rate": 23.38,
            "research_to_sale_ratio": 2.3,
            "price_fair": 104.5,
            "eps_avg_yearly": 2.99,
            "eps_latest_yearly": 6.08,
            "eps_growth_yearly": 137.16
        },
        "20111": {
            "year_quarter": 20111,
            "year": 2011,
            "quarter": 1,
            "eps": 1.36,
            "eps_growth_year": 24.77,
            "eps_4q": 6.05,
            "eps_4q_growth_year": 123.1,
            "roe": 6.06,
            "roe_4q": 30.009999999999998,
            "gross_profit": 169527,
            "gross_margin": 27.54,
            "gross_margin_4q_avg": 28.3,
            "net_income": 104027,
            "net_income_4q": null,
            "revenue": 615631,
            "revenue_4q": null,
            "common_shares": 766422,
            "book_valuer_per_share": 0,
            "book_valuer_per_share_4q_avg": 15.07,
            "equity": 1768503,
            "current_ratio": 214.11,
            "debt_ratio": 26.72,
            "inventory_turnover_ratio": 4.08,
            "account_receivable_turnover_ratio": 1.4,
            "reinvestment_rate": 20.39,
            "research_to_sale_ratio": 3.07,
            "price_fair": 113.5,
            "eps_avg_yearly": 3.24,
            "eps_latest_yearly": 5.44,
            "eps_growth_yearly": 136.44
        },
        "20112": {
            "year_quarter": 20112,
            "year": 2011,
            "quarter": 2,
            "eps": 1.61,
            "eps_growth_year": 16.32,
            "eps_4q": 6.28,
            "eps_4q_growth_year": 59.78,
            "roe": 7.35,
            "roe_4q": 29.96,
            "gross_profit": 205506,
            "gross_margin": 29.98,
            "gross_margin_4q_avg": 29.48,
            "net_income": 123258,
            "net_income_4q": null,
            "revenue": 685504,
            "revenue_4q": null,
            "common_shares": 766422,
            "book_valuer_per_share": 0,
            "book_valuer_per_share_4q_avg": 10.48,
            "equity": 1584305,
            "current_ratio": 140.94,
            "debt_ratio": 39.05,
            "inventory_turnover_ratio": 4.29,
            "account_receivable_turnover_ratio": 1.33,
            "reinvestment_rate": 26.6,
            "research_to_sale_ratio": 3.04,
            "price_fair": 126.1,
            "eps_avg_yearly": 3.6,
            "eps_latest_yearly": 6.44,
            "eps_growth_yearly": 148.52
        },
        "20113": {
            "year_quarter": 20113,
            "year": 2011,
            "quarter": 3,
            "eps": 0.7,
            "eps_growth_year": -60.74,
            "eps_4q": 5.19,
            "eps_4q_growth_year": 7.08,
            "roe": 3.34,
            "roe_4q": 24.02,
            "gross_profit": 95996,
            "gross_margin": 18.29,
            "gross_margin_4q_avg": 26.16,
            "net_income": 53824,
            "net_income_4q": null,
            "revenue": 524819,
            "revenue_4q": null,
            "common_shares": 766422,
            "book_valuer_per_share": 21.36,
            "book_valuer_per_share_4q_avg": 10.77,
            "equity": 1641828,
            "current_ratio": 187.77,
            "debt_ratio": 24.17,
            "inventory_turnover_ratio": 4.31,
            "account_receivable_turnover_ratio": 1.04,
            "reinvestment_rate": 35.39,
            "research_to_sale_ratio": 3.01,
            "price_fair": 126.5,
            "eps_avg_yearly": 3.61,
            "eps_latest_yearly": 2.8,
            "eps_growth_yearly": 107.07
        },
        "20114": {
            "year_quarter": 20114,
            "year": 2011,
            "quarter": 4,
            "eps": 0.26,
            "eps_growth_year": -83.05,
            "eps_4q": 3.93,
            "eps_4q_growth_year": -32.18,
            "roe": 1.2,
            "roe_4q": 17.95,
            "gross_profit": 42820,
            "gross_margin": 9.23,
            "gross_margin_4q_avg": 21.26,
            "net_income": 19792,
            "net_income_4q": null,
            "revenue": 464122,
            "revenue_4q": null,
            "common_shares": 766422,
            "book_valuer_per_share": 21.61,
            "book_valuer_per_share_4q_avg": 10.74,
            "equity": 1668365,
            "current_ratio": 179.15,
            "debt_ratio": 24.89,
            "inventory_turnover_ratio": 4.82,
            "account_receivable_turnover_ratio": 1.16,
            "reinvestment_rate": 41.3,
            "research_to_sale_ratio": 2.95,
            "price_fair": 124.5,
            "eps_avg_yearly": 3.56,
            "eps_latest_yearly": 1.04,
            "eps_growth_yearly": 97.77
        },
        "20121": {
            "year_quarter": 20121,
            "year": 2012,
            "quarter": 1,
            "eps": 0.33,
            "eps_growth_year": -75.74,
            "eps_4q": 2.9,
            "eps_4q_growth_year": -52.07,
            "roe": 1.43,
            "roe_4q": 13.32,
            "gross_profit": 72025,
            "gross_margin": 14.02,
            "gross_margin_4q_avg": 17.88,
            "net_income": 24106,
            "net_income_4q": null,
            "revenue": 513746,
            "revenue_4q": null,
            "common_shares": 766422,
            "book_valuer_per_share": 21.96,
            "book_valuer_per_share_4q_avg": 16.23,
            "equity": 1706431,
            "current_ratio": 196.49,
            "debt_ratio": 23.48,
            "inventory_turnover_ratio": 4.52,
            "account_receivable_turnover_ratio": 1.32,
            "reinvestment_rate": 39.4,
            "research_to_sale_ratio": 3.12,
            "price_fair": 125,
            "eps_avg_yearly": 3.57,
            "eps_latest_yearly": 1.32,
            "eps_growth_yearly": 116.64
        },
        "20122": {
            "year_quarter": 20122,
            "year": 2012,
            "quarter": 2,
            "eps": 0.48,
            "eps_growth_year": -70.24,
            "eps_4q": 1.77,
            "eps_4q_growth_year": -71.79,
            "roe": 2.42,
            "roe_4q": 8.39,
            "gross_profit": 113026,
            "gross_margin": 16.73,
            "gross_margin_4q_avg": 14.57,
            "net_income": 41963,
            "net_income_4q": null,
            "revenue": 675736,
            "revenue_4q": null,
            "common_shares": 766422,
            "book_valuer_per_share": 19.41,
            "book_valuer_per_share_4q_avg": 21.09,
            "equity": 1765210,
            "current_ratio": 130.34,
            "debt_ratio": 61.01,
            "inventory_turnover_ratio": 3.35,
            "account_receivable_turnover_ratio": 1.03,
            "reinvestment_rate": 117.6,
            "research_to_sale_ratio": 2.62,
            "price_fair": 125.4,
            "eps_avg_yearly": 3.58,
            "eps_latest_yearly": 1.92,
            "eps_growth_yearly": 113.3
        },
        "20123": {
            "year_quarter": 20123,
            "year": 2012,
            "quarter": 3,
            "eps": 1.01,
            "eps_growth_year": 43.71,
            "eps_4q": 2.08,
            "eps_4q_growth_year": -59.97,
            "roe": 5.49,
            "roe_4q": 10.54,
            "gross_profit": 282216,
            "gross_margin": 21.34,
            "gross_margin_4q_avg": 15.33,
            "net_income": 99139,
            "net_income_4q": null,
            "revenue": 1322337,
            "revenue_4q": null,
            "common_shares": 766422,
            "book_valuer_per_share": 20.31,
            "book_valuer_per_share_4q_avg": 20.82,
            "equity": 1849279,
            "current_ratio": 118.74,
            "debt_ratio": 56.88,
            "inventory_turnover_ratio": 3.94,
            "account_receivable_turnover_ratio": 1.43,
            "reinvestment_rate": 100.07,
            "research_to_sale_ratio": 1.39,
            "price_fair": 130.8,
            "eps_avg_yearly": 3.74,
            "eps_latest_yearly": 4.04,
            "eps_growth_yearly": 142.9
        },
        "20124": {
            "year_quarter": 20124,
            "year": 2012,
            "quarter": 4,
            "eps": 1.2,
            "eps_growth_year": 363.21,
            "eps_4q": 3.02,
            "eps_4q_growth_year": -23.18,
            "roe": 6.46,
            "roe_4q": 15.799999999999999,
            "gross_profit": 248867,
            "gross_margin": 20.76,
            "gross_margin_4q_avg": 18.21,
            "net_income": 123659,
            "net_income_4q": null,
            "revenue": 1199024,
            "revenue_4q": null,
            "common_shares": 766422,
            "book_valuer_per_share": 21.46,
            "book_valuer_per_share_4q_avg": 20.79,
            "equity": 1978599,
            "current_ratio": 172.87,
            "debt_ratio": 54.73,
            "inventory_turnover_ratio": 3.12,
            "account_receivable_turnover_ratio": 1.33,
            "reinvestment_rate": 83.38,
            "research_to_sale_ratio": 1.44,
            "price_fair": 141.8,
            "eps_avg_yearly": 4.05,
            "eps_latest_yearly": 4.8,
            "eps_growth_yearly": 170.77
        },
        "20131": {
            "year_quarter": 20131,
            "year": 2013,
            "quarter": 1,
            "eps": 0.63,
            "eps_growth_year": 90.91,
            "eps_4q": 3.31,
            "eps_4q_growth_year": 14.11,
            "roe": 3.04,
            "roe_4q": 17.41,
            "gross_profit": 186192,
            "gross_margin": 17.28,
            "gross_margin_4q_avg": 19.03,
            "net_income": 61359,
            "net_income_4q": null,
            "revenue": 1077742,
            "revenue_4q": null,
            "common_shares": 766422,
            "book_valuer_per_share": 22.21,
            "book_valuer_per_share_4q_avg": 20.85,
            "equity": 2059771,
            "current_ratio": 181.41,
            "debt_ratio": 52.7,
            "inventory_turnover_ratio": 2.6,
            "account_receivable_turnover_ratio": 1.25,
            "reinvestment_rate": 76.71,
            "research_to_sale_ratio": 1.56,
            "price_fair": 138.23,
            "eps_avg_yearly": 3.95,
            "eps_latest_yearly": 2.52,
            "eps_growth_yearly": 146.71
        },
        "20132": {
            "year_quarter": 20132,
            "year": 2013,
            "quarter": 2,
            "eps": 1.57,
            "eps_growth_year": 228.08,
            "eps_4q": 4.4,
            "eps_4q_growth_year": 148.61,
            "roe": 6.6,
            "roe_4q": 21.590000000000003,
            "gross_profit": 253157,
            "gross_margin": 18.73,
            "gross_margin_4q_avg": 19.53,
            "net_income": 136205,
            "net_income_4q": null,
            "revenue": 1351950,
            "revenue_4q": null,
            "common_shares": 766422,
            "book_valuer_per_share": 21.94,
            "book_valuer_per_share_4q_avg": 21.48,
            "equity": 2069055,
            "current_ratio": 142.4,
            "debt_ratio": 54.64,
            "inventory_turnover_ratio": 3.18,
            "account_receivable_turnover_ratio": 1.54,
            "reinvestment_rate": 79.77,
            "research_to_sale_ratio": 1.26,
            "price_fair": 143.33,
            "eps_avg_yearly": 4.1,
            "eps_latest_yearly": 6.28,
            "eps_growth_yearly": 174.85
        },
        "20133": {
            "year_quarter": 20133,
            "year": 2013,
            "quarter": 3,
            "eps": 2.1,
            "eps_growth_year": 108.08,
            "eps_4q": 5.49,
            "eps_4q_growth_year": 164.36,
            "roe": 8.91,
            "roe_4q": 25.01,
            "gross_profit": 330120,
            "gross_margin": 20.79,
            "gross_margin_4q_avg": 19.39,
            "net_income": 194631,
            "net_income_4q": null,
            "revenue": 1587736,
            "revenue_4q": null,
            "common_shares": 766422,
            "book_valuer_per_share": 24.17,
            "book_valuer_per_share_4q_avg": 22.45,
            "equity": 2299453,
            "current_ratio": 163.52,
            "debt_ratio": 51.98,
            "inventory_turnover_ratio": 3.86,
            "account_receivable_turnover_ratio": 1.68,
            "reinvestment_rate": 68.88,
            "research_to_sale_ratio": 1.29,
            "price_fair": 154.09,
            "eps_avg_yearly": 4.4,
            "eps_latest_yearly": 8.4,
            "eps_growth_yearly": 80.34
        },
        "20134": {
            "year_quarter": 20134,
            "year": 2013,
            "quarter": 4,
            "eps": 1.82,
            "eps_growth_year": 51.77,
            "eps_4q": 6.11,
            "eps_4q_growth_year": 102.68,
            "roe": 6.89,
            "roe_4q": 25.439999999999998,
            "gross_profit": 300567,
            "gross_margin": 19.49,
            "gross_margin_4q_avg": 19.07,
            "net_income": 165665,
            "net_income_4q": null,
            "revenue": 1542437,
            "revenue_4q": null,
            "common_shares": 766422,
            "book_valuer_per_share": 26.21,
            "book_valuer_per_share_4q_avg": 23.63,
            "equity": 2512718,
            "current_ratio": 177.25,
            "debt_ratio": 49.44,
            "inventory_turnover_ratio": 3.67,
            "account_receivable_turnover_ratio": 1.53,
            "reinvestment_rate": 60.81,
            "research_to_sale_ratio": 0.68,
            "price_fair": 164.94,
            "eps_avg_yearly": 4.71,
            "eps_latest_yearly": 7.28,
            "eps_growth_yearly": 85.34
        },
        "20141": {
            "year_quarter": 20141,
            "year": 2014,
            "quarter": 1,
            "eps": 2.06,
            "eps_growth_year": 226.98,
            "eps_4q": 7.54,
            "eps_4q_growth_year": 127.87,
            "roe": 7.73,
            "roe_4q": 30.130000000000003,
            "gross_profit": 336329,
            "gross_margin": 21.4,
            "gross_margin_4q_avg": 20.1,
            "net_income": 202409,
            "net_income_4q": null,
            "revenue": 1571444,
            "revenue_4q": null,
            "common_shares": 766422,
            "book_valuer_per_share": 28.33,
            "book_valuer_per_share_4q_avg": 25.16,
            "equity": 2723795,
            "current_ratio": 184.56,
            "debt_ratio": 43.61,
            "inventory_turnover_ratio": 3.34,
            "account_receivable_turnover_ratio": 1.51,
            "reinvestment_rate": 51.56,
            "research_to_sale_ratio": 1.09,
            "price_fair": 173.43,
            "eps_avg_yearly": 4.96,
            "eps_latest_yearly": 8.24,
            "eps_growth_yearly": 66.66
        },
        "20142": {
            "year_quarter": 20142,
            "year": 2014,
            "quarter": 2,
            "eps": 2.57,
            "eps_growth_year": 63.69,
            "eps_4q": 8.54,
            "eps_4q_growth_year": 93.94,
            "roe": 10.02,
            "roe_4q": 33.55,
            "gross_profit": 426530,
            "gross_margin": 23.09,
            "gross_margin_4q_avg": 21.19,
            "net_income": 267967,
            "net_income_4q": null,
            "revenue": 1847114,
            "revenue_4q": null,
            "common_shares": 766422,
            "book_valuer_per_share": 26.25,
            "book_valuer_per_share_4q_avg": 26.24,
            "equity": 2626454,
            "current_ratio": 144,
            "debt_ratio": 50.84,
            "inventory_turnover_ratio": 3.47,
            "account_receivable_turnover_ratio": 1.59,
            "reinvestment_rate": 40.68,
            "research_to_sale_ratio": 0.87,
            "price_fair": 183.84,
            "eps_avg_yearly": 5.25,
            "eps_latest_yearly": 10.28,
            "eps_growth_yearly": 66.2
        },
        "20143": {
            "year_quarter": 20143,
            "year": 2014,
            "quarter": 3,
            "eps": 2.76,
            "eps_growth_year": 31.43,
            "eps_4q": 9.2,
            "eps_4q_growth_year": 67.5,
            "roe": 10.09,
            "roe_4q": 34.73,
            "gross_profit": 446595,
            "gross_margin": 24.81,
            "gross_margin_4q_avg": 22.2,
            "net_income": 282139,
            "net_income_4q": null,
            "revenue": 1800098,
            "revenue_4q": null,
            "common_shares": 766422,
            "book_valuer_per_share": 28.91,
            "book_valuer_per_share_4q_avg": 27.43,
            "equity": 2963413,
            "current_ratio": 173.26,
            "debt_ratio": 43.74,
            "inventory_turnover_ratio": 3.23,
            "account_receivable_turnover_ratio": 1.52,
            "reinvestment_rate": 37.77,
            "research_to_sale_ratio": 0.68,
            "price_fair": 192.33,
            "eps_avg_yearly": 5.5,
            "eps_latest_yearly": 11.04,
            "eps_growth_yearly": 60.62
        },
        "20144": {
            "year_quarter": 20144,
            "year": 2014,
            "quarter": 4,
            "eps": 2.39,
            "eps_growth_year": 31.55,
            "eps_4q": 9.77,
            "eps_4q_growth_year": 59.9,
            "roe": 6.92,
            "roe_4q": 34.76,
            "gross_profit": 371650,
            "gross_margin": 23.43,
            "gross_margin_4q_avg": 23.18,
            "net_income": 214279,
            "net_income_4q": null,
            "revenue": 1586484,
            "revenue_4q": null,
            "common_shares": 766422,
            "book_valuer_per_share": 31.59,
            "book_valuer_per_share_4q_avg": 28.77,
            "equity": 3225949,
            "current_ratio": 167.58,
            "debt_ratio": 37.71,
            "inventory_turnover_ratio": 2.85,
            "account_receivable_turnover_ratio": 1.44,
            "reinvestment_rate": 46.92,
            "research_to_sale_ratio": 0.85,
            "price_fair": 199.94,
            "eps_avg_yearly": 5.71,
            "eps_latest_yearly": 9.56,
            "eps_growth_yearly": 61.04
        },
        "20151": {
            "year_quarter": 20151,
            "year": 2015,
            "quarter": 1,
            "eps": 2.46,
            "eps_growth_year": 19.42,
            "eps_4q": 10.18,
            "eps_4q_growth_year": 34.97,
            "roe": 7.06,
            "roe_4q": 34.09,
            "gross_profit": 429164,
            "gross_margin": 27.37,
            "gross_margin_4q_avg": 24.68,
            "net_income": 235557,
            "net_income_4q": null,
            "revenue": 1568018,
            "revenue_4q": null,
            "common_shares": 766422,
            "book_valuer_per_share": 33.95,
            "book_valuer_per_share_4q_avg": 30.18,
            "equity": 3445228,
            "current_ratio": 185.01,
            "debt_ratio": 35.46,
            "inventory_turnover_ratio": 2.72,
            "account_receivable_turnover_ratio": 1.45,
            "reinvestment_rate": 48.54,
            "research_to_sale_ratio": 1.21,
            "price_fair": 209.56,
            "eps_avg_yearly": 5.99,
            "eps_latest_yearly": 9.84,
            "eps_growth_yearly": 64.4
        },
        "20152": {
            "year_quarter": 20152,
            "year": 2015,
            "quarter": 2,
            "eps": 2.93,
            "eps_growth_year": 14.01,
            "eps_4q": 9.28,
            "eps_4q_growth_year": 8.64,
            "roe": 9.34,
            "roe_4q": 33.41,
            "gross_profit": 514990,
            "gross_margin": 29.78,
            "gross_margin_4q_avg": 26.35,
            "net_income": 321689,
            "net_income_4q": null,
            "revenue": 1729222,
            "revenue_4q": null,
            "common_shares": 766422,
            "book_valuer_per_share": 32.79,
            "book_valuer_per_share_4q_avg": 31.81,
            "equity": 3444053,
            "current_ratio": 165.53,
            "debt_ratio": 40.98,
            "inventory_turnover_ratio": 2.9,
            "account_receivable_turnover_ratio": 1.47,
            "reinvestment_rate": 38.18,
            "research_to_sale_ratio": 1.21,
            "price_fair": 221.11,
            "eps_avg_yearly": 6.32,
            "eps_latest_yearly": 11.72,
            "eps_growth_yearly": 64.58
        },
        "20153": {
            "year_quarter": 20153,
            "year": 2015,
            "quarter": 3,
            "eps": 3.57,
            "eps_growth_year": 29.35,
            "eps_4q": 10.54,
            "eps_4q_growth_year": 14.58,
            "roe": 10.83,
            "roe_4q": 34.15,
            "gross_profit": 578107,
            "gross_margin": 32.07,
            "gross_margin_4q_avg": 28.16,
            "net_income": 396506,
            "net_income_4q": null,
            "revenue": 1802834,
            "revenue_4q": null,
            "common_shares": 919706,
            "book_valuer_per_share": 31.1,
            "book_valuer_per_share_4q_avg": 32.36,
            "equity": 3879778,
            "current_ratio": 195.82,
            "debt_ratio": 35.27,
            "inventory_turnover_ratio": 2.86,
            "account_receivable_turnover_ratio": 1.45,
            "reinvestment_rate": 28.58,
            "research_to_sale_ratio": 1.15,
            "price_fair": 246.23,
            "eps_avg_yearly": 7.04,
            "eps_latest_yearly": 14.28,
            "eps_growth_yearly": 84.17
        },
        "20154": {
            "year_quarter": 20154,
            "year": 2015,
            "quarter": 4,
            "eps": 3.91,
            "eps_growth_year": 63.77,
            "eps_4q": 12.46,
            "eps_4q_growth_year": 27.52,
            "roe": 10.94,
            "roe_4q": 38.17,
            "gross_profit": 696843,
            "gross_margin": 34.43,
            "gross_margin_4q_avg": 30.91,
            "net_income": 443982,
            "net_income_4q": null,
            "revenue": 2024119,
            "revenue_4q": null,
            "common_shares": 919706,
            "book_valuer_per_share": 34.65,
            "book_valuer_per_share_4q_avg": 33.12,
            "equity": 4239795,
            "current_ratio": 193.83,
            "debt_ratio": 37.51,
            "inventory_turnover_ratio": 2.82,
            "account_receivable_turnover_ratio": 1.49,
            "reinvestment_rate": 36.52,
            "research_to_sale_ratio": 1.41,
            "price_fair": 278.16,
            "eps_avg_yearly": 7.95,
            "eps_latest_yearly": 15.64,
            "eps_growth_yearly": 102.27
        },
        "20161": {
            "year_quarter": 20161,
            "year": 2016,
            "quarter": 1,
            "eps": 3.31,
            "eps_growth_year": 34.55,
            "eps_4q": 13.72,
            "eps_4q_growth_year": 34.74,
            "roe": 8.32,
            "roe_4q": 39.42999999999999,
            "gross_profit": 681938,
            "gross_margin": 33.32,
            "gross_margin_4q_avg": 32.4,
            "net_income": 367221,
            "net_income_4q": null,
            "revenue": 2046490,
            "revenue_4q": null,
            "common_shares": 919706,
            "book_valuer_per_share": 37.85,
            "book_valuer_per_share_4q_avg": 34.1,
            "equity": 4584828,
            "current_ratio": 206.49,
            "debt_ratio": 36.13,
            "inventory_turnover_ratio": 2.55,
            "account_receivable_turnover_ratio": 1.43,
            "reinvestment_rate": 32.55,
            "research_to_sale_ratio": 1.59,
            "price_fair": 304.24,
            "eps_avg_yearly": 8.69,
            "eps_latest_yearly": 13.24,
            "eps_growth_yearly": 91.7
        },
        "20162": {
            "year_quarter": 20162,
            "year": 2016,
            "quarter": 2,
            "eps": 3.08,
            "eps_growth_year": 5.12,
            "eps_4q": 12.07,
            "eps_4q_growth_year": 30.07,
            "roe": 8.9,
            "roe_4q": 38.989999999999995,
            "gross_profit": 631894,
            "gross_margin": 29.42,
            "gross_margin_4q_avg": 32.31,
            "net_income": 415312,
            "net_income_4q": null,
            "revenue": 2147592,
            "revenue_4q": null,
            "common_shares": 919706,
            "book_valuer_per_share": 36.1,
            "book_valuer_per_share_4q_avg": 34.93,
            "equity": 4749144,
            "current_ratio": 189.22,
            "debt_ratio": 40.48,
            "inventory_turnover_ratio": 3.18,
            "account_receivable_turnover_ratio": 1.55,
            "reinvestment_rate": -2.79,
            "research_to_sale_ratio": 1.62,
            "price_fair": 326.99,
            "eps_avg_yearly": 9.34,
            "eps_latest_yearly": 12.32,
            "eps_growth_yearly": 78.6
        },
        "20163": {
            "year_quarter": 20163,
            "year": 2016,
            "quarter": 3,
            "eps": 2.24,
            "eps_growth_year": -37.25,
            "eps_4q": 11.33,
            "eps_4q_growth_year": 7.48,
            "roe": 6.37,
            "roe_4q": 34.53,
            "gross_profit": 578041,
            "gross_margin": 28.38,
            "gross_margin_4q_avg": 31.39,
            "net_income": 310575,
            "net_income_4q": null,
            "revenue": 2036603,
            "revenue_4q": null,
            "common_shares": 1103647,
            "book_valuer_per_share": 32.11,
            "book_valuer_per_share_4q_avg": 35.18,
            "equity": 5007730,
            "current_ratio": 232.44,
            "debt_ratio": 31.9,
            "inventory_turnover_ratio": 3.66,
            "account_receivable_turnover_ratio": 1.43,
            "reinvestment_rate": -1.54,
            "research_to_sale_ratio": 1.37,
            "price_fair": 337.75,
            "eps_avg_yearly": 9.65,
            "eps_latest_yearly": 8.96,
            "eps_growth_yearly": 44.18
        },
        "20164": {
            "year_quarter": 20164,
            "year": 2016,
            "quarter": 4,
            "eps": 2.7,
            "eps_growth_year": -31.05,
            "eps_4q": 10.77,
            "eps_4q_growth_year": -13.6,
            "roe": 7.74,
            "roe_4q": 31.33,
            "gross_profit": 559318,
            "gross_margin": 28.3,
            "gross_margin_4q_avg": 29.86,
            "net_income": 402053,
            "net_income_4q": null,
            "revenue": 1976170,
            "revenue_4q": null,
            "common_shares": 1103647,
            "book_valuer_per_share": 34.65,
            "book_valuer_per_share_4q_avg": 35.18,
            "equity": 5378475,
            "current_ratio": 228.91,
            "debt_ratio": 33.13,
            "inventory_turnover_ratio": 3.35,
            "account_receivable_turnover_ratio": 1.33,
            "reinvestment_rate": 1.28,
            "research_to_sale_ratio": 1.35,
            "price_fair": 350.88,
            "eps_avg_yearly": 10.03,
            "eps_latest_yearly": 10.8,
            "eps_growth_yearly": 44.61
        },
        "20171": {
            "year_quarter": 20171,
            "year": 2017,
            "quarter": 1,
            "eps": 1.1,
            "eps_growth_year": -66.77,
            "eps_4q": 9.11,
            "eps_4q_growth_year": -33.55,
            "roe": 3.4,
            "roe_4q": 26.410000000000004,
            "gross_profit": 483718,
            "gross_margin": 26.67,
            "gross_margin_4q_avg": 28.19,
            "net_income": 184232,
            "net_income_4q": null,
            "revenue": 1814031,
            "revenue_4q": null,
            "common_shares": 1103647,
            "book_valuer_per_share": 35.29,
            "book_valuer_per_share_4q_avg": 34.54,
            "equity": 5449841,
            "current_ratio": 243.72,
            "debt_ratio": 30.32,
            "inventory_turnover_ratio": 2.96,
            "account_receivable_turnover_ratio": 1.26,
            "reinvestment_rate": 0.46,
            "research_to_sale_ratio": 1.09,
            "price_fair": 354.99,
            "eps_avg_yearly": 10.14,
            "eps_latest_yearly": 4.4,
            "eps_growth_yearly": 41.67
        },
        "20172": {
            "year_quarter": 20172,
            "year": 2017,
            "quarter": 2,
            "eps": 1.6,
            "eps_growth_year": -48.05,
            "eps_4q": 6.63,
            "eps_4q_growth_year": -45.03,
            "roe": 5.7,
            "roe_4q": 23.21,
            "gross_profit": 502805,
            "gross_margin": 26.67,
            "gross_margin_4q_avg": 27.51,
            "net_income": 294327,
            "net_income_4q": null,
            "revenue": 1885570,
            "revenue_4q": null,
            "common_shares": 1103647,
            "book_valuer_per_share": 30.88,
            "book_valuer_per_share_4q_avg": 33.23,
            "equity": 4869003,
            "current_ratio": 181.23,
            "debt_ratio": 39.45,
            "inventory_turnover_ratio": 3.4,
            "account_receivable_turnover_ratio": 1.33,
            "reinvestment_rate": 1.06,
            "research_to_sale_ratio": 1.18,
            "price_fair": 261.16,
            "eps_avg_yearly": 10.15,
            "eps_latest_yearly": 6.4,
            "eps_growth_yearly": 15.73
        },
        "20173": {
            "year_quarter": 20173,
            "year": 2017,
            "quarter": 3,
            "eps": 1.56,
            "eps_growth_year": -30.36,
            "eps_4q": 6.33,
            "eps_4q_growth_year": -44.17,
            "roe": 5.9,
            "roe_4q": 22.740000000000002,
            "gross_profit": 504449,
            "gross_margin": 28.02,
            "gross_margin_4q_avg": 27.42,
            "net_income": 296626,
            "net_income_4q": null,
            "revenue": 1800024,
            "revenue_4q": null,
            "common_shares": 1324376,
            "book_valuer_per_share": 27.36,
            "book_valuer_per_share_4q_avg": 32.05,
            "equity": 5185886,
            "current_ratio": 248.65,
            "debt_ratio": 28.21,
            "inventory_turnover_ratio": 3.23,
            "account_receivable_turnover_ratio": 1.25,
            "reinvestment_rate": 4.92,
            "research_to_sale_ratio": 1.54,
            "price_fair": 166.91,
            "eps_avg_yearly": 10.02,
            "eps_latest_yearly": 6.24,
            "eps_growth_yearly": 6.67
        },
        "20174": {
            "year_quarter": 20174,
            "year": 2017,
            "quarter": 4,
            "eps": 1.58,
            "eps_growth_year": -41.32,
            "eps_4q": 5.66,
            "eps_4q_growth_year": -47.42,
            "roe": 5.94,
            "roe_4q": 20.939999999999998,
            "gross_profit": 555337,
            "gross_margin": 31.38,
            "gross_margin_4q_avg": 28.19,
            "net_income": 317036,
            "net_income_4q": null,
            "revenue": 1769563,
            "revenue_4q": null,
            "common_shares": 1324376,
            "book_valuer_per_share": 28.86,
            "book_valuer_per_share_4q_avg": 30.6,
            "equity": 5482261,
            "current_ratio": 255.21,
            "debt_ratio": 28.4,
            "inventory_turnover_ratio": 2.86,
            "account_receivable_turnover_ratio": 1.24,
            "reinvestment_rate": 10.97,
            "research_to_sale_ratio": 2.29,
            "price_fair": 202.28,
            "eps_avg_yearly": 9.96,
            "eps_latest_yearly": 6.32,
            "eps_growth_yearly": 10.32
        },
        "20181": {
            "year_quarter": 20181,
            "year": 2018,
            "quarter": 1,
            "eps": 0.89,
            "eps_growth_year": -19.09,
            "eps_4q": 5.64,
            "eps_4q_growth_year": -38.16,
            "roe": 3.01,
            "roe_4q": 20.55,
            "gross_profit": 482826,
            "gross_margin": 27.88,
            "gross_margin_4q_avg": 28.49,
            "net_income": 168730,
            "net_income_4q": null,
            "revenue": 1731656,
            "revenue_4q": null,
            "common_shares": 1324376,
            "book_valuer_per_share": 30.05,
            "book_valuer_per_share_4q_avg": 29.29,
            "equity": 5714381,
            "current_ratio": 253.41,
            "debt_ratio": 30.14,
            "inventory_turnover_ratio": 3.54,
            "account_receivable_turnover_ratio": 1.29,
            "reinvestment_rate": 24.73,
            "research_to_sale_ratio": 2.06,
            "price_fair": 28.99,
            "eps_avg_yearly": 9.66,
            "eps_latest_yearly": 3.56,
            "eps_growth_yearly": -3.89
        },
        "20182": {
            "year_quarter": 20182,
            "year": 2018,
            "quarter": 2,
            "eps": 1.54,
            "eps_growth_year": -3.75,
            "eps_4q": 5.2,
            "eps_4q_growth_year": -21.56,
            "roe": 5.99,
            "roe_4q": 20.840000000000003,
            "gross_profit": 468997,
            "gross_margin": 24.46,
            "gross_margin_4q_avg": 27.94,
            "net_income": 336007,
            "net_income_4q": null,
            "revenue": 1917064,
            "revenue_4q": null,
            "common_shares": 1324376,
            "book_valuer_per_share": 28.78,
            "book_valuer_per_share_4q_avg": 28.76,
            "equity": 5501464,
            "current_ratio": 200.33,
            "debt_ratio": 36.65,
            "inventory_turnover_ratio": 5.45,
            "account_receivable_turnover_ratio": 1.39,
            "reinvestment_rate": 25.81,
            "research_to_sale_ratio": 2.12,
            "price_fair": 170.93,
            "eps_avg_yearly": 9.41,
            "eps_latest_yearly": 6.16,
            "eps_growth_yearly": 8.17
        },
        "20183": {
            "year_quarter": 20183,
            "year": 2018,
            "quarter": 3,
            "eps": 1.07,
            "eps_growth_year": -31.41,
            "eps_4q": 4.86,
            "eps_4q_growth_year": -23.2,
            "roe": 5.43,
            "roe_4q": 20.37,
            "gross_profit": 422923,
            "gross_margin": 25.69,
            "gross_margin_4q_avg": 27.35,
            "net_income": 305784,
            "net_income_4q": null,
            "revenue": 1646537,
            "revenue_4q": null,
            "common_shares": 1456814,
            "book_valuer_per_share": 27.08,
            "book_valuer_per_share_4q_avg": 28.69,
            "equity": 5753680,
            "current_ratio": 239.22,
            "debt_ratio": 30.49,
            "inventory_turnover_ratio": 4.8,
            "account_receivable_turnover_ratio": 1.17,
            "reinvestment_rate": 26.71,
            "research_to_sale_ratio": 2.32,
            "price_fair": 26.95,
            "eps_avg_yearly": 8.98,
            "eps_latest_yearly": 4.28,
            "eps_growth_yearly": -1.3
        },
        "20184": {
            "year_quarter": 20184,
            "year": 2018,
            "quarter": 4,
            "eps": 0.66,
            "eps_growth_year": -58.01,
            "eps_4q": 4.09,
            "eps_4q_growth_year": -27.85,
            "roe": 3.02,
            "roe_4q": 17.45,
            "gross_profit": 369296,
            "gross_margin": 23.87,
            "gross_margin_4q_avg": 25.48,
            "net_income": 174914,
            "net_income_4q": null,
            "revenue": 1546986,
            "revenue_4q": null,
            "common_shares": 1456814,
            "book_valuer_per_share": 27.4,
            "book_valuer_per_share_4q_avg": 28.33,
            "equity": 5832650,
            "current_ratio": 237.68,
            "debt_ratio": 30.41,
            "inventory_turnover_ratio": 4.29,
            "account_receivable_turnover_ratio": 1.21,
            "reinvestment_rate": 27.04,
            "research_to_sale_ratio": 2.09,
            "price_fair": 25.65,
            "eps_avg_yearly": 8.55,
            "eps_latest_yearly": 2.64,
            "eps_growth_yearly": -7.53
        },
        "20191": {
            "year_quarter": 20191,
            "year": 2019,
            "quarter": 1,
            "eps": 0.19,
            "eps_growth_year": -78.65,
            "eps_4q": 3.46,
            "eps_4q_growth_year": -38.57,
            "roe": 1.54,
            "roe_4q": 15.98,
            "gross_profit": 274685,
            "gross_margin": 18.88,
            "gross_margin_4q_avg": 23.23,
            "net_income": 90516,
            "net_income_4q": null,
            "revenue": 1454900,
            "revenue_4q": null,
            "common_shares": 1456814,
            "book_valuer_per_share": 27.7,
            "book_valuer_per_share_4q_avg": 27.74,
            "equity": 5958148,
            "current_ratio": 249.14,
            "debt_ratio": 29.85,
            "inventory_turnover_ratio": 4.24,
            "account_receivable_turnover_ratio": 1.2,
            "reinvestment_rate": 28.39,
            "research_to_sale_ratio": 2.22,
            "price_fair": 23.95,
            "eps_avg_yearly": 7.98,
            "eps_latest_yearly": 0.76,
            "eps_growth_yearly": -26.07
        },
        "20192": {
            "year_quarter": 20192,
            "year": 2019,
            "quarter": 2,
            "eps": 0.64,
            "eps_growth_year": -58.44,
            "eps_4q": 2.57,
            "eps_4q_growth_year": -50.63,
            "roe": 3.23,
            "roe_4q": 13.219999999999999,
            "gross_profit": 334028,
            "gross_margin": 23.07,
            "gross_margin_4q_avg": 22.88,
            "net_income": 184386,
            "net_income_4q": null,
            "revenue": 1447922,
            "revenue_4q": null,
            "common_shares": 1456814,
            "book_valuer_per_share": 25.27,
            "book_valuer_per_share_4q_avg": 26.86,
            "equity": 5452660,
            "current_ratio": 194.55,
            "debt_ratio": 35.45,
            "inventory_turnover_ratio": 4.67,
            "account_receivable_turnover_ratio": 1.23,
            "reinvestment_rate": 33.3,
            "research_to_sale_ratio": 2.2,
            "price_fair": 259.35,
            "eps_avg_yearly": 7.41,
            "eps_latest_yearly": 2.56,
            "eps_growth_yearly": 28.37
        },
        "20193": {
            "year_quarter": 20193,
            "year": 2019,
            "quarter": 3,
            "eps": 0.5,
            "eps_growth_year": -53.27,
            "eps_4q": 2,
            "eps_4q_growth_year": -58.92,
            "roe": 3.11,
            "roe_4q": 10.9,
            "gross_profit": 357713,
            "gross_margin": 24.16,
            "gross_margin_4q_avg": 22.5,
            "net_income": 171711,
            "net_income_4q": null,
            "revenue": 1480687,
            "revenue_4q": null,
            "common_shares": 1456814,
            "book_valuer_per_share": 25.63,
            "book_valuer_per_share_4q_avg": 26.5,
            "equity": 5579642,
            "current_ratio": 239.25,
            "debt_ratio": 29.91,
            "inventory_turnover_ratio": 4.64,
            "account_receivable_turnover_ratio": 1.24,
            "reinvestment_rate": 36.91,
            "research_to_sale_ratio": 2.36,
            "price_fair": 182.25,
            "eps_avg_yearly": 6.64,
            "eps_latest_yearly": 2,
            "eps_growth_yearly": 17.44
        },
        "20194": {
            "year_quarter": 20194,
            "year": 2019,
            "quarter": 4,
            "eps": 0.31,
            "eps_growth_year": -53.31,
            "eps_4q": 1.64,
            "eps_4q_growth_year": -59.8,
            "roe": 2.12,
            "roe_4q": 10,
            "gross_profit": 317850,
            "gross_margin": 23.25,
            "gross_margin_4q_avg": 22.34,
            "net_income": 119006,
            "net_income_4q": null,
            "revenue": 1367281,
            "revenue_4q": null,
            "common_shares": 1456814,
            "book_valuer_per_share": 25.85,
            "book_valuer_per_share_4q_avg": 26.11,
            "equity": 5661618,
            "current_ratio": 257.37,
            "debt_ratio": 28.13,
            "inventory_turnover_ratio": 3.72,
            "account_receivable_turnover_ratio": 1.23,
            "reinvestment_rate": 28.31,
            "research_to_sale_ratio": 2.48,
            "price_fair": 89.33,
            "eps_avg_yearly": 5.74,
            "eps_latest_yearly": 1.24,
            "eps_growth_yearly": 5.56
        },
        "20201": {
            "year_quarter": 20201,
            "year": 2020,
            "quarter": 1,
            "eps": 0.43,
            "eps_growth_year": 126.32,
            "eps_4q": 1.89,
            "eps_4q_growth_year": -45.46,
            "roe": 2.28,
            "roe_4q": 10.74,
            "gross_profit": 270461,
            "gross_margin": 21.06,
            "gross_margin_4q_avg": 22.89,
            "net_income": 127799,
            "net_income_4q": null,
            "revenue": 1284178,
            "revenue_4q": null,
            "common_shares": 1456814,
            "book_valuer_per_share": 26.19,
            "book_valuer_per_share_4q_avg": 25.74,
            "equity": 5526311,
            "current_ratio": 237.54,
            "debt_ratio": 29.8,
            "inventory_turnover_ratio": 3.23,
            "account_receivable_turnover_ratio": 1.24,
            "reinvestment_rate": 28.24,
            "research_to_sale_ratio": 2.52,
            "price_fair": 146.01,
            "eps_avg_yearly": 5.02,
            "eps_latest_yearly": 1.72,
            "eps_growth_yearly": 19.07
        },
        "20202": {
            "year_quarter": 20202,
            "year": 2020,
            "quarter": 2,
            "eps": 0.58,
            "eps_growth_year": -9.38,
            "eps_4q": 1.82,
            "eps_4q_growth_year": -29.06,
            "roe": 3.27,
            "roe_4q": 10.78,
            "gross_profit": 422635,
            "gross_margin": 25.44,
            "gross_margin_4q_avg": 23.48,
            "net_income": 181032,
            "net_income_4q": null,
            "revenue": 1661528,
            "revenue_4q": null,
            "common_shares": 1456814,
            "book_valuer_per_share": 25.68,
            "book_valuer_per_share_4q_avg": 25.84,
            "equity": 5531755,
            "current_ratio": 212.27,
            "debt_ratio": 33.38,
            "inventory_turnover_ratio": 3.64,
            "account_receivable_turnover_ratio": 1.48,
            "reinvestment_rate": 36.32,
            "research_to_sale_ratio": 2.34,
            "price_fair": 153.91,
            "eps_avg_yearly": 4.4,
            "eps_latest_yearly": 2.32,
            "eps_growth_yearly": 29.53
        },
        "20203": {
            "year_quarter": 20203,
            "year": 2020,
            "quarter": 3,
            "eps": 0.31,
            "eps_growth_year": -38,
            "eps_4q": 1.64,
            "eps_4q_growth_year": -18.09,
            "roe": 2.32,
            "roe_4q": 9.989999999999998,
            "gross_profit": 368528,
            "gross_margin": 22.48,
            "gross_margin_4q_avg": 23.06,
            "net_income": 130313,
            "net_income_4q": null,
            "revenue": 1639375,
            "revenue_4q": null,
            "common_shares": 1456814,
            "book_valuer_per_share": 26.1,
            "book_valuer_per_share_4q_avg": 25.96,
            "equity": 5697209,
            "current_ratio": 240.43,
            "debt_ratio": 29.25,
            "inventory_turnover_ratio": 3.6,
            "account_receivable_turnover_ratio": 1.36,
            "reinvestment_rate": 39.43,
            "research_to_sale_ratio": 2.28,
            "price_fair": 135.89,
            "eps_avg_yearly": 3.92,
            "eps_latest_yearly": 1.24,
            "eps_growth_yearly": 24.71
        },
        "20204": {
            "year_quarter": 20204,
            "year": 2020,
            "quarter": 4,
            "eps": 0.33,
            "eps_growth_year": 5.87,
            "eps_4q": 1.65,
            "eps_4q_growth_year": 0.69,
            "roe": 2.3,
            "roe_4q": 10.169999999999998,
            "gross_profit": 364849,
            "gross_margin": 22.47,
            "gross_margin_4q_avg": 22.86,
            "net_income": 132080,
            "net_income_4q": null,
            "revenue": 1623495,
            "revenue_4q": null,
            "common_shares": 1456814,
            "book_valuer_per_share": 26.55,
            "book_valuer_per_share_4q_avg": 26.13,
            "equity": 5812015,
            "current_ratio": 216.18,
            "debt_ratio": 30.03,
            "inventory_turnover_ratio": 3.64,
            "account_receivable_turnover_ratio": 1.34,
            "reinvestment_rate": 58.21,
            "research_to_sale_ratio": 2.37,
            "price_fair": 103.62,
            "eps_avg_yearly": 3.32,
            "eps_latest_yearly": 1.32,
            "eps_growth_yearly": 21.19
        },
        "20211": {
            "year_quarter": 20211,
            "year": 2021,
            "quarter": 1,
            "eps": 0.62,
            "eps_growth_year": 44.19,
            "eps_4q": 1.84,
            "eps_4q_growth_year": -2.46,
            "roe": 3.25,
            "roe_4q": 11.139999999999999,
            "gross_profit": 405065,
            "gross_margin": 23.26,
            "gross_margin_4q_avg": 23.41,
            "net_income": 186320,
            "net_income_4q": null,
            "revenue": 1741556,
            "revenue_4q": null,
            "common_shares": 1456814,
            "book_valuer_per_share": 27.2,
            "book_valuer_per_share_4q_avg": 26.38,
            "equity": 5664933,
            "current_ratio": 184.35,
            "debt_ratio": 36.05,
            "inventory_turnover_ratio": 4.02,
            "account_receivable_turnover_ratio": 1.39,
            "reinvestment_rate": 79.89,
            "research_to_sale_ratio": 2.1,
            "price_fair": 112.09,
            "eps_avg_yearly": 3.2,
            "eps_latest_yearly": 2.48,
            "eps_growth_yearly": 57.97
        },
        "20212": {
            "year_quarter": 20212,
            "year": 2021,
            "quarter": 2,
            "eps": 0.75,
            "eps_growth_year": 29.31,
            "eps_4q": 2.01,
            "eps_4q_growth_year": 10.35,
            "roe": 3.55,
            "roe_4q": 11.42,
            "gross_profit": 461526,
            "gross_margin": 25.06,
            "gross_margin_4q_avg": 23.32,
            "net_income": 204774,
            "net_income_4q": null,
            "revenue": 1841755,
            "revenue_4q": null,
            "common_shares": 1456814,
            "book_valuer_per_share": 27.91,
            "book_valuer_per_share_4q_avg": 26.94,
            "equity": 5860675,
            "current_ratio": 191.47,
            "debt_ratio": 37.85,
            "inventory_turnover_ratio": 4.17,
            "account_receivable_turnover_ratio": 1.39,
            "reinvestment_rate": 100.04,
            "research_to_sale_ratio": 2.05,
            "price_fair": 104.65,
            "eps_avg_yearly": 2.99,
            "eps_latest_yearly": 3,
            "eps_growth_yearly": 51.85
        },
        "20213": {
            "year_quarter": 20213,
            "year": 2021,
            "quarter": 3,
            "eps": 0.73,
            "eps_growth_year": 135.48,
            "eps_4q": 2.43,
            "eps_4q_growth_year": 48.52,
            "roe": 4,
            "roe_4q": 13.100000000000001,
            "gross_profit": 436912,
            "gross_margin": 23.88,
            "gross_margin_4q_avg": 23.67,
            "net_income": 234401,
            "net_income_4q": null,
            "revenue": 1829459,
            "revenue_4q": null,
            "common_shares": 1456814,
            "book_valuer_per_share": 27.18,
            "book_valuer_per_share_4q_avg": 27.21,
            "equity": 5871924,
            "current_ratio": 188.54,
            "debt_ratio": 36.71,
            "inventory_turnover_ratio": 3.61,
            "account_receivable_turnover_ratio": 1.37,
            "reinvestment_rate": 117.38,
            "research_to_sale_ratio": 2.08,
            "price_fair": 97.39,
            "eps_avg_yearly": 2.78,
            "eps_latest_yearly": 2.92,
            "eps_growth_yearly": 51.81
        },
        "20214": {
            "year_quarter": 20214,
            "year": 2021,
            "quarter": 4,
            "eps": 0.45,
            "eps_growth_year": 36.03,
            "eps_4q": 2.55,
            "eps_4q_growth_year": 54.04,
            "roe": 2.77,
            "roe_4q": 13.57,
            "gross_profit": 389163,
            "gross_margin": 21.8,
            "gross_margin_4q_avg": 23.5,
            "net_income": 165146,
            "net_income_4q": null,
            "revenue": 1784770,
            "revenue_4q": null,
            "common_shares": 1456814,
            "book_valuer_per_share": 27.71,
            "book_valuer_per_share_4q_avg": 27.5,
            "equity": 6060628,
            "current_ratio": 171.48,
            "debt_ratio": 38.98,
            "inventory_turnover_ratio": 3.05,
            "account_receivable_turnover_ratio": 1.33,
            "reinvestment_rate": 142.35,
            "research_to_sale_ratio": 2.1,
            "price_fair": 87.5,
            "eps_avg_yearly": 2.5,
            "eps_latest_yearly": 1.8,
            "eps_growth_yearly": 41.9
        },
        "20221": {
            "year_quarter": 20221,
            "year": 2022,
            "quarter": 1,
            "eps": 0.43,
            "eps_growth_year": -30.65,
            "eps_4q": 2.35,
            "eps_4q_growth_year": 27.58,
            "roe": 3.09,
            "roe_4q": 13.41,
            "gross_profit": 337019,
            "gross_margin": 20.24,
            "gross_margin_4q_avg": 22.75,
            "net_income": 185822,
            "net_income_4q": null,
            "revenue": 1665309,
            "revenue_4q": null,
            "common_shares": 1456814,
            "book_valuer_per_share": 28.33,
            "book_valuer_per_share_4q_avg": 27.78,
            "equity": 5961211,
            "current_ratio": 152.11,
            "debt_ratio": 42.32,
            "inventory_turnover_ratio": 2.47,
            "account_receivable_turnover_ratio": 1.29,
            "reinvestment_rate": 133.9,
            "research_to_sale_ratio": 2.06,
            "price_fair": 83.48,
            "eps_avg_yearly": 2.39,
            "eps_latest_yearly": 1.72,
            "eps_growth_yearly": 51.71
        },
        "20222": {
            "year_quarter": 20222,
            "year": 2022,
            "quarter": 2,
            "eps": 0.51,
            "eps_growth_year": -32,
            "eps_4q": 2.12,
            "eps_4q_growth_year": 5.24,
            "roe": 3.49,
            "roe_4q": 13.35,
            "gross_profit": 307110,
            "gross_margin": 16.97,
            "gross_margin_4q_avg": 20.72,
            "net_income": 205816,
            "net_income_4q": null,
            "revenue": 1809808,
            "revenue_4q": null,
            "common_shares": 1456814,
            "book_valuer_per_share": 26.86,
            "book_valuer_per_share_4q_avg": 27.52,
            "equity": 5845771,
            "current_ratio": 146.46,
            "debt_ratio": 43.76,
            "inventory_turnover_ratio": 2.84,
            "account_receivable_turnover_ratio": 1.35,
            "reinvestment_rate": 157.11,
            "research_to_sale_ratio": 1.98,
            "price_fair": 74.46,
            "eps_avg_yearly": 2.13,
            "eps_latest_yearly": 2.04,
            "eps_growth_yearly": 38.1
        },
        "20223": {
            "year_quarter": 20223,
            "year": 2022,
            "quarter": 3,
            "eps": 0.6,
            "eps_growth_year": -17.81,
            "eps_4q": 1.99,
            "eps_4q_growth_year": -18.25,
            "roe": 3.87,
            "roe_4q": 13.219999999999999,
            "gross_profit": 387655,
            "gross_margin": 21.75,
            "gross_margin_4q_avg": 20.19,
            "net_income": 231394,
            "net_income_4q": null,
            "revenue": 1782283,
            "revenue_4q": null,
            "common_shares": 1456814,
            "book_valuer_per_share": 27.54,
            "book_valuer_per_share_4q_avg": 27.61,
            "equity": 6103688,
            "current_ratio": 167.44,
            "debt_ratio": 38.97,
            "inventory_turnover_ratio": 3.37,
            "account_receivable_turnover_ratio": 1.26,
            "reinvestment_rate": 163.97,
            "research_to_sale_ratio": 2.14,
            "price_fair": 70.35,
            "eps_avg_yearly": 2.01,
            "eps_latest_yearly": 2.4,
            "eps_growth_yearly": 50.14
        },
        "20224": {
            "year_quarter": 20224,
            "year": 2022,
            "quarter": 4,
            "eps": -0.22,
            "eps_growth_year": -149.7,
            "eps_4q": 1.32,
            "eps_4q_growth_year": -48.3,
            "roe": 0.41,
            "roe_4q": 10.86,
            "gross_profit": 260205,
            "gross_margin": 17.14,
            "gross_margin_4q_avg": 19.03,
            "net_income": 25289,
            "net_income_4q": null,
            "revenue": 1518381,
            "revenue_4q": null,
            "common_shares": 1456814,
            "book_valuer_per_share": 27.25,
            "book_valuer_per_share_4q_avg": 27.5,
            "equity": 6238418,
            "current_ratio": 180.01,
            "debt_ratio": 38.66,
            "inventory_turnover_ratio": 2.8,
            "account_receivable_turnover_ratio": 1.29,
            "reinvestment_rate": 165.37,
            "research_to_sale_ratio": 2.27,
            "price_fair": 68.88,
            "eps_avg_yearly": 1.97,
            "eps_latest_yearly": 2.4,
            "eps_growth_yearly": 63.7
        },
        "20231": {
            "year_quarter": 20231,
            "year": 2023,
            "quarter": 1,
            "eps": -0.28,
            "eps_growth_year": -165.12,
            "eps_4q": 0.62,
            "eps_4q_growth_year": -73.79,
            "roe": 0.29,
            "roe_4q": 8.06,
            "gross_profit": 216908,
            "gross_margin": 17.18,
            "gross_margin_4q_avg": 18.26,
            "net_income": 17551,
            "net_income_4q": null,
            "revenue": 1262932,
            "revenue_4q": null,
            "common_shares": 1456814,
            "book_valuer_per_share": 26.96,
            "book_valuer_per_share_4q_avg": 27.15,
            "equity": 5905067,
            "current_ratio": 173.77,
            "debt_ratio": 39.18,
            "inventory_turnover_ratio": 2.12,
            "account_receivable_turnover_ratio": 1.34,
            "reinvestment_rate": 200.29,
            "research_to_sale_ratio": 3.39,
            "price_fair": 71.9,
            "eps_avg_yearly": 2.05,
            "eps_latest_yearly": 2.4,
            "eps_growth_yearly": 88.6
        },
        "20232": {
            "year_quarter": 20232,
            "year": 2023,
            "quarter": 2,
            "eps": -0.09,
            "eps_growth_year": -117.65,
            "eps_4q": 0.01,
            "eps_4q_growth_year": -99.37,
            "roe": 0.87,
            "roe_4q": 5.4399999999999995,
            "gross_profit": 185800,
            "gross_margin": 14.39,
            "gross_margin_4q_avg": 17.62,
            "net_income": 51215,
            "net_income_4q": null,
            "revenue": 1291364,
            "revenue_4q": null,
            "common_shares": 1456814,
            "book_valuer_per_share": 26.22,
            "book_valuer_per_share_4q_avg": 26.99,
            "equity": 5837512,
            "current_ratio": 188.64,
            "debt_ratio": 37.69,
            "inventory_turnover_ratio": 2.46,
            "account_receivable_turnover_ratio": 1.41,
            "reinvestment_rate": 196.78,
            "research_to_sale_ratio": 3.45,
            "price_fair": 65.58,
            "eps_avg_yearly": 2.02,
            "eps_latest_yearly": 2.4,
            "eps_growth_yearly": 22.54
        },
        "20233": {
            "year_quarter": 20233,
            "year": 2023,
            "quarter": 3,
            "eps": -0.14,
            "eps_growth_year": -123.33,
            "eps_4q": -0.73,
            "eps_4q_growth_year": -136.91,
            "roe": 0.38,
            "roe_4q": 1.95,
            "gross_profit": 181788,
            "gross_margin": 12.92,
            "gross_margin_4q_avg": 15.41,
            "net_income": 22131,
            "net_income_4q": null,
            "revenue": 1406587,
            "revenue_4q": null,
            "common_shares": 1456814,
            "book_valuer_per_share": 26.4,
            "book_valuer_per_share_4q_avg": 26.71,
            "equity": 5962739,
            "current_ratio": 194.08,
            "debt_ratio": 33.75,
            "inventory_turnover_ratio": 2.78,
            "account_receivable_turnover_ratio": 1.39,
            "reinvestment_rate": 217.59,
            "research_to_sale_ratio": 3.08,
            "price_fair": 70.58,
            "eps_avg_yearly": 2.02,
            "eps_latest_yearly": 2.4,
            "eps_growth_yearly": 31.71
        },
        "20234": {
            "year_quarter": 20234,
            "year": 2023,
            "quarter": 4,
            "eps": -0.01,
            "eps_growth_year": null,
            "eps_4q": -0.52,
            "eps_4q_growth_year": -139.7,
            "roe": 0.69,
            "roe_4q": 2.23,
            "gross_profit": 220807,
            "gross_margin": 15.35,
            "gross_margin_4q_avg": 14.96,
            "net_income": 40904,
            "net_income_4q": null,
            "revenue": 1438314,
            "revenue_4q": null,
            "common_shares": 1456814,
            "book_valuer_per_share": 26.12,
            "book_valuer_per_share_4q_avg": 26.43,
            "equity": 5955808,
            "current_ratio": 212.62,
            "debt_ratio": 33.4,
            "inventory_turnover_ratio": 2.96,
            "account_receivable_turnover_ratio": 1.37,
            "reinvestment_rate": 204.24,
            "research_to_sale_ratio": 3.32,
            "price_fair": 73.05,
            "eps_avg_yearly": 2.09,
            "eps_latest_yearly": 2.4,
            "eps_growth_yearly": 48.41
        }
    },
    "months": {
        "2005-04": {
            "month": "2005-04",
            "price": "29.30",
            "revenue": 137047
        },
        "2005-05": {
            "month": "2005-05",
            "price": "28.74",
            "revenue": 150835
        },
        "2005-06": {
            "month": "2005-06",
            "price": "29.24",
            "revenue": 152671
        },
        "2005-07": {
            "month": "2005-07",
            "price": "32.28",
            "revenue": 149508
        },
        "2005-08": {
            "month": "2005-08",
            "price": "30.53",
            "revenue": 135806
        },
        "2005-09": {
            "month": "2005-09",
            "price": "28.64",
            "revenue": 139927
        },
        "2005-10": {
            "month": "2005-10",
            "price": "26.74",
            "revenue": 141111
        },
        "2005-11": {
            "month": "2005-11",
            "price": "27.09",
            "revenue": 117205
        },
        "2005-12": {
            "month": "2005-12",
            "price": "30.61",
            "revenue": 120007
        },
        "2006-01": {
            "month": "2006-01",
            "price": "34.94",
            "revenue": 130562
        },
        "2006-02": {
            "month": "2006-02",
            "price": "40.77",
            "revenue": 132008
        },
        "2006-03": {
            "month": "2006-03",
            "price": "42.43",
            "revenue": 153517
        },
        "2006-04": {
            "month": "2006-04",
            "price": "41.73",
            "revenue": 150283
        },
        "2006-05": {
            "month": "2006-05",
            "price": "36.50",
            "revenue": 146042
        },
        "2006-06": {
            "month": "2006-06",
            "price": "30.65",
            "revenue": 130050
        },
        "2006-07": {
            "month": "2006-07",
            "price": "29.18",
            "revenue": 120236
        },
        "2006-08": {
            "month": "2006-08",
            "price": "25.20",
            "revenue": 103214
        },
        "2006-09": {
            "month": "2006-09",
            "price": "23.04",
            "revenue": 101074
        },
        "2006-10": {
            "month": "2006-10",
            "price": "22.19",
            "revenue": 89004
        },
        "2006-11": {
            "month": "2006-11",
            "price": "22.62",
            "revenue": 88766
        },
        "2006-12": {
            "month": "2006-12",
            "price": "25.09",
            "revenue": 101741
        },
        "2007-01": {
            "month": "2007-01",
            "price": "27.29",
            "revenue": 82874
        },
        "2007-02": {
            "month": "2007-02",
            "price": "25.88",
            "revenue": 79262
        },
        "2007-03": {
            "month": "2007-03",
            "price": "27.34",
            "revenue": 101882
        },
        "2007-04": {
            "month": "2007-04",
            "price": "35.10",
            "revenue": 78842
        },
        "2007-05": {
            "month": "2007-05",
            "price": "40.03",
            "revenue": 84647
        },
        "2007-06": {
            "month": "2007-06",
            "price": "40.38",
            "revenue": 110072
        },
        "2007-07": {
            "month": "2007-07",
            "price": "48.51",
            "revenue": 109355
        },
        "2007-08": {
            "month": "2007-08",
            "price": "43.21",
            "revenue": 108024
        },
        "2007-09": {
            "month": "2007-09",
            "price": "37.07",
            "revenue": 128751
        },
        "2007-10": {
            "month": "2007-10",
            "price": "36.37",
            "revenue": 115297
        },
        "2007-11": {
            "month": "2007-11",
            "price": "26.85",
            "revenue": 128358
        },
        "2007-12": {
            "month": "2007-12",
            "price": "23.36",
            "revenue": 131668
        },
        "2008-01": {
            "month": "2008-01",
            "price": "22.30",
            "revenue": 111127
        },
        "2008-02": {
            "month": "2008-02",
            "price": "20.73",
            "revenue": 108699
        },
        "2008-03": {
            "month": "2008-03",
            "price": "22.99",
            "revenue": 109455
        },
        "2008-04": {
            "month": "2008-04",
            "price": "26.01",
            "revenue": 112160
        },
        "2008-05": {
            "month": "2008-05",
            "price": "25.74",
            "revenue": 125030
        },
        "2008-06": {
            "month": "2008-06",
            "price": "22.99",
            "revenue": 140329
        },
        "2008-07": {
            "month": "2008-07",
            "price": "19.97",
            "revenue": 123589
        },
        "2008-08": {
            "month": "2008-08",
            "price": "20.51",
            "revenue": 105103
        },
        "2008-09": {
            "month": "2008-09",
            "price": "15.13",
            "revenue": 104958
        },
        "2008-10": {
            "month": "2008-10",
            "price": "12.98",
            "revenue": 80401
        },
        "2008-11": {
            "month": "2008-11",
            "price": "11.10",
            "revenue": 68054
        },
        "2008-12": {
            "month": "2008-12",
            "price": "10.06",
            "revenue": 62178
        },
        "2009-01": {
            "month": "2009-01",
            "price": "10.52",
            "revenue": 37529
        },
        "2009-02": {
            "month": "2009-02",
            "price": "10.77",
            "revenue": 38286
        },
        "2009-03": {
            "month": "2009-03",
            "price": "11.98",
            "revenue": 51013
        },
        "2009-04": {
            "month": "2009-04",
            "price": "13.34",
            "revenue": 68906
        },
        "2009-05": {
            "month": "2009-05",
            "price": "13.49",
            "revenue": 74088
        },
        "2009-06": {
            "month": "2009-06",
            "price": "13.13",
            "revenue": 92592
        },
        "2009-07": {
            "month": "2009-07",
            "price": "18.85",
            "revenue": 117365
        },
        "2009-08": {
            "month": "2009-08",
            "price": "29.35",
            "revenue": 142531
        },
        "2009-09": {
            "month": "2009-09",
            "price": "30.75",
            "revenue": 145094
        },
        "2009-10": {
            "month": "2009-10",
            "price": "37.73",
            "revenue": 147362
        },
        "2009-11": {
            "month": "2009-11",
            "price": "41.64",
            "revenue": 124573
        },
        "2009-12": {
            "month": "2009-12",
            "price": "42.49",
            "revenue": 148991
        },
        "2010-01": {
            "month": "2010-01",
            "price": "54.79",
            "revenue": 158984
        },
        "2010-02": {
            "month": "2010-02",
            "price": "56.67",
            "revenue": 152261
        },
        "2010-03": {
            "month": "2010-03",
            "price": "63.41",
            "revenue": 202513
        },
        "2010-04": {
            "month": "2010-04",
            "price": "72.53",
            "revenue": 180376
        },
        "2010-05": {
            "month": "2010-05",
            "price": "70.69",
            "revenue": 213958
        },
        "2010-06": {
            "month": "2010-06",
            "price": "75.24",
            "revenue": 232925
        },
        "2010-07": {
            "month": "2010-07",
            "price": "69.81",
            "revenue": 239787
        },
        "2010-08": {
            "month": "2010-08",
            "price": "69.45",
            "revenue": 241852
        },
        "2010-09": {
            "month": "2010-09",
            "price": "78.83",
            "revenue": 242450
        },
        "2010-10": {
            "month": "2010-10",
            "price": "75.15",
            "revenue": 217555
        },
        "2010-11": {
            "month": "2010-11",
            "price": "74.57",
            "revenue": 207220
        },
        "2010-12": {
            "month": "2010-12",
            "price": "77.24",
            "revenue": 216115
        },
        "2011-01": {
            "month": "2011-01",
            "price": "75.25",
            "revenue": 205338
        },
        "2011-02": {
            "month": "2011-02",
            "price": "74.22",
            "revenue": 186183
        },
        "2011-03": {
            "month": "2011-03",
            "price": "81.71",
            "revenue": 224111
        },
        "2011-04": {
            "month": "2011-04",
            "price": "88.65",
            "revenue": 230560
        },
        "2011-05": {
            "month": "2011-05",
            "price": "86.90",
            "revenue": 226286
        },
        "2011-06": {
            "month": "2011-06",
            "price": "84.51",
            "revenue": 228658
        },
        "2011-07": {
            "month": "2011-07",
            "price": "69.81",
            "revenue": 199527
        },
        "2011-08": {
            "month": "2011-08",
            "price": "56.43",
            "revenue": 160581
        },
        "2011-09": {
            "month": "2011-09",
            "price": "55.24",
            "revenue": 164710
        },
        "2011-10": {
            "month": "2011-10",
            "price": "51.66",
            "revenue": 165066
        },
        "2011-11": {
            "month": "2011-11",
            "price": "48.29",
            "revenue": 150952
        },
        "2011-12": {
            "month": "2011-12",
            "price": "36.22",
            "revenue": 146668
        },
        "2012-01": {
            "month": "2012-01",
            "price": "41.80",
            "revenue": 148065
        },
        "2012-02": {
            "month": "2012-02",
            "price": "53.33",
            "revenue": 164541
        },
        "2012-03": {
            "month": "2012-03",
            "price": "55.42",
            "revenue": 196223
        },
        "2012-04": {
            "month": "2012-04",
            "price": "45.72",
            "revenue": 180827
        },
        "2012-05": {
            "month": "2012-05",
            "price": "39.37",
            "revenue": 164000
        },
        "2012-06": {
            "month": "2012-06",
            "price": "38.43",
            "revenue": 174858
        },
        "2012-07": {
            "month": "2012-07",
            "price": "35.35",
            "revenue": 194309
        },
        "2012-08": {
            "month": "2012-08",
            "price": "37.81",
            "revenue": 209032
        },
        "2012-09": {
            "month": "2012-09",
            "price": "40.64",
            "revenue": 210124
        },
        "2012-10": {
            "month": "2012-10",
            "price": "36.71",
            "revenue": 216781
        },
        "2012-11": {
            "month": "2012-11",
            "price": "40.72",
            "revenue": 221211
        },
        "2012-12": {
            "month": "2012-12",
            "price": "46.99",
            "revenue": 173142
        },
        "2013-01": {
            "month": "2013-01",
            "price": "49.42",
            "revenue": 350144
        },
        "2013-02": {
            "month": "2013-02",
            "price": "54.17",
            "revenue": 312573
        },
        "2013-03": {
            "month": "2013-03",
            "price": "53.91",
            "revenue": 415055
        },
        "2013-04": {
            "month": "2013-04",
            "price": "70.67",
            "revenue": 438340
        },
        "2013-05": {
            "month": "2013-05",
            "price": "72.01",
            "revenue": 454911
        },
        "2013-06": {
            "month": "2013-06",
            "price": "68.49",
            "revenue": 458699
        },
        "2013-07": {
            "month": "2013-07",
            "price": "66.21",
            "revenue": 515391
        },
        "2013-08": {
            "month": "2013-08",
            "price": "69.42",
            "revenue": 533155
        },
        "2013-09": {
            "month": "2013-09",
            "price": "64.94",
            "revenue": 539190
        },
        "2013-10": {
            "month": "2013-10",
            "price": "69.25",
            "revenue": 479763
        },
        "2013-11": {
            "month": "2013-11",
            "price": "69.19",
            "revenue": 527319
        },
        "2013-12": {
            "month": "2013-12",
            "price": "76.52",
            "revenue": 535354
        },
        "2014-01": {
            "month": "2014-01",
            "price": "76.07",
            "revenue": 506539
        },
        "2014-02": {
            "month": "2014-02",
            "price": "76.25",
            "revenue": 499332
        },
        "2014-03": {
            "month": "2014-03",
            "price": "101.62",
            "revenue": 565574
        },
        "2014-04": {
            "month": "2014-04",
            "price": "122.05",
            "revenue": 589769
        },
        "2014-05": {
            "month": "2014-05",
            "price": "119.07",
            "revenue": 630279
        },
        "2014-06": {
            "month": "2014-06",
            "price": "135.78",
            "revenue": 627065
        },
        "2014-07": {
            "month": "2014-07",
            "price": "133.55",
            "revenue": 623270
        },
        "2014-08": {
            "month": "2014-08",
            "price": "122.19",
            "revenue": 591770
        },
        "2014-09": {
            "month": "2014-09",
            "price": "104.89",
            "revenue": 585060
        },
        "2014-10": {
            "month": "2014-10",
            "price": "94.70",
            "revenue": 524510
        },
        "2014-11": {
            "month": "2014-11",
            "price": "94.26",
            "revenue": 545831
        },
        "2014-12": {
            "month": "2014-12",
            "price": "104.38",
            "revenue": 516143
        },
        "2015-01": {
            "month": "2015-01",
            "price": "103.48",
            "revenue": 502188
        },
        "2015-02": {
            "month": "2015-02",
            "price": "103.62",
            "revenue": 489580
        },
        "2015-03": {
            "month": "2015-03",
            "price": "122.11",
            "revenue": 576250
        },
        "2015-04": {
            "month": "2015-04",
            "price": "134.22",
            "revenue": 572658
        },
        "2015-05": {
            "month": "2015-05",
            "price": "152.32",
            "revenue": 569995
        },
        "2015-06": {
            "month": "2015-06",
            "price": "171.14",
            "revenue": 586569
        },
        "2015-07": {
            "month": "2015-07",
            "price": "145.64",
            "revenue": 582415
        },
        "2015-08": {
            "month": "2015-08",
            "price": "111.79",
            "revenue": 598637
        },
        "2015-09": {
            "month": "2015-09",
            "price": "126.12",
            "revenue": 621781
        },
        "2015-10": {
            "month": "2015-10",
            "price": "138.29",
            "revenue": 664727
        },
        "2015-11": {
            "month": "2015-11",
            "price": "141.79",
            "revenue": 677594
        },
        "2015-12": {
            "month": "2015-12",
            "price": "134.07",
            "revenue": 681799
        },
        "2016-01": {
            "month": "2016-01",
            "price": "121.12",
            "revenue": 694881
        },
        "2016-02": {
            "month": "2016-02",
            "price": "133.35",
            "revenue": 625746
        },
        "2016-03": {
            "month": "2016-03",
            "price": "154.65",
            "revenue": 725863
        },
        "2016-04": {
            "month": "2016-04",
            "price": "167.42",
            "revenue": 726949
        },
        "2016-05": {
            "month": "2016-05",
            "price": "145.43",
            "revenue": 713865
        },
        "2016-06": {
            "month": "2016-06",
            "price": "147.74",
            "revenue": 706778
        },
        "2016-07": {
            "month": "2016-07",
            "price": "134.48",
            "revenue": 686661
        },
        "2016-08": {
            "month": "2016-08",
            "price": "128.33",
            "revenue": 678067
        },
        "2016-09": {
            "month": "2016-09",
            "price": "116.03",
            "revenue": 671875
        },
        "2016-10": {
            "month": "2016-10",
            "price": "112.90",
            "revenue": 673516
        },
        "2016-11": {
            "month": "2016-11",
            "price": "112.09",
            "revenue": 667711
        },
        "2016-12": {
            "month": "2016-12",
            "price": "126.05",
            "revenue": 634942
        },
        "2017-01": {
            "month": "2017-01",
            "price": "125.62",
            "revenue": 572632
        },
        "2017-02": {
            "month": "2017-02",
            "price": "145.86",
            "revenue": 602658
        },
        "2017-03": {
            "month": "2017-03",
            "price": "148.91",
            "revenue": 638741
        },
        "2017-04": {
            "month": "2017-04",
            "price": "136.08",
            "revenue": 649343
        },
        "2017-05": {
            "month": "2017-05",
            "price": "132.85",
            "revenue": 613636
        },
        "2017-06": {
            "month": "2017-06",
            "price": "138.89",
            "revenue": 622591
        },
        "2017-07": {
            "month": "2017-07",
            "price": "133.67",
            "revenue": 635205
        },
        "2017-08": {
            "month": "2017-08",
            "price": "110.89",
            "revenue": 608833
        },
        "2017-09": {
            "month": "2017-09",
            "price": "108.66",
            "revenue": 555986
        },
        "2017-10": {
            "month": "2017-10",
            "price": "115.84",
            "revenue": 579951
        },
        "2017-11": {
            "month": "2017-11",
            "price": "120.32",
            "revenue": 584314
        },
        "2017-12": {
            "month": "2017-12",
            "price": "127.45",
            "revenue": 605298
        },
        "2018-01": {
            "month": "2018-01",
            "price": "130.27",
            "revenue": 621019
        },
        "2018-02": {
            "month": "2018-02",
            "price": "121.31",
            "revenue": 471384
        },
        "2018-03": {
            "month": "2018-03",
            "price": "117.98",
            "revenue": 639252
        },
        "2018-04": {
            "month": "2018-04",
            "price": "112.97",
            "revenue": 651033
        },
        "2018-05": {
            "month": "2018-05",
            "price": "102.97",
            "revenue": 653465
        },
        "2018-06": {
            "month": "2018-06",
            "price": "107.80",
            "revenue": 612566
        },
        "2018-07": {
            "month": "2018-07",
            "price": "100.65",
            "revenue": 564421
        },
        "2018-08": {
            "month": "2018-08",
            "price": "81.79",
            "revenue": 559630
        },
        "2018-09": {
            "month": "2018-09",
            "price": "68.09",
            "revenue": 522486
        },
        "2018-10": {
            "month": "2018-10",
            "price": "58.01",
            "revenue": 525483
        },
        "2018-11": {
            "month": "2018-11",
            "price": "58.60",
            "revenue": 517637
        },
        "2018-12": {
            "month": "2018-12",
            "price": "64.31",
            "revenue": 503865
        },
        "2019-01": {
            "month": "2019-01",
            "price": "66.74",
            "revenue": 504906
        },
        "2019-02": {
            "month": "2019-02",
            "price": "71.38",
            "revenue": 418647
        },
        "2019-03": {
            "month": "2019-03",
            "price": "71.94",
            "revenue": 531348
        },
        "2019-04": {
            "month": "2019-04",
            "price": "67.92",
            "revenue": 488238
        },
        "2019-05": {
            "month": "2019-05",
            "price": "56.09",
            "revenue": 476461
        },
        "2019-06": {
            "month": "2019-06",
            "price": "54.62",
            "revenue": 483223
        },
        "2019-07": {
            "month": "2019-07",
            "price": "57.78",
            "revenue": 502660
        },
        "2019-08": {
            "month": "2019-08",
            "price": "55.25",
            "revenue": 499281
        },
        "2019-09": {
            "month": "2019-09",
            "price": "57.55",
            "revenue": 478746
        },
        "2019-10": {
            "month": "2019-10",
            "price": "54.77",
            "revenue": 448988
        },
        "2019-11": {
            "month": "2019-11",
            "price": "53.35",
            "revenue": 446922
        },
        "2019-12": {
            "month": "2019-12",
            "price": "55.36",
            "revenue": 471371
        },
        "2020-01": {
            "month": "2020-01",
            "price": "67.43",
            "revenue": 396387
        },
        "2020-02": {
            "month": "2020-02",
            "price": "68.80",
            "revenue": 333350
        },
        "2020-03": {
            "month": "2020-03",
            "price": "65.03",
            "revenue": 554441
        },
        "2020-04": {
            "month": "2020-04",
            "price": "67.82",
            "revenue": 570981
        },
        "2020-05": {
            "month": "2020-05",
            "price": "66.55",
            "revenue": 549374
        },
        "2020-06": {
            "month": "2020-06",
            "price": "70.46",
            "revenue": 541175
        },
        "2020-07": {
            "month": "2020-07",
            "price": "74.36",
            "revenue": 557199
        },
        "2020-08": {
            "month": "2020-08",
            "price": "68.69",
            "revenue": 547073
        },
        "2020-09": {
            "month": "2020-09",
            "price": "64.24",
            "revenue": 535102
        },
        "2020-10": {
            "month": "2020-10",
            "price": "65.03",
            "revenue": 531077
        },
        "2020-11": {
            "month": "2020-11",
            "price": "67.53",
            "revenue": 543398
        },
        "2020-12": {
            "month": "2020-12",
            "price": "70.10",
            "revenue": 549021
        },
        "2021-01": {
            "month": "2021-01",
            "price": "66.26",
            "revenue": 580670
        },
        "2021-02": {
            "month": "2021-02",
            "price": "62.48",
            "revenue": 527443
        },
        "2021-03": {
            "month": "2021-03",
            "price": "64.34",
            "revenue": 633443
        },
        "2021-04": {
            "month": "2021-04",
            "price": "66.21",
            "revenue": 615756
        },
        "2021-05": {
            "month": "2021-05",
            "price": "56.20",
            "revenue": 610558
        },
        "2021-06": {
            "month": "2021-06",
            "price": "57.65",
            "revenue": 615441
        },
        "2021-07": {
            "month": "2021-07",
            "price": "59.06",
            "revenue": 620384
        },
        "2021-08": {
            "month": "2021-08",
            "price": "56.15",
            "revenue": 598424
        },
        "2021-09": {
            "month": "2021-09",
            "price": "53.81",
            "revenue": 610651
        },
        "2021-10": {
            "month": "2021-10",
            "price": "53.78",
            "revenue": 600463
        },
        "2021-11": {
            "month": "2021-11",
            "price": "57.93",
            "revenue": 582621
        },
        "2021-12": {
            "month": "2021-12",
            "price": "55.80",
            "revenue": 601685
        },
        "2022-01": {
            "month": "2022-01",
            "price": "53.94",
            "revenue": 612895
        },
        "2022-02": {
            "month": "2022-02",
            "price": "52.68",
            "revenue": 505893
        },
        "2022-03": {
            "month": "2022-03",
            "price": "49.63",
            "revenue": 546521
        },
        "2022-04": {
            "month": "2022-04",
            "price": "45.84",
            "revenue": 534278
        },
        "2022-05": {
            "month": "2022-05",
            "price": "43.20",
            "revenue": 629839
        },
        "2022-06": {
            "month": "2022-06",
            "price": "44.40",
            "revenue": 645691
        },
        "2022-07": {
            "month": "2022-07",
            "price": "40.65",
            "revenue": 637850
        },
        "2022-08": {
            "month": "2022-08",
            "price": "45.24",
            "revenue": 602092
        },
        "2022-09": {
            "month": "2022-09",
            "price": "43.61",
            "revenue": 542341
        },
        "2022-10": {
            "month": "2022-10",
            "price": "36.94",
            "revenue": 533862
        },
        "2022-11": {
            "month": "2022-11",
            "price": "37.76",
            "revenue": 552271
        },
        "2022-12": {
            "month": "2022-12",
            "price": "38.41",
            "revenue": 432248
        },
        "2023-01": {
            "month": "2023-01",
            "price": "37.51",
            "revenue": 408860
        },
        "2023-02": {
            "month": "2023-02",
            "price": "41.09",
            "revenue": 423995
        },
        "2023-03": {
            "month": "2023-03",
            "price": "40.81",
            "revenue": 430078
        },
        "2023-04": {
            "month": "2023-04",
            "price": "38.83",
            "revenue": 427441
        },
        "2023-05": {
            "month": "2023-05",
            "price": "36.62",
            "revenue": 420321
        },
        "2023-06": {
            "month": "2023-06",
            "price": "38.20",
            "revenue": 443601
        },
        "2023-07": {
            "month": "2023-07",
            "price": "43.76",
            "revenue": 447756
        },
        "2023-08": {
            "month": "2023-08",
            "price": "42.61",
            "revenue": 469761
        },
        "2023-09": {
            "month": "2023-09",
            "price": "50.74",
            "revenue": 489071
        },
        "2023-10": {
            "month": "2023-10",
            "price": "59.90",
            "revenue": 499660
        },
        "2023-11": {
            "month": "2023-11",
            "price": "58.20",
            "revenue": 484156
        },
        "2023-12": {
            "month": "2023-12",
            "price": "60.75",
            "revenue": 454498
        }
    }
}
