{
    "summary": {
        "stock_name": "益通",
        "stock_id": "3452",
        "category": "其他電子",
        "main_business": "電子零組件製造業<br>電子材料零售業<br>國際貿易業",
        "website_url": "",
        "ceo": "楊信華",
        "pe_ratio": -0,
        "report_year_from": 2004,
        "report_year_to": 2019,
        "age": 19,
        "eps_negative_percentage": 69,
        "eps_growth_avg": {
            "last_all": 4.88,
            "last_2y": null,
            "last_4y": null,
            "last_8y": null,
            "last_12y": -44.64,
            "last_16y": null,
            "last_20y": null,
            "at_2006_last_3y": null,
            "at_2007_last_3y": null,
            "at_2008_last_3y": 31.1,
            "at_2009_last_3y": -18.9,
            "at_2010_last_3y": -44.64,
            "at_2011_last_3y": -51.56,
            "at_2012_last_3y": -100,
            "at_2013_last_3y": null,
            "at_2014_last_3y": null,
            "at_2015_last_3y": null,
            "at_2016_last_3y": null,
            "at_2017_last_3y": null,
            "at_2018_last_3y": null,
            "at_2019_last_3y": null,
            "at_2020_last_3y": null,
            "at_2021_last_3y": null,
            "at_2022_last_3y": null,
            "at_2023_last_3y": null,
            "at_2006_last_all": 79.17,
            "at_2007_last_all": 42.51,
            "at_2008_last_all": 31.1,
            "at_2009_last_all": 4.88,
            "at_2010_last_all": 4.88,
            "at_2011_last_all": 4.88,
            "at_2012_last_all": 4.88,
            "at_2013_last_all": 4.88,
            "at_2014_last_all": 4.88,
            "at_2015_last_all": 4.88,
            "at_2016_last_all": 4.88,
            "at_2017_last_all": 4.88,
            "at_2018_last_all": 4.88,
            "at_2019_last_all": 4.88,
            "at_2020_last_all": 4.88,
            "at_2021_last_all": 4.88,
            "at_2022_last_all": 4.88,
            "at_2023_last_all": 4.88
        },
        "latest_eps": -3.38,
        "latest_price": 1.47,
        "latest_roe": -55.84,
        "latest_gross_margin": null,
        "latest_equity": 1390942,
        "latest_revenue": 0,
        "latest_gross_profit": -36543,
        "latest_net_income": -47829,
        "latest_debt_ratio": 19.3,
        "latest_current_ratio": 330.92,
        "latest_account_receivable_turnover_ratio": 0,
        "latest_inventory_turnover_ratio": null,
        "latest_reinvestment_rate": null,
        "latest_research_to_sale_ratio": null
    },
    "eps_dividends": {
        "2001": {
            "cash": 0,
            "stock": 0,
            "eps": 0
        },
        "2002": {
            "cash": 0,
            "stock": 0,
            "eps": 0
        },
        "2003": {
            "cash": 0,
            "stock": 0,
            "eps": 0
        },
        "2004": {
            "cash": 0,
            "stock": 0,
            "eps": 3.88
        },
        "2005": {
            "cash": 1,
            "stock": 1,
            "eps": 12.84
        },
        "2006": {
            "cash": 4,
            "stock": 4,
            "eps": 20.33
        },
        "2007": {
            "cash": 9,
            "stock": 5,
            "eps": 14.07
        },
        "2008": {
            "cash": 3,
            "stock": 5,
            "eps": 13.63
        },
        "2009": {
            "cash": 1,
            "stock": 5,
            "eps": -15.16
        },
        "2010": {
            "cash": 0,
            "stock": 0,
            "eps": -11.26
        },
        "2011": {
            "cash": 0,
            "stock": 0,
            "eps": -8.54
        },
        "2012": {
            "cash": 0,
            "stock": 0,
            "eps": -3.76
        },
        "2013": {
            "cash": 0,
            "stock": 0,
            "eps": -2.15
        },
        "2014": {
            "cash": 0,
            "stock": 0,
            "eps": -0.97
        },
        "2015": {
            "cash": 0,
            "stock": 0,
            "eps": -1.04
        },
        "2016": {
            "cash": 0,
            "stock": 0,
            "eps": -1.03
        },
        "2017": {
            "cash": 0,
            "stock": 0,
            "eps": -3.59
        },
        "2018": {
            "cash": 0,
            "stock": 0,
            "eps": -2.48
        },
        "2019": {
            "cash": 0,
            "stock": 0,
            "eps": -2.21
        }
    },
    "dividends": {
        "2005-03-23": {
            "cash": 1.25,
            "stock": 0.5
        },
        "2006-04-06": {
            "cash": 4.2,
            "stock": 4.2
        },
        "2007-04-23": {
            "cash": 9,
            "stock": 5
        },
        "2008-06-13": {
            "cash": 3,
            "stock": 5
        },
        "2009-06-16": {
            "cash": 0.5,
            "stock": 4.5
        }
    },
    "prices": {
        "200101": "無",
        "200102": "無",
        "200103": "無",
        "200104": "無",
        "200105": "無",
        "200106": "無",
        "200107": "無",
        "200108": "無",
        "200109": "無",
        "200110": "無",
        "200111": "無",
        "200112": "無",
        "200201": "無",
        "200202": "無",
        "200203": "無",
        "200204": "無",
        "200205": "無",
        "200206": "無",
        "200207": "無",
        "200208": "無",
        "200209": "無",
        "200210": "無",
        "200211": "無",
        "200212": "無",
        "200301": "無",
        "200302": "無",
        "200303": "無",
        "200304": "無",
        "200305": "無",
        "200306": "無",
        "200307": "無",
        "200308": "無",
        "200309": "無",
        "200310": "無",
        "200311": "無",
        "200312": "無",
        "200401": "無",
        "200402": "無",
        "200403": "無",
        "200404": "無",
        "200405": "無",
        "200406": "無",
        "200407": "無",
        "200408": "無",
        "200409": "無",
        "200410": "無",
        "200411": "無",
        "200412": "無",
        "200501": "無",
        "200502": "無",
        "200503": "205.34",
        "200504": "149.32",
        "200505": "132.31",
        "200506": "150.95",
        "200507": "196.37",
        "200508": "254.11",
        "200509": "221.28",
        "200510": "256.09",
        "200511": "252.95",
        "200512": "420.47",
        "200601": "519.94",
        "200602": "712.42",
        "200603": "1003.39",
        "200604": "908.95",
        "200605": "817.76",
        "200606": "704.86",
        "200607": "677.00",
        "200608": "591.30",
        "200609": "586.33",
        "200610": "577.45",
        "200611": "598.82",
        "200612": "525.00",
        "200701": "560.09",
        "200702": "659.50",
        "200703": "606.96",
        "200704": "586.00",
        "200705": "510.84",
        "200706": "533.25",
        "200707": "559.82",
        "200708": "361.26",
        "200709": "350.64",
        "200710": "388.27",
        "200711": "322.39",
        "200712": "282.19",
        "200801": "268.30",
        "200802": "230.50",
        "200803": "250.21",
        "200804": "322.90",
        "200805": "370.57",
        "200806": "341.10",
        "200807": "387.41",
        "200808": "294.98",
        "200809": "238.83",
        "200810": "168.52",
        "200811": "95.78",
        "200812": "85.90",
        "200901": "87.14",
        "200902": "85.88",
        "200903": "90.80",
        "200904": "105.33",
        "200905": "100.01",
        "200906": "97.53",
        "200907": "94.20",
        "200908": "77.72",
        "200909": "75.22",
        "200910": "67.21",
        "200911": "73.50",
        "200912": "83.85",
        "201001": "76.14",
        "201002": "65.71",
        "201003": "64.87",
        "201004": "62.12",
        "201005": "45.11",
        "201006": "42.73",
        "201007": "48.81",
        "201008": "48.82",
        "201009": "39.65",
        "201010": "41.14",
        "201011": "39.15",
        "201012": "41.49",
        "201101": "47.38",
        "201102": "43.39",
        "201103": "41.14",
        "201104": "39.01",
        "201105": "29.28",
        "201106": "26.21",
        "201107": "27.21",
        "201108": "19.99",
        "201109": "16.02",
        "201110": "14.60",
        "201111": "11.14",
        "201112": "11.85",
        "201201": "12.69",
        "201202": "17.82",
        "201203": "18.32",
        "201204": "16.04",
        "201205": "15.22",
        "201206": "15.02",
        "201207": "13.58",
        "201208": "11.89",
        "201209": "12.49",
        "201210": "10.86",
        "201211": "9.97",
        "201212": "12.26",
        "201301": "14.10",
        "201302": "12.11",
        "201303": "11.54",
        "201304": "10.57",
        "201305": "12.39",
        "201306": "12.48",
        "201307": "12.49",
        "201308": "11.13",
        "201309": "12.64",
        "201310": "17.01",
        "201311": "16.92",
        "201312": "17.22",
        "201401": "18.29",
        "201402": "17.72",
        "201403": "18.21",
        "201404": "18.02",
        "201405": "18.55",
        "201406": "21.59",
        "201407": "21.12",
        "201408": "18.86",
        "201409": "18.39",
        "201410": "16.65",
        "201411": "14.35",
        "201412": "14.71",
        "201501": "15.89",
        "201502": "15.59",
        "201503": "17.07",
        "201504": "17.02",
        "201505": "14.88",
        "201506": "12.82",
        "201507": "12.80",
        "201508": "9.89",
        "201509": "10.03",
        "201510": "11.98",
        "201511": "11.91",
        "201512": "12.99",
        "201601": "11.50",
        "201602": "12.02",
        "201603": "12.07",
        "201604": "10.51",
        "201605": "10.27",
        "201606": "11.40",
        "201607": "11.84",
        "201608": "10.84",
        "201609": "10.24",
        "201610": "10.01",
        "201611": "9.04",
        "201612": "8.98",
        "201701": "9.26",
        "201702": "9.95",
        "201703": "9.62",
        "201704": "8.91",
        "201705": "8.99",
        "201706": "8.98",
        "201707": "8.42",
        "201708": "8.14",
        "201709": "9.68",
        "201710": "10.04",
        "201711": "9.39",
        "201712": "8.39",
        "201801": "8.53",
        "201802": "7.94",
        "201803": "7.54",
        "201804": "4.77",
        "201805": "4.27",
        "201806": "5.21",
        "201807": "4.81",
        "201808": "4.00",
        "201809": "3.84",
        "201810": "2.88",
        "201811": "2.64",
        "201812": "4.61",
        "201901": "4.38",
        "201902": "4.53",
        "201903": "3.95",
        "201904": "3.23",
        "201905": "2.86",
        "201906": "3.20",
        "201907": "2.59",
        "201908": "2.46",
        "201909": "2.33",
        "201910": "2.21",
        "201911": "2.15",
        "201912": "1.47",
        "202001": "1.42",
        "202002": "無",
        "202003": "無",
        "202004": "無",
        "202005": "無",
        "202006": "無",
        "202007": "無",
        "202008": "無",
        "202009": "無",
        "202010": "無",
        "202011": "無",
        "202012": "無",
        "202101": "無",
        "202102": "無",
        "202103": "無",
        "202104": "無",
        "202105": "無",
        "202106": "無",
        "202107": "無",
        "202108": "無",
        "202109": "無",
        "202110": "無",
        "202111": "無",
        "202112": "無",
        "202201": "無",
        "202202": "無",
        "202203": "無",
        "202204": "無",
        "202205": "無",
        "202206": "無",
        "202207": "無",
        "202208": "無",
        "202209": "無",
        "202210": "無",
        "202211": "無",
        "202212": "無",
        "202301": "無",
        "202302": "無",
        "202303": "無",
        "202304": "無",
        "202305": "無"
    },
    "quarters": {
        "20011": {
            "year_quarter": 20011,
            "year": 2001,
            "quarter": 1,
            "eps": null,
            "eps_growth_year": null,
            "eps_4q": null,
            "eps_4q_growth_year": null,
            "roe": null,
            "roe_4q": 0,
            "gross_profit": null,
            "gross_margin": null,
            "gross_margin_4q_avg": 0,
            "net_income": null,
            "revenue": null,
            "common_shares": null,
            "book_valuer_per_share": null,
            "book_valuer_per_share_4q_avg": 0,
            "equity": null,
            "current_ratio": null,
            "debt_ratio": null,
            "inventory_turnover_ratio": null,
            "account_receivable_turnover_ratio": null,
            "reinvestment_rate": null,
            "research_to_sale_ratio": null,
            "price_fair": 0,
            "eps_avg_yearly": 0,
            "eps_latest_yearly": 0,
            "eps_growth_yearly": 0
        },
        "20012": {
            "year_quarter": 20012,
            "year": 2001,
            "quarter": 2,
            "eps": null,
            "eps_growth_year": null,
            "eps_4q": null,
            "eps_4q_growth_year": null,
            "roe": null,
            "roe_4q": 0,
            "gross_profit": null,
            "gross_margin": null,
            "gross_margin_4q_avg": 0,
            "net_income": null,
            "revenue": null,
            "common_shares": null,
            "book_valuer_per_share": null,
            "book_valuer_per_share_4q_avg": 0,
            "equity": null,
            "current_ratio": null,
            "debt_ratio": null,
            "inventory_turnover_ratio": null,
            "account_receivable_turnover_ratio": null,
            "reinvestment_rate": null,
            "research_to_sale_ratio": null,
            "price_fair": 0,
            "eps_avg_yearly": 0,
            "eps_latest_yearly": 0,
            "eps_growth_yearly": 0
        },
        "20013": {
            "year_quarter": 20013,
            "year": 2001,
            "quarter": 3,
            "eps": null,
            "eps_growth_year": null,
            "eps_4q": null,
            "eps_4q_growth_year": null,
            "roe": null,
            "roe_4q": 0,
            "gross_profit": null,
            "gross_margin": null,
            "gross_margin_4q_avg": 0,
            "net_income": null,
            "revenue": null,
            "common_shares": null,
            "book_valuer_per_share": null,
            "book_valuer_per_share_4q_avg": 0,
            "equity": null,
            "current_ratio": null,
            "debt_ratio": null,
            "inventory_turnover_ratio": null,
            "account_receivable_turnover_ratio": null,
            "reinvestment_rate": null,
            "research_to_sale_ratio": null,
            "price_fair": 0,
            "eps_avg_yearly": 0,
            "eps_latest_yearly": 0,
            "eps_growth_yearly": 0
        },
        "20014": {
            "year_quarter": 20014,
            "year": 2001,
            "quarter": 4,
            "eps": null,
            "eps_growth_year": null,
            "eps_4q": null,
            "eps_4q_growth_year": null,
            "roe": null,
            "roe_4q": 0,
            "gross_profit": null,
            "gross_margin": null,
            "gross_margin_4q_avg": 0,
            "net_income": null,
            "revenue": null,
            "common_shares": 1000,
            "book_valuer_per_share": 10,
            "book_valuer_per_share_4q_avg": 2.5,
            "equity": 1000,
            "current_ratio": null,
            "debt_ratio": 0,
            "inventory_turnover_ratio": null,
            "account_receivable_turnover_ratio": null,
            "reinvestment_rate": null,
            "research_to_sale_ratio": null,
            "price_fair": 0,
            "eps_avg_yearly": 0,
            "eps_latest_yearly": 0,
            "eps_growth_yearly": 0
        },
        "20021": {
            "year_quarter": 20021,
            "year": 2002,
            "quarter": 1,
            "eps": null,
            "eps_growth_year": null,
            "eps_4q": null,
            "eps_4q_growth_year": null,
            "roe": null,
            "roe_4q": 0,
            "gross_profit": null,
            "gross_margin": null,
            "gross_margin_4q_avg": 0,
            "net_income": null,
            "revenue": null,
            "common_shares": null,
            "book_valuer_per_share": null,
            "book_valuer_per_share_4q_avg": 2.5,
            "equity": null,
            "current_ratio": null,
            "debt_ratio": null,
            "inventory_turnover_ratio": null,
            "account_receivable_turnover_ratio": null,
            "reinvestment_rate": null,
            "research_to_sale_ratio": null,
            "price_fair": 0,
            "eps_avg_yearly": 0,
            "eps_latest_yearly": 0,
            "eps_growth_yearly": 0
        },
        "20022": {
            "year_quarter": 20022,
            "year": 2002,
            "quarter": 2,
            "eps": null,
            "eps_growth_year": null,
            "eps_4q": null,
            "eps_4q_growth_year": null,
            "roe": null,
            "roe_4q": 0,
            "gross_profit": null,
            "gross_margin": null,
            "gross_margin_4q_avg": 0,
            "net_income": null,
            "revenue": null,
            "common_shares": null,
            "book_valuer_per_share": null,
            "book_valuer_per_share_4q_avg": 2.5,
            "equity": null,
            "current_ratio": null,
            "debt_ratio": null,
            "inventory_turnover_ratio": null,
            "account_receivable_turnover_ratio": null,
            "reinvestment_rate": null,
            "research_to_sale_ratio": null,
            "price_fair": 0,
            "eps_avg_yearly": 0,
            "eps_latest_yearly": 0,
            "eps_growth_yearly": 0
        },
        "20023": {
            "year_quarter": 20023,
            "year": 2002,
            "quarter": 3,
            "eps": null,
            "eps_growth_year": null,
            "eps_4q": null,
            "eps_4q_growth_year": null,
            "roe": null,
            "roe_4q": 0,
            "gross_profit": null,
            "gross_margin": null,
            "gross_margin_4q_avg": 0,
            "net_income": null,
            "revenue": null,
            "common_shares": null,
            "book_valuer_per_share": null,
            "book_valuer_per_share_4q_avg": 2.5,
            "equity": null,
            "current_ratio": null,
            "debt_ratio": null,
            "inventory_turnover_ratio": null,
            "account_receivable_turnover_ratio": null,
            "reinvestment_rate": null,
            "research_to_sale_ratio": null,
            "price_fair": 0,
            "eps_avg_yearly": 0,
            "eps_latest_yearly": 0,
            "eps_growth_yearly": 0
        },
        "20024": {
            "year_quarter": 20024,
            "year": 2002,
            "quarter": 4,
            "eps": null,
            "eps_growth_year": null,
            "eps_4q": null,
            "eps_4q_growth_year": null,
            "roe": null,
            "roe_4q": 0,
            "gross_profit": null,
            "gross_margin": null,
            "gross_margin_4q_avg": 0,
            "net_income": null,
            "revenue": null,
            "common_shares": 150000,
            "book_valuer_per_share": 9.19,
            "book_valuer_per_share_4q_avg": 2.3,
            "equity": 137805,
            "current_ratio": 743.13,
            "debt_ratio": 2,
            "inventory_turnover_ratio": null,
            "account_receivable_turnover_ratio": null,
            "reinvestment_rate": null,
            "research_to_sale_ratio": null,
            "price_fair": 0,
            "eps_avg_yearly": 0,
            "eps_latest_yearly": 0,
            "eps_growth_yearly": 0
        },
        "20031": {
            "year_quarter": 20031,
            "year": 2003,
            "quarter": 1,
            "eps": null,
            "eps_growth_year": null,
            "eps_4q": null,
            "eps_4q_growth_year": null,
            "roe": null,
            "roe_4q": 0,
            "gross_profit": null,
            "gross_margin": null,
            "gross_margin_4q_avg": 0,
            "net_income": null,
            "revenue": null,
            "common_shares": null,
            "book_valuer_per_share": null,
            "book_valuer_per_share_4q_avg": 2.3,
            "equity": null,
            "current_ratio": null,
            "debt_ratio": null,
            "inventory_turnover_ratio": null,
            "account_receivable_turnover_ratio": null,
            "reinvestment_rate": null,
            "research_to_sale_ratio": null,
            "price_fair": 0,
            "eps_avg_yearly": 0,
            "eps_latest_yearly": 0,
            "eps_growth_yearly": 0
        },
        "20032": {
            "year_quarter": 20032,
            "year": 2003,
            "quarter": 2,
            "eps": null,
            "eps_growth_year": null,
            "eps_4q": null,
            "eps_4q_growth_year": null,
            "roe": null,
            "roe_4q": 0,
            "gross_profit": null,
            "gross_margin": null,
            "gross_margin_4q_avg": 0,
            "net_income": null,
            "revenue": null,
            "common_shares": null,
            "book_valuer_per_share": null,
            "book_valuer_per_share_4q_avg": 2.3,
            "equity": null,
            "current_ratio": null,
            "debt_ratio": null,
            "inventory_turnover_ratio": null,
            "account_receivable_turnover_ratio": null,
            "reinvestment_rate": null,
            "research_to_sale_ratio": null,
            "price_fair": 0,
            "eps_avg_yearly": 0,
            "eps_latest_yearly": 0,
            "eps_growth_yearly": 0
        },
        "20033": {
            "year_quarter": 20033,
            "year": 2003,
            "quarter": 3,
            "eps": null,
            "eps_growth_year": null,
            "eps_4q": null,
            "eps_4q_growth_year": null,
            "roe": null,
            "roe_4q": 0,
            "gross_profit": null,
            "gross_margin": null,
            "gross_margin_4q_avg": 0,
            "net_income": null,
            "revenue": null,
            "common_shares": null,
            "book_valuer_per_share": null,
            "book_valuer_per_share_4q_avg": 2.3,
            "equity": null,
            "current_ratio": null,
            "debt_ratio": null,
            "inventory_turnover_ratio": null,
            "account_receivable_turnover_ratio": null,
            "reinvestment_rate": null,
            "research_to_sale_ratio": null,
            "price_fair": 0,
            "eps_avg_yearly": 0,
            "eps_latest_yearly": 0,
            "eps_growth_yearly": 0
        },
        "20034": {
            "year_quarter": 20034,
            "year": 2003,
            "quarter": 4,
            "eps": null,
            "eps_growth_year": null,
            "eps_4q": null,
            "eps_4q_growth_year": null,
            "roe": null,
            "roe_4q": 0,
            "gross_profit": null,
            "gross_margin": null,
            "gross_margin_4q_avg": 0,
            "net_income": null,
            "revenue": null,
            "common_shares": 150000,
            "book_valuer_per_share": 8.02,
            "book_valuer_per_share_4q_avg": 2.01,
            "equity": 120234,
            "current_ratio": 147.46,
            "debt_ratio": 16.28,
            "inventory_turnover_ratio": null,
            "account_receivable_turnover_ratio": null,
            "reinvestment_rate": null,
            "research_to_sale_ratio": null,
            "price_fair": 0,
            "eps_avg_yearly": 0,
            "eps_latest_yearly": 0,
            "eps_growth_yearly": 0
        },
        "20041": {
            "year_quarter": 20041,
            "year": 2004,
            "quarter": 1,
            "eps": null,
            "eps_growth_year": null,
            "eps_4q": null,
            "eps_4q_growth_year": null,
            "roe": null,
            "roe_4q": 0,
            "gross_profit": null,
            "gross_margin": null,
            "gross_margin_4q_avg": 0,
            "net_income": null,
            "revenue": null,
            "common_shares": null,
            "book_valuer_per_share": null,
            "book_valuer_per_share_4q_avg": 2.01,
            "equity": null,
            "current_ratio": null,
            "debt_ratio": null,
            "inventory_turnover_ratio": null,
            "account_receivable_turnover_ratio": null,
            "reinvestment_rate": null,
            "research_to_sale_ratio": null,
            "price_fair": 0,
            "eps_avg_yearly": 0,
            "eps_latest_yearly": 0,
            "eps_growth_yearly": 0
        },
        "20042": {
            "year_quarter": 20042,
            "year": 2004,
            "quarter": 2,
            "eps": null,
            "eps_growth_year": null,
            "eps_4q": null,
            "eps_4q_growth_year": null,
            "roe": null,
            "roe_4q": 0,
            "gross_profit": null,
            "gross_margin": null,
            "gross_margin_4q_avg": 0,
            "net_income": null,
            "revenue": null,
            "common_shares": null,
            "book_valuer_per_share": null,
            "book_valuer_per_share_4q_avg": 2.01,
            "equity": null,
            "current_ratio": null,
            "debt_ratio": null,
            "inventory_turnover_ratio": null,
            "account_receivable_turnover_ratio": null,
            "reinvestment_rate": null,
            "research_to_sale_ratio": null,
            "price_fair": 0,
            "eps_avg_yearly": 0,
            "eps_latest_yearly": 0,
            "eps_growth_yearly": 0
        },
        "20043": {
            "year_quarter": 20043,
            "year": 2004,
            "quarter": 3,
            "eps": 1.51,
            "eps_growth_year": null,
            "eps_4q": null,
            "eps_4q_growth_year": null,
            "roe": 11.46,
            "roe_4q": 11.46,
            "gross_profit": 38529,
            "gross_margin": 32.71,
            "gross_margin_4q_avg": 8.18,
            "net_income": 25128,
            "revenue": 117796,
            "common_shares": 180000,
            "book_valuer_per_share": 12.18,
            "book_valuer_per_share_4q_avg": 5.05,
            "equity": 219243,
            "current_ratio": 346.36,
            "debt_ratio": 15.7,
            "inventory_turnover_ratio": 3.04,
            "account_receivable_turnover_ratio": null,
            "reinvestment_rate": null,
            "research_to_sale_ratio": null,
            "price_fair": 0,
            "eps_avg_yearly": 0,
            "eps_latest_yearly": 0,
            "eps_growth_yearly": 0
        },
        "20044": {
            "year_quarter": 20044,
            "year": 2004,
            "quarter": 4,
            "eps": 2.37,
            "eps_growth_year": null,
            "eps_4q": null,
            "eps_4q_growth_year": null,
            "roe": 16.27,
            "roe_4q": 27.73,
            "gross_profit": 39509,
            "gross_margin": 30.4,
            "gross_margin_4q_avg": 15.78,
            "net_income": 38819,
            "revenue": 129977,
            "common_shares": 180000,
            "book_valuer_per_share": 14.34,
            "book_valuer_per_share_4q_avg": 6.63,
            "equity": 258062,
            "current_ratio": 269.96,
            "debt_ratio": 19.06,
            "inventory_turnover_ratio": 3.66,
            "account_receivable_turnover_ratio": null,
            "reinvestment_rate": null,
            "research_to_sale_ratio": null,
            "price_fair": 331.8,
            "eps_avg_yearly": 9.48,
            "eps_latest_yearly": 9.48,
            "eps_growth_yearly": 227.81
        },
        "20051": {
            "year_quarter": 20051,
            "year": 2005,
            "quarter": 1,
            "eps": 1.33,
            "eps_growth_year": null,
            "eps_4q": null,
            "eps_4q_growth_year": null,
            "roe": 7.14,
            "roe_4q": 34.870000000000005,
            "gross_profit": 34399,
            "gross_margin": 23.94,
            "gross_margin_4q_avg": 21.76,
            "net_income": 25780,
            "revenue": 143707,
            "common_shares": 210000,
            "book_valuer_per_share": 22.09,
            "book_valuer_per_share_4q_avg": 12.15,
            "equity": 463842,
            "current_ratio": 260.19,
            "debt_ratio": 22.59,
            "inventory_turnover_ratio": 3.93,
            "account_receivable_turnover_ratio": null,
            "reinvestment_rate": null,
            "research_to_sale_ratio": null,
            "price_fair": 259,
            "eps_avg_yearly": 7.4,
            "eps_latest_yearly": 5.32,
            "eps_growth_yearly": 26.14
        },
        "20052": {
            "year_quarter": 20052,
            "year": 2005,
            "quarter": 2,
            "eps": 2.39,
            "eps_growth_year": null,
            "eps_4q": 6.59,
            "eps_4q_growth_year": null,
            "roe": 10.77,
            "roe_4q": 45.64,
            "gross_profit": 58282,
            "gross_margin": 29.41,
            "gross_margin_4q_avg": 29.12,
            "net_income": 51017,
            "revenue": 198202,
            "common_shares": 210000,
            "book_valuer_per_share": 23.01,
            "book_valuer_per_share_4q_avg": 17.91,
            "equity": 483203,
            "current_ratio": 278.88,
            "debt_ratio": 18.52,
            "inventory_turnover_ratio": 3.59,
            "account_receivable_turnover_ratio": null,
            "reinvestment_rate": null,
            "research_to_sale_ratio": null,
            "price_fair": 284.2,
            "eps_avg_yearly": 8.12,
            "eps_latest_yearly": 9.56,
            "eps_growth_yearly": 123.69
        },
        "20053": {
            "year_quarter": 20053,
            "year": 2005,
            "quarter": 3,
            "eps": 3.83,
            "eps_growth_year": 153.64,
            "eps_4q": 9.18,
            "eps_4q_growth_year": null,
            "roe": 15.78,
            "roe_4q": 49.959999999999994,
            "gross_profit": 83500,
            "gross_margin": 24.64,
            "gross_margin_4q_avg": 27.1,
            "net_income": 82788,
            "revenue": 338911,
            "common_shares": 221580,
            "book_valuer_per_share": 25.54,
            "book_valuer_per_share_4q_avg": 21.25,
            "equity": 565991,
            "current_ratio": 271.35,
            "debt_ratio": 18.48,
            "inventory_turnover_ratio": 2.58,
            "account_receivable_turnover_ratio": null,
            "reinvestment_rate": null,
            "research_to_sale_ratio": null,
            "price_fair": 347.2,
            "eps_avg_yearly": 9.92,
            "eps_latest_yearly": 15.32,
            "eps_growth_yearly": 153.02
        },
        "20054": {
            "year_quarter": 20054,
            "year": 2005,
            "quarter": 4,
            "eps": 5.29,
            "eps_growth_year": 123.21,
            "eps_4q": 12.63,
            "eps_4q_growth_year": null,
            "roe": 15.46,
            "roe_4q": 49.150000000000006,
            "gross_profit": 134069,
            "gross_margin": 27.97,
            "gross_margin_4q_avg": 26.49,
            "net_income": 115080,
            "revenue": 479301,
            "common_shares": 221580,
            "book_valuer_per_share": 41.63,
            "book_valuer_per_share_4q_avg": 28.07,
            "equity": 922491,
            "current_ratio": 435.4,
            "debt_ratio": 15.28,
            "inventory_turnover_ratio": 1.62,
            "account_receivable_turnover_ratio": null,
            "reinvestment_rate": null,
            "research_to_sale_ratio": null,
            "price_fair": 425.88,
            "eps_avg_yearly": 12.17,
            "eps_latest_yearly": 21.16,
            "eps_growth_yearly": 152.91
        },
        "20061": {
            "year_quarter": 20061,
            "year": 2006,
            "quarter": 1,
            "eps": 5.05,
            "eps_growth_year": 279.7,
            "eps_4q": 14.73,
            "eps_4q_growth_year": null,
            "roe": 8.85,
            "roe_4q": 50.86,
            "gross_profit": 149748,
            "gross_margin": 26.49,
            "gross_margin_4q_avg": 27.13,
            "net_income": 129833,
            "revenue": 565196,
            "common_shares": 282730,
            "book_valuer_per_share": 71.13,
            "book_valuer_per_share_4q_avg": 40.33,
            "equity": 2010974,
            "current_ratio": 1782.43,
            "debt_ratio": 4.51,
            "inventory_turnover_ratio": 1.64,
            "account_receivable_turnover_ratio": null,
            "reinvestment_rate": null,
            "research_to_sale_ratio": null,
            "price_fair": 472.73,
            "eps_avg_yearly": 13.51,
            "eps_latest_yearly": 20.2,
            "eps_growth_yearly": 124.4
        },
        "20062": {
            "year_quarter": 20062,
            "year": 2006,
            "quarter": 2,
            "eps": 4.27,
            "eps_growth_year": 78.66,
            "eps_4q": 12.67,
            "eps_4q_growth_year": 92.2,
            "roe": 8.2,
            "roe_4q": 48.29,
            "gross_profit": 171630,
            "gross_margin": 26.01,
            "gross_margin_4q_avg": 26.28,
            "net_income": 166529,
            "revenue": 659883,
            "common_shares": 282730,
            "book_valuer_per_share": 72.59,
            "book_valuer_per_share_4q_avg": 52.72,
            "equity": 2052463,
            "current_ratio": 673,
            "debt_ratio": 9.75,
            "inventory_turnover_ratio": 1.72,
            "account_receivable_turnover_ratio": null,
            "reinvestment_rate": null,
            "research_to_sale_ratio": null,
            "price_fair": 490.6,
            "eps_avg_yearly": 14.02,
            "eps_latest_yearly": 17.08,
            "eps_growth_yearly": 97.81
        },
        "20063": {
            "year_quarter": 20063,
            "year": 2006,
            "quarter": 3,
            "eps": 5.09,
            "eps_growth_year": 32.9,
            "eps_4q": 15.52,
            "eps_4q_growth_year": 69.1,
            "roe": 9.33,
            "roe_4q": 41.84,
            "gross_profit": 235408,
            "gross_margin": 24.21,
            "gross_margin_4q_avg": 26.17,
            "net_income": 200766,
            "revenue": 972265,
            "common_shares": 402600,
            "book_valuer_per_share": 55.97,
            "book_valuer_per_share_4q_avg": 60.33,
            "equity": 2253229,
            "current_ratio": 536.93,
            "debt_ratio": 8.95,
            "inventory_turnover_ratio": 1.79,
            "account_receivable_turnover_ratio": null,
            "reinvestment_rate": null,
            "research_to_sale_ratio": null,
            "price_fair": 518.35,
            "eps_avg_yearly": 14.81,
            "eps_latest_yearly": 20.36,
            "eps_growth_yearly": 95.18
        },
        "20064": {
            "year_quarter": 20064,
            "year": 2006,
            "quarter": 4,
            "eps": 5.92,
            "eps_growth_year": 11.91,
            "eps_4q": 18.48,
            "eps_4q_growth_year": 46.34,
            "roe": 8.84,
            "roe_4q": 35.22,
            "gross_profit": 266912,
            "gross_margin": 22.4,
            "gross_margin_4q_avg": 24.78,
            "net_income": 234379,
            "revenue": 1191742,
            "common_shares": 402600,
            "book_valuer_per_share": 72.35,
            "book_valuer_per_share_4q_avg": 68.01,
            "equity": 3051600,
            "current_ratio": 617.29,
            "debt_ratio": 51.01,
            "inventory_turnover_ratio": 1.77,
            "account_receivable_turnover_ratio": null,
            "reinvestment_rate": null,
            "research_to_sale_ratio": null,
            "price_fair": 552.84,
            "eps_avg_yearly": 15.8,
            "eps_latest_yearly": 23.68,
            "eps_growth_yearly": 91.85
        },
        "20071": {
            "year_quarter": 20071,
            "year": 2007,
            "quarter": 1,
            "eps": 4.24,
            "eps_growth_year": -16.04,
            "eps_4q": 19.19,
            "eps_4q_growth_year": 30.25,
            "roe": 5.98,
            "roe_4q": 32.349999999999994,
            "gross_profit": 196425,
            "gross_margin": 16.31,
            "gross_margin_4q_avg": 22.23,
            "net_income": 170683,
            "revenue": 1204554,
            "common_shares": 402600,
            "book_valuer_per_share": 66.03,
            "book_valuer_per_share_4q_avg": 66.74,
            "equity": 2658291,
            "current_ratio": 356.85,
            "debt_ratio": 67.33,
            "inventory_turnover_ratio": 1.66,
            "account_receivable_turnover_ratio": null,
            "reinvestment_rate": null,
            "research_to_sale_ratio": null,
            "price_fair": 556.92,
            "eps_avg_yearly": 15.91,
            "eps_latest_yearly": 16.96,
            "eps_growth_yearly": 71.32
        },
        "20072": {
            "year_quarter": 20072,
            "year": 2007,
            "quarter": 2,
            "eps": 3.14,
            "eps_growth_year": -26.46,
            "eps_4q": 13.13,
            "eps_4q_growth_year": 3.63,
            "roe": 7.43,
            "roe_4q": 31.58,
            "gross_profit": 153232,
            "gross_margin": 13.97,
            "gross_margin_4q_avg": 19.22,
            "net_income": 190376,
            "revenue": 1096871,
            "common_shares": 402600,
            "book_valuer_per_share": 61.33,
            "book_valuer_per_share_4q_avg": 63.92,
            "equity": 2469210,
            "current_ratio": 120.52,
            "debt_ratio": 74.58,
            "inventory_turnover_ratio": 1.16,
            "account_receivable_turnover_ratio": null,
            "reinvestment_rate": null,
            "research_to_sale_ratio": null,
            "price_fair": 546.25,
            "eps_avg_yearly": 15.61,
            "eps_latest_yearly": 12.56,
            "eps_growth_yearly": 55.4
        },
        "20073": {
            "year_quarter": 20073,
            "year": 2007,
            "quarter": 3,
            "eps": 2.64,
            "eps_growth_year": -48.13,
            "eps_4q": 12.47,
            "eps_4q_growth_year": -19.63,
            "roe": 6.1,
            "roe_4q": 28.349999999999998,
            "gross_profit": 173532,
            "gross_margin": 11.3,
            "gross_margin_4q_avg": 16,
            "net_income": 159837,
            "revenue": 1535943,
            "common_shares": 606550,
            "book_valuer_per_share": 45.65,
            "book_valuer_per_share_4q_avg": 61.34,
            "equity": 2768684,
            "current_ratio": 97.57,
            "debt_ratio": 72.77,
            "inventory_turnover_ratio": 1.27,
            "account_receivable_turnover_ratio": null,
            "reinvestment_rate": null,
            "research_to_sale_ratio": null,
            "price_fair": 531.53,
            "eps_avg_yearly": 15.19,
            "eps_latest_yearly": 10.56,
            "eps_growth_yearly": 45.47
        },
        "20074": {
            "year_quarter": 20074,
            "year": 2007,
            "quarter": 4,
            "eps": 4.05,
            "eps_growth_year": -31.59,
            "eps_4q": 12.64,
            "eps_4q_growth_year": -31.59,
            "roe": 6.84,
            "roe_4q": 26.349999999999998,
            "gross_profit": 270389,
            "gross_margin": 12.66,
            "gross_margin_4q_avg": 13.56,
            "net_income": 245593,
            "revenue": 2136485,
            "common_shares": 606550,
            "book_valuer_per_share": 50.38,
            "book_valuer_per_share_4q_avg": 55.85,
            "equity": 4410311,
            "current_ratio": 98.35,
            "debt_ratio": 63.76,
            "inventory_turnover_ratio": 1.6,
            "account_receivable_turnover_ratio": null,
            "reinvestment_rate": null,
            "research_to_sale_ratio": null,
            "price_fair": 534.26,
            "eps_avg_yearly": 15.26,
            "eps_latest_yearly": 16.2,
            "eps_growth_yearly": 58.41
        },
        "20081": {
            "year_quarter": 20081,
            "year": 2008,
            "quarter": 1,
            "eps": 4.01,
            "eps_growth_year": -5.42,
            "eps_4q": 13.15,
            "eps_4q_growth_year": -31.45,
            "roe": 5.51,
            "roe_4q": 25.88,
            "gross_profit": 338107,
            "gross_margin": 14.56,
            "gross_margin_4q_avg": 13.12,
            "net_income": 260347,
            "revenue": 2321734,
            "common_shares": 656626,
            "book_valuer_per_share": 72.99,
            "book_valuer_per_share_4q_avg": 57.59,
            "equity": 5045329,
            "current_ratio": 88.92,
            "debt_ratio": 69.87,
            "inventory_turnover_ratio": 1.81,
            "account_receivable_turnover_ratio": null,
            "reinvestment_rate": null,
            "research_to_sale_ratio": null,
            "price_fair": 536.2,
            "eps_avg_yearly": 15.32,
            "eps_latest_yearly": 16.04,
            "eps_growth_yearly": 53.96
        },
        "20082": {
            "year_quarter": 20082,
            "year": 2008,
            "quarter": 2,
            "eps": 4.91,
            "eps_growth_year": 56.37,
            "eps_4q": 10.34,
            "eps_4q_growth_year": -21.25,
            "roe": 7.41,
            "roe_4q": 25.86,
            "gross_profit": 884674,
            "gross_margin": 21.44,
            "gross_margin_4q_avg": 14.99,
            "net_income": 545840,
            "revenue": 4126531,
            "common_shares": 657131,
            "book_valuer_per_share": 77.25,
            "book_valuer_per_share_4q_avg": 61.57,
            "equity": 9687266,
            "current_ratio": 223.19,
            "debt_ratio": 55.93,
            "inventory_turnover_ratio": 3.14,
            "account_receivable_turnover_ratio": null,
            "reinvestment_rate": 142.34,
            "research_to_sale_ratio": null,
            "price_fair": 546.28,
            "eps_avg_yearly": 15.61,
            "eps_latest_yearly": 19.64,
            "eps_growth_yearly": 56.34
        },
        "20083": {
            "year_quarter": 20083,
            "year": 2008,
            "quarter": 3,
            "eps": 6.1,
            "eps_growth_year": 131.06,
            "eps_4q": 14.21,
            "eps_4q_growth_year": 13.89,
            "roe": 6.4,
            "roe_4q": 26.16,
            "gross_profit": 1169416,
            "gross_margin": 19.37,
            "gross_margin_4q_avg": 17.01,
            "net_income": 686523,
            "revenue": 6037548,
            "common_shares": 1024194,
            "book_valuer_per_share": 66.28,
            "book_valuer_per_share_4q_avg": 66.73,
            "equity": 11754547,
            "current_ratio": 216.34,
            "debt_ratio": 51.21,
            "inventory_turnover_ratio": 5.42,
            "account_receivable_turnover_ratio": null,
            "reinvestment_rate": 124.77,
            "research_to_sale_ratio": null,
            "price_fair": 565.51,
            "eps_avg_yearly": 16.16,
            "eps_latest_yearly": 24.4,
            "eps_growth_yearly": 58.88
        },
        "20084": {
            "year_quarter": 20084,
            "year": 2008,
            "quarter": 4,
            "eps": -1.39,
            "eps_growth_year": -134.32,
            "eps_4q": 10.99,
            "eps_4q_growth_year": -13.08,
            "roe": -1.35,
            "roe_4q": 17.97,
            "gross_profit": 11651,
            "gross_margin": 0.28,
            "gross_margin_4q_avg": 13.91,
            "net_income": -159571,
            "revenue": 4128761,
            "common_shares": 1025346,
            "book_valuer_per_share": 66.35,
            "book_valuer_per_share_4q_avg": 70.72,
            "equity": 11860082,
            "current_ratio": 195.62,
            "debt_ratio": 53.48,
            "inventory_turnover_ratio": 3.05,
            "account_receivable_turnover_ratio": 4.64,
            "reinvestment_rate": 153.3,
            "research_to_sale_ratio": null,
            "price_fair": 581.09,
            "eps_avg_yearly": 16.6,
            "eps_latest_yearly": 24.4,
            "eps_growth_yearly": 47.62
        },
        "20091": {
            "year_quarter": 20091,
            "year": 2009,
            "quarter": 1,
            "eps": -3.4,
            "eps_growth_year": -184.79,
            "eps_4q": 5.03,
            "eps_4q_growth_year": -61.72,
            "roe": -2.9,
            "roe_4q": 9.56,
            "gross_profit": -110080,
            "gross_margin": -4.34,
            "gross_margin_4q_avg": 9.19,
            "net_income": -362800,
            "revenue": 2537677,
            "common_shares": 1197276,
            "book_valuer_per_share": 66.17,
            "book_valuer_per_share_4q_avg": 69.01,
            "equity": 13145629,
            "current_ratio": 158.89,
            "debt_ratio": 53.67,
            "inventory_turnover_ratio": 1.1,
            "account_receivable_turnover_ratio": 1.18,
            "reinvestment_rate": 203.69,
            "research_to_sale_ratio": null,
            "price_fair": 609.3,
            "eps_avg_yearly": 17.41,
            "eps_latest_yearly": 24.4,
            "eps_growth_yearly": 63.56
        },
        "20092": {
            "year_quarter": 20092,
            "year": 2009,
            "quarter": 2,
            "eps": -2.66,
            "eps_growth_year": -154.18,
            "eps_4q": -1.5,
            "eps_4q_growth_year": -114.55,
            "roe": -2.9,
            "roe_4q": -0.75,
            "gross_profit": -231143,
            "gross_margin": -7.46,
            "gross_margin_4q_avg": 1.96,
            "net_income": -371532,
            "revenue": 3098209,
            "common_shares": 1197276,
            "book_valuer_per_share": 62.23,
            "book_valuer_per_share_4q_avg": 65.26,
            "equity": 12436401,
            "current_ratio": 142.92,
            "debt_ratio": 56.07,
            "inventory_turnover_ratio": 1.51,
            "account_receivable_turnover_ratio": 1.08,
            "reinvestment_rate": 251.34,
            "research_to_sale_ratio": null,
            "price_fair": 630.43,
            "eps_avg_yearly": 18.01,
            "eps_latest_yearly": 24.4,
            "eps_growth_yearly": 43.92
        },
        "20093": {
            "year_quarter": 20093,
            "year": 2009,
            "quarter": 3,
            "eps": 0.49,
            "eps_growth_year": -91.97,
            "eps_4q": -12.97,
            "eps_4q_growth_year": -191.32,
            "roe": 0.2,
            "roe_4q": -6.949999999999999,
            "gross_profit": 182316,
            "gross_margin": 5.04,
            "gross_margin_4q_avg": -1.62,
            "net_income": 26583,
            "revenue": 3619664,
            "common_shares": 1497276,
            "book_valuer_per_share": 65.97,
            "book_valuer_per_share_4q_avg": 65.18,
            "equity": 14713617,
            "current_ratio": 210.06,
            "debt_ratio": 48.45,
            "inventory_turnover_ratio": 2.18,
            "account_receivable_turnover_ratio": 1.11,
            "reinvestment_rate": 259.93,
            "research_to_sale_ratio": null,
            "price_fair": 638.28,
            "eps_avg_yearly": 18.24,
            "eps_latest_yearly": 24.4,
            "eps_growth_yearly": 27.5
        },
        "20094": {
            "year_quarter": 20094,
            "year": 2009,
            "quarter": 4,
            "eps": -9.59,
            "eps_growth_year": null,
            "eps_4q": -10.68,
            "eps_4q_growth_year": -197.17,
            "roe": -26.25,
            "roe_4q": -31.849999999999998,
            "gross_profit": -298707,
            "gross_margin": -7.34,
            "gross_margin_4q_avg": -3.53,
            "net_income": -3567811,
            "revenue": 4071008,
            "common_shares": 2191878,
            "book_valuer_per_share": 40.53,
            "book_valuer_per_share_4q_avg": 58.73,
            "equity": 12472467,
            "current_ratio": 205.62,
            "debt_ratio": 50.77,
            "inventory_turnover_ratio": 2.73,
            "account_receivable_turnover_ratio": 3.06,
            "reinvestment_rate": null,
            "research_to_sale_ratio": null,
            "price_fair": 469.75,
            "eps_avg_yearly": 17.97,
            "eps_latest_yearly": 24.4,
            "eps_growth_yearly": 16.14
        },
        "20101": {
            "year_quarter": 20101,
            "year": 2010,
            "quarter": 1,
            "eps": -0.21,
            "eps_growth_year": null,
            "eps_4q": -8.16,
            "eps_4q_growth_year": -261.98,
            "roe": -0.88,
            "roe_4q": -29.83,
            "gross_profit": 224394,
            "gross_margin": 5.74,
            "gross_margin_4q_avg": -1.01,
            "net_income": -116706,
            "revenue": 3907473,
            "common_shares": 2494399,
            "book_valuer_per_share": 42.83,
            "book_valuer_per_share_4q_avg": 52.89,
            "equity": 14178579,
            "current_ratio": 221.09,
            "debt_ratio": 46.55,
            "inventory_turnover_ratio": 2.1,
            "account_receivable_turnover_ratio": 1.41,
            "reinvestment_rate": 2288.97,
            "research_to_sale_ratio": 0.57,
            "price_fair": 524.78,
            "eps_avg_yearly": 17.75,
            "eps_latest_yearly": 24.4,
            "eps_growth_yearly": 19.57
        },
        "20102": {
            "year_quarter": 20102,
            "year": 2010,
            "quarter": 2,
            "eps": -11.88,
            "eps_growth_year": null,
            "eps_4q": -18.85,
            "eps_4q_growth_year": null,
            "roe": -50.01,
            "roe_4q": -76.94,
            "gross_profit": 183210,
            "gross_margin": 4.68,
            "gross_margin_4q_avg": 2.03,
            "net_income": -5687390,
            "revenue": 3913678,
            "common_shares": 2494432,
            "book_valuer_per_share": 31.04,
            "book_valuer_per_share_4q_avg": 45.09,
            "equity": 8567984,
            "current_ratio": 161.06,
            "debt_ratio": 59.7,
            "inventory_turnover_ratio": 1.89,
            "account_receivable_turnover_ratio": 1.32,
            "reinvestment_rate": null,
            "research_to_sale_ratio": 0.64,
            "price_fair": 623.78,
            "eps_avg_yearly": 17.82,
            "eps_latest_yearly": 24.4,
            "eps_growth_yearly": 28.61
        },
        "20103": {
            "year_quarter": 20103,
            "year": 2010,
            "quarter": 3,
            "eps": 1.85,
            "eps_growth_year": 277.09,
            "eps_4q": -17.34,
            "eps_4q_growth_year": null,
            "roe": 5.45,
            "roe_4q": -71.69,
            "gross_profit": 541955,
            "gross_margin": 9.69,
            "gross_margin_4q_avg": 3.19,
            "net_income": 478853,
            "revenue": 5594020,
            "common_shares": 2494498,
            "book_valuer_per_share": 32.79,
            "book_valuer_per_share_4q_avg": 36.8,
            "equity": 9000783,
            "current_ratio": 144.82,
            "debt_ratio": 57.64,
            "inventory_turnover_ratio": 2.7,
            "account_receivable_turnover_ratio": 1.86,
            "reinvestment_rate": null,
            "research_to_sale_ratio": 0.55,
            "price_fair": 570.34,
            "eps_avg_yearly": 17.51,
            "eps_latest_yearly": 24.4,
            "eps_growth_yearly": 22.58
        },
        "20104": {
            "year_quarter": 20104,
            "year": 2010,
            "quarter": 4,
            "eps": -1.02,
            "eps_growth_year": null,
            "eps_4q": -11.24,
            "eps_4q_growth_year": null,
            "roe": -5.87,
            "roe_4q": -51.31,
            "gross_profit": 497287,
            "gross_margin": 7.98,
            "gross_margin_4q_avg": 7.02,
            "net_income": -509589,
            "revenue": 6233549,
            "common_shares": 2494498,
            "book_valuer_per_share": 31.51,
            "book_valuer_per_share_4q_avg": 34.54,
            "equity": 8370566,
            "current_ratio": 100.35,
            "debt_ratio": 58.85,
            "inventory_turnover_ratio": 2.89,
            "account_receivable_turnover_ratio": 2.11,
            "reinvestment_rate": null,
            "research_to_sale_ratio": 0.35,
            "price_fair": 440.33,
            "eps_avg_yearly": 16.62,
            "eps_latest_yearly": 24.4,
            "eps_growth_yearly": 16.49
        },
        "20111": {
            "year_quarter": 20111,
            "year": 2011,
            "quarter": 1,
            "eps": -0.38,
            "eps_growth_year": null,
            "eps_4q": -6.05,
            "eps_4q_growth_year": null,
            "roe": -1.45,
            "roe_4q": -51.879999999999995,
            "gross_profit": -20303,
            "gross_margin": -0.43,
            "gross_margin_4q_avg": 5.48,
            "net_income": -157408,
            "revenue": 4669797,
            "common_shares": 4794498,
            "book_valuer_per_share": 26.67,
            "book_valuer_per_share_4q_avg": 30.5,
            "equity": 13287523,
            "current_ratio": 129.65,
            "debt_ratio": 41.98,
            "inventory_turnover_ratio": 1.94,
            "account_receivable_turnover_ratio": 1.65,
            "reinvestment_rate": null,
            "research_to_sale_ratio": 0.41,
            "price_fair": 579.83,
            "eps_avg_yearly": 16.57,
            "eps_latest_yearly": 24.4,
            "eps_growth_yearly": 38.16
        },
        "20112": {
            "year_quarter": 20112,
            "year": 2011,
            "quarter": 2,
            "eps": -3.96,
            "eps_growth_year": null,
            "eps_4q": -3.82,
            "eps_4q_growth_year": null,
            "roe": -17.2,
            "roe_4q": -19.07,
            "gross_profit": -1524937,
            "gross_margin": -147.38,
            "gross_margin_4q_avg": -32.54,
            "net_income": -2102882,
            "revenue": 1034696,
            "common_shares": 4794498,
            "book_valuer_per_share": 22.7,
            "book_valuer_per_share_4q_avg": 28.42,
            "equity": 11166350,
            "current_ratio": 87.94,
            "debt_ratio": 37.55,
            "inventory_turnover_ratio": 1.09,
            "account_receivable_turnover_ratio": 0.6,
            "reinvestment_rate": null,
            "research_to_sale_ratio": 3.61,
            "price_fair": 607.88,
            "eps_avg_yearly": 17.37,
            "eps_latest_yearly": 24.4,
            "eps_growth_yearly": 66.54
        },
        "20113": {
            "year_quarter": 20113,
            "year": 2011,
            "quarter": 3,
            "eps": -2.66,
            "eps_growth_year": -243.91,
            "eps_4q": -7.44,
            "eps_4q_growth_year": null,
            "roe": -13.14,
            "roe_4q": -37.66,
            "gross_profit": -598992,
            "gross_margin": -48.19,
            "gross_margin_4q_avg": -47.01,
            "net_income": -1378344,
            "revenue": 1243040,
            "common_shares": 4794498,
            "book_valuer_per_share": 20.07,
            "book_valuer_per_share_4q_avg": 25.24,
            "equity": 9816237,
            "current_ratio": 72.67,
            "debt_ratio": 35.39,
            "inventory_turnover_ratio": 1.22,
            "account_receivable_turnover_ratio": 1.79,
            "reinvestment_rate": null,
            "research_to_sale_ratio": 1.88,
            "price_fair": 667.45,
            "eps_avg_yearly": 19.07,
            "eps_latest_yearly": 24.4,
            "eps_growth_yearly": 99.1
        },
        "20114": {
            "year_quarter": 20114,
            "year": 2011,
            "quarter": 4,
            "eps": -1.54,
            "eps_growth_year": null,
            "eps_4q": -8.45,
            "eps_4q_growth_year": null,
            "roe": -9.23,
            "roe_4q": -41.02,
            "gross_profit": -597524,
            "gross_margin": -150.84,
            "gross_margin_4q_avg": -86.71,
            "net_income": -865764,
            "revenue": 396123,
            "common_shares": 4794498,
            "book_valuer_per_share": 18.52,
            "book_valuer_per_share_4q_avg": 21.99,
            "equity": 8938552,
            "current_ratio": 64.17,
            "debt_ratio": 37.93,
            "inventory_turnover_ratio": 1.57,
            "account_receivable_turnover_ratio": 0.9,
            "reinvestment_rate": null,
            "research_to_sale_ratio": 6.25,
            "price_fair": 700.93,
            "eps_avg_yearly": 20.03,
            "eps_latest_yearly": 24.4,
            "eps_growth_yearly": 60.92
        },
        "20121": {
            "year_quarter": 20121,
            "year": 2012,
            "quarter": 1,
            "eps": -0.74,
            "eps_growth_year": null,
            "eps_4q": -8.9,
            "eps_4q_growth_year": null,
            "roe": -4.51,
            "roe_4q": -44.08,
            "gross_profit": -243592,
            "gross_margin": -49.18,
            "gross_margin_4q_avg": -98.9,
            "net_income": -394055,
            "revenue": 495291,
            "common_shares": 4794498,
            "book_valuer_per_share": 17.79,
            "book_valuer_per_share_4q_avg": 19.77,
            "equity": 8546587,
            "current_ratio": 54.72,
            "debt_ratio": 33.72,
            "inventory_turnover_ratio": 1.75,
            "account_receivable_turnover_ratio": 1.99,
            "reinvestment_rate": null,
            "research_to_sale_ratio": 5.77,
            "price_fair": 770.7,
            "eps_avg_yearly": 22.02,
            "eps_latest_yearly": 24.4,
            "eps_growth_yearly": 93.36
        },
        "20122": {
            "year_quarter": 20122,
            "year": 2012,
            "quarter": 2,
            "eps": -0.73,
            "eps_growth_year": null,
            "eps_4q": -5.67,
            "eps_4q_growth_year": null,
            "roe": -4.43,
            "roe_4q": -31.310000000000002,
            "gross_profit": -212905,
            "gross_margin": -28.26,
            "gross_margin_4q_avg": -69.12,
            "net_income": -370864,
            "revenue": 753399,
            "common_shares": 4794498,
            "book_valuer_per_share": 17.07,
            "book_valuer_per_share_4q_avg": 18.36,
            "equity": 8185228,
            "current_ratio": 56.56,
            "debt_ratio": 34.42,
            "inventory_turnover_ratio": 1.75,
            "account_receivable_turnover_ratio": 2.09,
            "reinvestment_rate": null,
            "research_to_sale_ratio": 2.88,
            "price_fair": 854,
            "eps_avg_yearly": 24.4,
            "eps_latest_yearly": 24.4,
            "eps_growth_yearly": 96.95
        },
        "20123": {
            "year_quarter": 20123,
            "year": 2012,
            "quarter": 3,
            "eps": -1.31,
            "eps_growth_year": null,
            "eps_4q": -4.32,
            "eps_4q_growth_year": null,
            "roe": -7.96,
            "roe_4q": -26.13,
            "gross_profit": -381187,
            "gross_margin": -74.61,
            "gross_margin_4q_avg": -75.72,
            "net_income": -626407,
            "revenue": 510919,
            "common_shares": 4794498,
            "book_valuer_per_share": 15.77,
            "book_valuer_per_share_4q_avg": 17.29,
            "equity": 7560230,
            "current_ratio": 39.01,
            "debt_ratio": 35.21,
            "inventory_turnover_ratio": 1.46,
            "account_receivable_turnover_ratio": 1.56,
            "reinvestment_rate": null,
            "research_to_sale_ratio": 4.12,
            "price_fair": 0,
            "eps_avg_yearly": 0,
            "eps_latest_yearly": 0,
            "eps_growth_yearly": 0
        },
        "20124": {
            "year_quarter": 20124,
            "year": 2012,
            "quarter": 4,
            "eps": -0.98,
            "eps_growth_year": null,
            "eps_4q": -3.75,
            "eps_4q_growth_year": null,
            "roe": -6.38,
            "roe_4q": -23.28,
            "gross_profit": -328516,
            "gross_margin": -71.73,
            "gross_margin_4q_avg": -55.95,
            "net_income": -467286,
            "revenue": 457995,
            "common_shares": 4794498,
            "book_valuer_per_share": 14.8,
            "book_valuer_per_share_4q_avg": 16.36,
            "equity": 7093649,
            "current_ratio": 48.15,
            "debt_ratio": 33.83,
            "inventory_turnover_ratio": 1.79,
            "account_receivable_turnover_ratio": 1.84,
            "reinvestment_rate": null,
            "research_to_sale_ratio": 4.11,
            "price_fair": 0,
            "eps_avg_yearly": 0,
            "eps_latest_yearly": 0,
            "eps_growth_yearly": 0
        },
        "20131": {
            "year_quarter": 20131,
            "year": 2013,
            "quarter": 1,
            "eps": -0.48,
            "eps_growth_year": null,
            "eps_4q": -2.21,
            "eps_4q_growth_year": null,
            "roe": -3.34,
            "roe_4q": -22.11,
            "gross_profit": -228158,
            "gross_margin": -48.64,
            "gross_margin_4q_avg": -55.81,
            "net_income": -278328,
            "revenue": 469090,
            "common_shares": 7794498,
            "book_valuer_per_share": 12.39,
            "book_valuer_per_share_4q_avg": 15.01,
            "equity": 9578944,
            "current_ratio": 132.77,
            "debt_ratio": 13.26,
            "inventory_turnover_ratio": 2.08,
            "account_receivable_turnover_ratio": 1.66,
            "reinvestment_rate": null,
            "research_to_sale_ratio": 5.18,
            "price_fair": 0,
            "eps_avg_yearly": 0,
            "eps_latest_yearly": 0,
            "eps_growth_yearly": 0
        },
        "20132": {
            "year_quarter": 20132,
            "year": 2013,
            "quarter": 2,
            "eps": -0.2,
            "eps_growth_year": null,
            "eps_4q": -1.96,
            "eps_4q_growth_year": null,
            "roe": -1.74,
            "roe_4q": -19.42,
            "gross_profit": -81710,
            "gross_margin": -8.96,
            "gross_margin_4q_avg": -50.99,
            "net_income": -165218,
            "revenue": 911854,
            "common_shares": 7794498,
            "book_valuer_per_share": 12.19,
            "book_valuer_per_share_4q_avg": 13.79,
            "equity": 9413896,
            "current_ratio": 135.44,
            "debt_ratio": 14.42,
            "inventory_turnover_ratio": 2.47,
            "account_receivable_turnover_ratio": 1.96,
            "reinvestment_rate": null,
            "research_to_sale_ratio": 2.27,
            "price_fair": 0,
            "eps_avg_yearly": 0,
            "eps_latest_yearly": 0,
            "eps_growth_yearly": 0
        },
        "20133": {
            "year_quarter": 20133,
            "year": 2013,
            "quarter": 3,
            "eps": -0.63,
            "eps_growth_year": null,
            "eps_4q": -1.78,
            "eps_4q_growth_year": null,
            "roe": -5.41,
            "roe_4q": -16.87,
            "gross_profit": -111858,
            "gross_margin": -13.94,
            "gross_margin_4q_avg": -35.82,
            "net_income": -495595,
            "revenue": 802266,
            "common_shares": 7794498,
            "book_valuer_per_share": 11.57,
            "book_valuer_per_share_4q_avg": 12.74,
            "equity": 8919161,
            "current_ratio": 136.46,
            "debt_ratio": 14.4,
            "inventory_turnover_ratio": 1.85,
            "account_receivable_turnover_ratio": 1.37,
            "reinvestment_rate": null,
            "research_to_sale_ratio": 2.11,
            "price_fair": 0,
            "eps_avg_yearly": 0,
            "eps_latest_yearly": 0,
            "eps_growth_yearly": 0
        },
        "20134": {
            "year_quarter": 20134,
            "year": 2013,
            "quarter": 4,
            "eps": -0.84,
            "eps_growth_year": null,
            "eps_4q": -2.02,
            "eps_4q_growth_year": null,
            "roe": -7.79,
            "roe_4q": -18.28,
            "gross_profit": -48055,
            "gross_margin": -4.43,
            "gross_margin_4q_avg": -18.99,
            "net_income": -668769,
            "revenue": 1085362,
            "common_shares": 7794498,
            "book_valuer_per_share": 10.73,
            "book_valuer_per_share_4q_avg": 11.72,
            "equity": 8250608,
            "current_ratio": 154.84,
            "debt_ratio": 13.79,
            "inventory_turnover_ratio": 2.01,
            "account_receivable_turnover_ratio": 2.5,
            "reinvestment_rate": null,
            "research_to_sale_ratio": 1.6,
            "price_fair": 0,
            "eps_avg_yearly": 0,
            "eps_latest_yearly": 0,
            "eps_growth_yearly": 0
        },
        "20141": {
            "year_quarter": 20141,
            "year": 2014,
            "quarter": 1,
            "eps": -0.05,
            "eps_growth_year": null,
            "eps_4q": -1.71,
            "eps_4q_growth_year": null,
            "roe": -0.46,
            "roe_4q": -15.4,
            "gross_profit": 41850,
            "gross_margin": 3.35,
            "gross_margin_4q_avg": -6,
            "net_income": -37727,
            "revenue": 1250470,
            "common_shares": 7794498,
            "book_valuer_per_share": 10.68,
            "book_valuer_per_share_4q_avg": 11.29,
            "equity": 8213136,
            "current_ratio": 173.86,
            "debt_ratio": 15.17,
            "inventory_turnover_ratio": 1.67,
            "account_receivable_turnover_ratio": 4.59,
            "reinvestment_rate": null,
            "research_to_sale_ratio": 1.49,
            "price_fair": 0,
            "eps_avg_yearly": 0,
            "eps_latest_yearly": 0,
            "eps_growth_yearly": 0
        },
        "20142": {
            "year_quarter": 20142,
            "year": 2014,
            "quarter": 2,
            "eps": -0.05,
            "eps_growth_year": null,
            "eps_4q": -1.56,
            "eps_4q_growth_year": null,
            "roe": -0.54,
            "roe_4q": -14.2,
            "gross_profit": 54129,
            "gross_margin": 4.08,
            "gross_margin_4q_avg": -2.74,
            "net_income": -44495,
            "revenue": 1326833,
            "common_shares": 7794498,
            "book_valuer_per_share": 10.63,
            "book_valuer_per_share_4q_avg": 10.9,
            "equity": 8169025,
            "current_ratio": 207.72,
            "debt_ratio": 15.59,
            "inventory_turnover_ratio": 1.33,
            "account_receivable_turnover_ratio": 3.74,
            "reinvestment_rate": null,
            "research_to_sale_ratio": 1.27,
            "price_fair": 0,
            "eps_avg_yearly": 0,
            "eps_latest_yearly": 0,
            "eps_growth_yearly": 0
        },
        "20143": {
            "year_quarter": 20143,
            "year": 2014,
            "quarter": 3,
            "eps": -0.22,
            "eps_growth_year": null,
            "eps_4q": -1.16,
            "eps_4q_growth_year": null,
            "roe": -2.22,
            "roe_4q": -11.01,
            "gross_profit": -73032,
            "gross_margin": -7.72,
            "gross_margin_4q_avg": -1.18,
            "net_income": -179508,
            "revenue": 945447,
            "common_shares": 7794498,
            "book_valuer_per_share": 10.41,
            "book_valuer_per_share_4q_avg": 10.61,
            "equity": 7994271,
            "current_ratio": 272.24,
            "debt_ratio": 14.82,
            "inventory_turnover_ratio": 0.87,
            "account_receivable_turnover_ratio": 2.51,
            "reinvestment_rate": null,
            "research_to_sale_ratio": 1.81,
            "price_fair": 0,
            "eps_avg_yearly": 0,
            "eps_latest_yearly": 0,
            "eps_growth_yearly": 0
        },
        "20144": {
            "year_quarter": 20144,
            "year": 2014,
            "quarter": 4,
            "eps": -0.65,
            "eps_growth_year": null,
            "eps_4q": -0.98,
            "eps_4q_growth_year": null,
            "roe": -7.15,
            "roe_4q": -10.370000000000001,
            "gross_profit": -109517,
            "gross_margin": -11.78,
            "gross_margin_4q_avg": -3.02,
            "net_income": -551884,
            "revenue": 929390,
            "common_shares": 7794498,
            "book_valuer_per_share": 9.76,
            "book_valuer_per_share_4q_avg": 10.37,
            "equity": 7440388,
            "current_ratio": 244.28,
            "debt_ratio": 17.97,
            "inventory_turnover_ratio": 0.8,
            "account_receivable_turnover_ratio": 2.22,
            "reinvestment_rate": null,
            "research_to_sale_ratio": 1.79,
            "price_fair": 0,
            "eps_avg_yearly": 0,
            "eps_latest_yearly": 0,
            "eps_growth_yearly": 0
        },
        "20151": {
            "year_quarter": 20151,
            "year": 2015,
            "quarter": 1,
            "eps": -0.23,
            "eps_growth_year": null,
            "eps_4q": -1.16,
            "eps_4q_growth_year": null,
            "roe": -2.47,
            "roe_4q": -12.380000000000003,
            "gross_profit": -103345,
            "gross_margin": -10.68,
            "gross_margin_4q_avg": -6.53,
            "net_income": -181892,
            "revenue": 967977,
            "common_shares": 7794498,
            "book_valuer_per_share": 9.53,
            "book_valuer_per_share_4q_avg": 10.08,
            "equity": 7258560,
            "current_ratio": 201.45,
            "debt_ratio": 17.04,
            "inventory_turnover_ratio": 0.83,
            "account_receivable_turnover_ratio": 1.81,
            "reinvestment_rate": null,
            "research_to_sale_ratio": 1.72,
            "price_fair": 0,
            "eps_avg_yearly": 0,
            "eps_latest_yearly": 0,
            "eps_growth_yearly": 0
        },
        "20152": {
            "year_quarter": 20152,
            "year": 2015,
            "quarter": 2,
            "eps": -0.34,
            "eps_growth_year": null,
            "eps_4q": -1.44,
            "eps_4q_growth_year": null,
            "roe": -3.64,
            "roe_4q": -15.480000000000002,
            "gross_profit": -180378,
            "gross_margin": -21.64,
            "gross_margin_4q_avg": -12.96,
            "net_income": -259517,
            "revenue": 833705,
            "common_shares": 7794498,
            "book_valuer_per_share": 9.19,
            "book_valuer_per_share_4q_avg": 9.72,
            "equity": 6999311,
            "current_ratio": 211.16,
            "debt_ratio": 15.78,
            "inventory_turnover_ratio": 0.85,
            "account_receivable_turnover_ratio": 1.84,
            "reinvestment_rate": null,
            "research_to_sale_ratio": 2.09,
            "price_fair": 0,
            "eps_avg_yearly": 0,
            "eps_latest_yearly": 0,
            "eps_growth_yearly": 0
        },
        "20153": {
            "year_quarter": 20153,
            "year": 2015,
            "quarter": 3,
            "eps": -0.23,
            "eps_growth_year": null,
            "eps_4q": -1.45,
            "eps_4q_growth_year": null,
            "roe": -2.62,
            "roe_4q": -15.88,
            "gross_profit": -129422,
            "gross_margin": -10.23,
            "gross_margin_4q_avg": -13.58,
            "net_income": -181162,
            "revenue": 1265043,
            "common_shares": 7794498,
            "book_valuer_per_share": 8.96,
            "book_valuer_per_share_4q_avg": 9.36,
            "equity": 6817076,
            "current_ratio": 291.74,
            "debt_ratio": 12.97,
            "inventory_turnover_ratio": 1.5,
            "account_receivable_turnover_ratio": 3.19,
            "reinvestment_rate": null,
            "research_to_sale_ratio": 1.46,
            "price_fair": 0,
            "eps_avg_yearly": 0,
            "eps_latest_yearly": 0,
            "eps_growth_yearly": 0
        },
        "20154": {
            "year_quarter": 20154,
            "year": 2015,
            "quarter": 4,
            "eps": -0.24,
            "eps_growth_year": null,
            "eps_4q": -1.04,
            "eps_4q_growth_year": null,
            "roe": -3.1,
            "roe_4q": -11.830000000000002,
            "gross_profit": -91253,
            "gross_margin": -6.25,
            "gross_margin_4q_avg": -12.2,
            "net_income": -208415,
            "revenue": 1461052,
            "common_shares": 7794498,
            "book_valuer_per_share": 8.72,
            "book_valuer_per_share_4q_avg": 9.1,
            "equity": 6608227,
            "current_ratio": 287.47,
            "debt_ratio": 15.44,
            "inventory_turnover_ratio": 2.56,
            "account_receivable_turnover_ratio": 2.43,
            "reinvestment_rate": null,
            "research_to_sale_ratio": 1.26,
            "price_fair": 0,
            "eps_avg_yearly": 0,
            "eps_latest_yearly": 0,
            "eps_growth_yearly": 0
        },
        "20161": {
            "year_quarter": 20161,
            "year": 2016,
            "quarter": 1,
            "eps": 0,
            "eps_growth_year": null,
            "eps_4q": -0.81,
            "eps_4q_growth_year": null,
            "roe": -0.1,
            "roe_4q": -9.46,
            "gross_profit": 85094,
            "gross_margin": 6.19,
            "gross_margin_4q_avg": -7.98,
            "net_income": -6600,
            "revenue": 1374090,
            "common_shares": 7794498,
            "book_valuer_per_share": 8.72,
            "book_valuer_per_share_4q_avg": 8.9,
            "equity": 6601762,
            "current_ratio": 275.45,
            "debt_ratio": 17.03,
            "inventory_turnover_ratio": 2.46,
            "account_receivable_turnover_ratio": 1.98,
            "reinvestment_rate": null,
            "research_to_sale_ratio": 1.38,
            "price_fair": 0,
            "eps_avg_yearly": 0,
            "eps_latest_yearly": 0,
            "eps_growth_yearly": 0
        },
        "20162": {
            "year_quarter": 20162,
            "year": 2016,
            "quarter": 2,
            "eps": -0.18,
            "eps_growth_year": null,
            "eps_4q": -0.65,
            "eps_4q_growth_year": null,
            "roe": -2.2,
            "roe_4q": -8.02,
            "gross_profit": -67930,
            "gross_margin": -5.79,
            "gross_margin_4q_avg": -4.02,
            "net_income": -143523,
            "revenue": 1173500,
            "common_shares": 7794498,
            "book_valuer_per_share": 8.54,
            "book_valuer_per_share_4q_avg": 8.74,
            "equity": 6458157,
            "current_ratio": 313.47,
            "debt_ratio": 14.19,
            "inventory_turnover_ratio": 2.72,
            "account_receivable_turnover_ratio": 1.86,
            "reinvestment_rate": null,
            "research_to_sale_ratio": 1.58,
            "price_fair": 0,
            "eps_avg_yearly": 0,
            "eps_latest_yearly": 0,
            "eps_growth_yearly": 0
        },
        "20163": {
            "year_quarter": 20163,
            "year": 2016,
            "quarter": 3,
            "eps": -0.59,
            "eps_growth_year": null,
            "eps_4q": -1.01,
            "eps_4q_growth_year": null,
            "roe": -7.5,
            "roe_4q": -12.899999999999999,
            "gross_profit": -418921,
            "gross_margin": -65.86,
            "gross_margin_4q_avg": -17.93,
            "net_income": -466919,
            "revenue": 636120,
            "common_shares": 7794498,
            "book_valuer_per_share": 7.95,
            "book_valuer_per_share_4q_avg": 8.48,
            "equity": 5991395,
            "current_ratio": 238.13,
            "debt_ratio": 16.03,
            "inventory_turnover_ratio": 3.51,
            "account_receivable_turnover_ratio": 1.45,
            "reinvestment_rate": null,
            "research_to_sale_ratio": 2.58,
            "price_fair": 0,
            "eps_avg_yearly": 0,
            "eps_latest_yearly": 0,
            "eps_growth_yearly": 0
        },
        "20164": {
            "year_quarter": 20164,
            "year": 2016,
            "quarter": 4,
            "eps": -0.26,
            "eps_growth_year": null,
            "eps_4q": -1.04,
            "eps_4q_growth_year": null,
            "roe": -3.1,
            "roe_4q": -12.9,
            "gross_profit": -275055,
            "gross_margin": -37.31,
            "gross_margin_4q_avg": -25.69,
            "net_income": -183179,
            "revenue": 737160,
            "common_shares": 7794498,
            "book_valuer_per_share": 7.69,
            "book_valuer_per_share_4q_avg": 8.23,
            "equity": 5808427,
            "current_ratio": 209.52,
            "debt_ratio": 16.76,
            "inventory_turnover_ratio": 3.21,
            "account_receivable_turnover_ratio": 3.02,
            "reinvestment_rate": null,
            "research_to_sale_ratio": 2.12,
            "price_fair": 0,
            "eps_avg_yearly": 0,
            "eps_latest_yearly": 0,
            "eps_growth_yearly": 0
        },
        "20171": {
            "year_quarter": 20171,
            "year": 2017,
            "quarter": 1,
            "eps": -0.22,
            "eps_growth_year": null,
            "eps_4q": -1.26,
            "eps_4q_growth_year": null,
            "roe": -2.99,
            "roe_4q": -15.79,
            "gross_profit": -186988,
            "gross_margin": -17.95,
            "gross_margin_4q_avg": -31.73,
            "net_income": -171199,
            "revenue": 1041959,
            "common_shares": 7794498,
            "book_valuer_per_share": 7.46,
            "book_valuer_per_share_4q_avg": 7.91,
            "equity": 5637230,
            "current_ratio": 202.33,
            "debt_ratio": 16.52,
            "inventory_turnover_ratio": 3.88,
            "account_receivable_turnover_ratio": 2.17,
            "reinvestment_rate": null,
            "research_to_sale_ratio": 1.12,
            "price_fair": 0,
            "eps_avg_yearly": 0,
            "eps_latest_yearly": 0,
            "eps_growth_yearly": 0
        },
        "20172": {
            "year_quarter": 20172,
            "year": 2017,
            "quarter": 2,
            "eps": -0.18,
            "eps_growth_year": null,
            "eps_4q": -1.26,
            "eps_4q_growth_year": null,
            "roe": -2.09,
            "roe_4q": -15.68,
            "gross_profit": -143206,
            "gross_margin": -13.49,
            "gross_margin_4q_avg": -33.65,
            "net_income": -116678,
            "revenue": 1061507,
            "common_shares": 7794498,
            "book_valuer_per_share": 7.29,
            "book_valuer_per_share_4q_avg": 7.6,
            "equity": 5524429,
            "current_ratio": 213.63,
            "debt_ratio": 15.9,
            "inventory_turnover_ratio": 4.64,
            "account_receivable_turnover_ratio": 1.57,
            "reinvestment_rate": null,
            "research_to_sale_ratio": 1.27,
            "price_fair": 0,
            "eps_avg_yearly": 0,
            "eps_latest_yearly": 0,
            "eps_growth_yearly": 0
        },
        "20173": {
            "year_quarter": 20173,
            "year": 2017,
            "quarter": 3,
            "eps": -0.2,
            "eps_growth_year": null,
            "eps_4q": -0.86,
            "eps_4q_growth_year": null,
            "roe": -2.87,
            "roe_4q": -11.05,
            "gross_profit": -67235,
            "gross_margin": -6.05,
            "gross_margin_4q_avg": -18.7,
            "net_income": -156316,
            "revenue": 1111037,
            "common_shares": 7794498,
            "book_valuer_per_share": 7.09,
            "book_valuer_per_share_4q_avg": 7.38,
            "equity": 5368113,
            "current_ratio": 197.47,
            "debt_ratio": 17.46,
            "inventory_turnover_ratio": 4.8,
            "account_receivable_turnover_ratio": 2.36,
            "reinvestment_rate": null,
            "research_to_sale_ratio": 1.28,
            "price_fair": 0,
            "eps_avg_yearly": 0,
            "eps_latest_yearly": 0,
            "eps_growth_yearly": 0
        },
        "20174": {
            "year_quarter": 20174,
            "year": 2017,
            "quarter": 4,
            "eps": -2.99,
            "eps_growth_year": null,
            "eps_4q": -3.59,
            "eps_4q_growth_year": null,
            "roe": -50.79,
            "roe_4q": -58.74,
            "gross_profit": -160111,
            "gross_margin": -16.61,
            "gross_margin_4q_avg": -13.53,
            "net_income": -2174523,
            "revenue": 963974,
            "common_shares": 7794498,
            "book_valuer_per_share": 4.1,
            "book_valuer_per_share_4q_avg": 6.49,
            "equity": 3194577,
            "current_ratio": 270.22,
            "debt_ratio": 19.07,
            "inventory_turnover_ratio": 4.14,
            "account_receivable_turnover_ratio": 3.75,
            "reinvestment_rate": null,
            "research_to_sale_ratio": 1.44,
            "price_fair": 0,
            "eps_avg_yearly": 0,
            "eps_latest_yearly": 0,
            "eps_growth_yearly": 0
        },
        "20181": {
            "year_quarter": 20181,
            "year": 2018,
            "quarter": 1,
            "eps": -0.34,
            "eps_growth_year": null,
            "eps_4q": -3.71,
            "eps_4q_growth_year": null,
            "roe": -8.77,
            "roe_4q": -64.52,
            "gross_profit": -198863,
            "gross_margin": -32,
            "gross_margin_4q_avg": -17.04,
            "net_income": -268413,
            "revenue": 621460,
            "common_shares": 7794498,
            "book_valuer_per_share": 3.76,
            "book_valuer_per_share_4q_avg": 5.56,
            "equity": 2927014,
            "current_ratio": 295.64,
            "debt_ratio": 15.46,
            "inventory_turnover_ratio": 3.12,
            "account_receivable_turnover_ratio": 3.11,
            "reinvestment_rate": null,
            "research_to_sale_ratio": 1.92,
            "price_fair": 0,
            "eps_avg_yearly": 0,
            "eps_latest_yearly": 0,
            "eps_growth_yearly": 0
        },
        "20182": {
            "year_quarter": 20182,
            "year": 2018,
            "quarter": 2,
            "eps": -0.31,
            "eps_growth_year": null,
            "eps_4q": -3.84,
            "eps_4q_growth_year": null,
            "roe": -8.63,
            "roe_4q": -71.06,
            "gross_profit": -168313,
            "gross_margin": -25.88,
            "gross_margin_4q_avg": -20.14,
            "net_income": -242164,
            "revenue": 650369,
            "common_shares": 7794498,
            "book_valuer_per_share": 3.44,
            "book_valuer_per_share_4q_avg": 4.6,
            "equity": 2684850,
            "current_ratio": 258.6,
            "debt_ratio": 16.72,
            "inventory_turnover_ratio": 3.45,
            "account_receivable_turnover_ratio": 3.14,
            "reinvestment_rate": null,
            "research_to_sale_ratio": 1.95,
            "price_fair": 0,
            "eps_avg_yearly": 0,
            "eps_latest_yearly": 0,
            "eps_growth_yearly": 0
        },
        "20183": {
            "year_quarter": 20183,
            "year": 2018,
            "quarter": 3,
            "eps": -0.66,
            "eps_growth_year": null,
            "eps_4q": -9.55,
            "eps_4q_growth_year": null,
            "roe": -8.14,
            "roe_4q": -76.33,
            "gross_profit": -154822,
            "gross_margin": -40.27,
            "gross_margin_4q_avg": -28.69,
            "net_income": -210008,
            "revenue": 384506,
            "common_shares": 3194577,
            "book_valuer_per_share": 7.75,
            "book_valuer_per_share_4q_avg": 4.76,
            "equity": 2474842,
            "current_ratio": 249.67,
            "debt_ratio": 15.62,
            "inventory_turnover_ratio": 2.69,
            "account_receivable_turnover_ratio": 1.86,
            "reinvestment_rate": null,
            "research_to_sale_ratio": 3.18,
            "price_fair": 0,
            "eps_avg_yearly": 0,
            "eps_latest_yearly": 0,
            "eps_growth_yearly": 0
        },
        "20184": {
            "year_quarter": 20184,
            "year": 2018,
            "quarter": 4,
            "eps": -1.17,
            "eps_growth_year": null,
            "eps_4q": -3.43,
            "eps_4q_growth_year": null,
            "roe": -16.37,
            "roe_4q": -41.91,
            "gross_profit": -155862,
            "gross_margin": -117.74,
            "gross_margin_4q_avg": -53.97,
            "net_income": -374021,
            "revenue": 132377,
            "common_shares": 3194577,
            "book_valuer_per_share": 6.56,
            "book_valuer_per_share_4q_avg": 5.38,
            "equity": 2095673,
            "current_ratio": 264.46,
            "debt_ratio": 12.84,
            "inventory_turnover_ratio": 2.5,
            "account_receivable_turnover_ratio": 1.3,
            "reinvestment_rate": null,
            "research_to_sale_ratio": 9.15,
            "price_fair": 0,
            "eps_avg_yearly": 0,
            "eps_latest_yearly": 0,
            "eps_growth_yearly": 0
        },
        "20191": {
            "year_quarter": 20191,
            "year": 2019,
            "quarter": 1,
            "eps": -1.57,
            "eps_growth_year": null,
            "eps_4q": -4.15,
            "eps_4q_growth_year": null,
            "roe": -27.1,
            "roe_4q": -60.24,
            "gross_profit": -120421,
            "gross_margin": -100.08,
            "gross_margin_4q_avg": -70.99,
            "net_income": -500236,
            "revenue": 120327,
            "common_shares": 3194577,
            "book_valuer_per_share": 5,
            "book_valuer_per_share_4q_avg": 5.69,
            "equity": 1595938,
            "current_ratio": 195.34,
            "debt_ratio": 26.7,
            "inventory_turnover_ratio": 4.1,
            "account_receivable_turnover_ratio": 2.09,
            "reinvestment_rate": null,
            "research_to_sale_ratio": 11.23,
            "price_fair": 0,
            "eps_avg_yearly": 0,
            "eps_latest_yearly": 0,
            "eps_growth_yearly": 0
        },
        "20192": {
            "year_quarter": 20192,
            "year": 2019,
            "quarter": 2,
            "eps": -0.49,
            "eps_growth_year": null,
            "eps_4q": -3.89,
            "eps_4q_growth_year": null,
            "roe": -10.36,
            "roe_4q": -61.97,
            "gross_profit": -114192,
            "gross_margin": -92.58,
            "gross_margin_4q_avg": -87.67,
            "net_income": -157167,
            "revenue": 123338,
            "common_shares": 3194577,
            "book_valuer_per_share": 4.5,
            "book_valuer_per_share_4q_avg": 5.95,
            "equity": 1438771,
            "current_ratio": 283.65,
            "debt_ratio": 20.63,
            "inventory_turnover_ratio": 9.62,
            "account_receivable_turnover_ratio": 4.57,
            "reinvestment_rate": null,
            "research_to_sale_ratio": 6.82,
            "price_fair": 0,
            "eps_avg_yearly": 0,
            "eps_latest_yearly": 0,
            "eps_growth_yearly": 0
        },
        "20193": {
            "year_quarter": 20193,
            "year": 2019,
            "quarter": 3,
            "eps": -0.15,
            "eps_growth_year": null,
            "eps_4q": -3.38,
            "eps_4q_growth_year": null,
            "roe": -3.38,
            "roe_4q": -57.21000000000001,
            "gross_profit": -36543,
            "gross_margin": null,
            "gross_margin_4q_avg": -77.6,
            "net_income": -47829,
            "revenue": 0,
            "common_shares": 3194577,
            "book_valuer_per_share": 4.35,
            "book_valuer_per_share_4q_avg": 5.1,
            "equity": 1390942,
            "current_ratio": 330.92,
            "debt_ratio": 19.3,
            "inventory_turnover_ratio": null,
            "account_receivable_turnover_ratio": 0,
            "reinvestment_rate": null,
            "research_to_sale_ratio": null,
            "price_fair": 0,
            "eps_avg_yearly": 0,
            "eps_latest_yearly": 0,
            "eps_growth_yearly": 0
        }
    },
    "months": {
        "2005-03": {
            "month": "2005-03",
            "price": "205.34",
            "revenue": 46400
        },
        "2005-04": {
            "month": "2005-04",
            "price": "149.32",
            "revenue": 56192
        },
        "2005-05": {
            "month": "2005-05",
            "price": "132.31",
            "revenue": 64513
        },
        "2005-06": {
            "month": "2005-06",
            "price": "150.95",
            "revenue": 77497
        },
        "2005-07": {
            "month": "2005-07",
            "price": "196.37",
            "revenue": 94606
        },
        "2005-08": {
            "month": "2005-08",
            "price": "254.11",
            "revenue": 109806
        },
        "2005-09": {
            "month": "2005-09",
            "price": "221.28",
            "revenue": 134498
        },
        "2005-10": {
            "month": "2005-10",
            "price": "256.09",
            "revenue": 140457
        },
        "2005-11": {
            "month": "2005-11",
            "price": "252.95",
            "revenue": 163432
        },
        "2005-12": {
            "month": "2005-12",
            "price": "420.47",
            "revenue": 175413
        },
        "2006-01": {
            "month": "2006-01",
            "price": "519.94",
            "revenue": 185636
        },
        "2006-02": {
            "month": "2006-02",
            "price": "712.42",
            "revenue": 188182
        },
        "2006-03": {
            "month": "2006-03",
            "price": "1003.39",
            "revenue": 191378
        },
        "2006-04": {
            "month": "2006-04",
            "price": "908.95",
            "revenue": 202163
        },
        "2006-05": {
            "month": "2006-05",
            "price": "817.76",
            "revenue": 211421
        },
        "2006-06": {
            "month": "2006-06",
            "price": "704.86",
            "revenue": 246095
        },
        "2006-07": {
            "month": "2006-07",
            "price": "677.00",
            "revenue": 314064
        },
        "2006-08": {
            "month": "2006-08",
            "price": "591.30",
            "revenue": 323302
        },
        "2006-09": {
            "month": "2006-09",
            "price": "586.33",
            "revenue": 335593
        },
        "2006-10": {
            "month": "2006-10",
            "price": "577.45",
            "revenue": 371543
        },
        "2006-11": {
            "month": "2006-11",
            "price": "598.82",
            "revenue": 401695
        },
        "2006-12": {
            "month": "2006-12",
            "price": "525.00",
            "revenue": 418503
        },
        "2007-01": {
            "month": "2007-01",
            "price": "560.09",
            "revenue": 418999
        },
        "2007-02": {
            "month": "2007-02",
            "price": "659.50",
            "revenue": 345685
        },
        "2007-03": {
            "month": "2007-03",
            "price": "606.96",
            "revenue": 439870
        },
        "2007-04": {
            "month": "2007-04",
            "price": "586.00",
            "revenue": 318787
        },
        "2007-05": {
            "month": "2007-05",
            "price": "510.84",
            "revenue": 337163
        },
        "2007-06": {
            "month": "2007-06",
            "price": "533.25",
            "revenue": 440920
        },
        "2007-07": {
            "month": "2007-07",
            "price": "559.82",
            "revenue": 470948
        },
        "2007-08": {
            "month": "2007-08",
            "price": "361.26",
            "revenue": 519713
        },
        "2007-09": {
            "month": "2007-09",
            "price": "350.64",
            "revenue": 545283
        },
        "2007-10": {
            "month": "2007-10",
            "price": "388.27",
            "revenue": 605575
        },
        "2007-11": {
            "month": "2007-11",
            "price": "322.39",
            "revenue": 661183
        },
        "2007-12": {
            "month": "2007-12",
            "price": "282.19",
            "revenue": 869726
        },
        "2008-01": {
            "month": "2008-01",
            "price": "268.30",
            "revenue": 809457
        },
        "2008-02": {
            "month": "2008-02",
            "price": "230.50",
            "revenue": 609574
        },
        "2008-03": {
            "month": "2008-03",
            "price": "250.21",
            "revenue": 809768
        },
        "2008-04": {
            "month": "2008-04",
            "price": "322.90",
            "revenue": 910246
        },
        "2008-05": {
            "month": "2008-05",
            "price": "370.57",
            "revenue": 1100558
        },
        "2008-06": {
            "month": "2008-06",
            "price": "341.10",
            "revenue": 1315034
        },
        "2008-07": {
            "month": "2008-07",
            "price": "387.41",
            "revenue": 1505508
        },
        "2008-08": {
            "month": "2008-08",
            "price": "294.98",
            "revenue": 1559849
        },
        "2008-09": {
            "month": "2008-09",
            "price": "238.83",
            "revenue": 1611591
        },
        "2008-10": {
            "month": "2008-10",
            "price": "168.52",
            "revenue": 1501056
        },
        "2008-11": {
            "month": "2008-11",
            "price": "95.78",
            "revenue": 1306859
        },
        "2008-12": {
            "month": "2008-12",
            "price": "85.90",
            "revenue": 551834
        },
        "2009-01": {
            "month": "2009-01",
            "price": "87.14",
            "revenue": 582859
        },
        "2009-02": {
            "month": "2009-02",
            "price": "85.88",
            "revenue": 742421
        },
        "2009-03": {
            "month": "2009-03",
            "price": "90.80",
            "revenue": 882409
        },
        "2009-04": {
            "month": "2009-04",
            "price": "105.33",
            "revenue": 1016265
        },
        "2009-05": {
            "month": "2009-05",
            "price": "100.01",
            "revenue": 909334
        },
        "2009-06": {
            "month": "2009-06",
            "price": "97.53",
            "revenue": 1002803
        },
        "2009-07": {
            "month": "2009-07",
            "price": "94.20",
            "revenue": 1031174
        },
        "2009-08": {
            "month": "2009-08",
            "price": "77.72",
            "revenue": 1102338
        },
        "2009-09": {
            "month": "2009-09",
            "price": "75.22",
            "revenue": 1505843
        },
        "2009-10": {
            "month": "2009-10",
            "price": "67.21",
            "revenue": 1520004
        },
        "2009-11": {
            "month": "2009-11",
            "price": "73.50",
            "revenue": 1526919
        },
        "2009-12": {
            "month": "2009-12",
            "price": "83.85",
            "revenue": 1236375
        },
        "2010-01": {
            "month": "2010-01",
            "price": "76.14",
            "revenue": 1256652
        },
        "2010-02": {
            "month": "2010-02",
            "price": "65.71",
            "revenue": 1188089
        },
        "2010-03": {
            "month": "2010-03",
            "price": "64.87",
            "revenue": 1350475
        },
        "2010-04": {
            "month": "2010-04",
            "price": "62.12",
            "revenue": 1196926
        },
        "2010-05": {
            "month": "2010-05",
            "price": "45.11",
            "revenue": 1204433
        },
        "2010-06": {
            "month": "2010-06",
            "price": "42.73",
            "revenue": 1404871
        },
        "2010-07": {
            "month": "2010-07",
            "price": "48.81",
            "revenue": 1673235
        },
        "2010-08": {
            "month": "2010-08",
            "price": "48.82",
            "revenue": 1707164
        },
        "2010-09": {
            "month": "2010-09",
            "price": "39.65",
            "revenue": 1722429
        },
        "2010-10": {
            "month": "2010-10",
            "price": "41.14",
            "revenue": 1754354
        },
        "2010-11": {
            "month": "2010-11",
            "price": "39.15",
            "revenue": 1915842
        },
        "2010-12": {
            "month": "2010-12",
            "price": "41.49",
            "revenue": 1779379
        },
        "2011-01": {
            "month": "2011-01",
            "price": "47.38",
            "revenue": 1763883
        },
        "2011-02": {
            "month": "2011-02",
            "price": "43.39",
            "revenue": 1576639
        },
        "2011-03": {
            "month": "2011-03",
            "price": "41.14",
            "revenue": 1127841
        },
        "2011-04": {
            "month": "2011-04",
            "price": "39.01",
            "revenue": 468603
        },
        "2011-05": {
            "month": "2011-05",
            "price": "29.28",
            "revenue": 272067
        },
        "2011-06": {
            "month": "2011-06",
            "price": "26.21",
            "revenue": 215349
        },
        "2011-07": {
            "month": "2011-07",
            "price": "27.21",
            "revenue": 208238
        },
        "2011-08": {
            "month": "2011-08",
            "price": "19.99",
            "revenue": 424476
        },
        "2011-09": {
            "month": "2011-09",
            "price": "16.02",
            "revenue": 348734
        },
        "2011-10": {
            "month": "2011-10",
            "price": "14.60",
            "revenue": 129433
        },
        "2011-11": {
            "month": "2011-11",
            "price": "11.14",
            "revenue": 122551
        },
        "2011-12": {
            "month": "2011-12",
            "price": "11.85",
            "revenue": 72078
        },
        "2012-01": {
            "month": "2012-01",
            "price": "12.69",
            "revenue": 85947
        },
        "2012-02": {
            "month": "2012-02",
            "price": "17.82",
            "revenue": 122675
        },
        "2012-03": {
            "month": "2012-03",
            "price": "18.32",
            "revenue": 194530
        },
        "2012-04": {
            "month": "2012-04",
            "price": "16.04",
            "revenue": 180527
        },
        "2012-05": {
            "month": "2012-05",
            "price": "15.22",
            "revenue": 228346
        },
        "2012-06": {
            "month": "2012-06",
            "price": "15.02",
            "revenue": 283284
        },
        "2012-07": {
            "month": "2012-07",
            "price": "13.58",
            "revenue": 263700
        },
        "2012-08": {
            "month": "2012-08",
            "price": "11.89",
            "revenue": 122515
        },
        "2012-09": {
            "month": "2012-09",
            "price": "12.49",
            "revenue": 113574
        },
        "2012-10": {
            "month": "2012-10",
            "price": "10.86",
            "revenue": 145985
        },
        "2012-11": {
            "month": "2012-11",
            "price": "9.97",
            "revenue": 144012
        },
        "2012-12": {
            "month": "2012-12",
            "price": "12.26",
            "revenue": 161321
        },
        "2013-01": {
            "month": "2013-01",
            "price": "14.10",
            "revenue": 123208
        },
        "2013-02": {
            "month": "2013-02",
            "price": "12.11",
            "revenue": 154325
        },
        "2013-03": {
            "month": "2013-03",
            "price": "11.54",
            "revenue": 191557
        },
        "2013-04": {
            "month": "2013-04",
            "price": "10.57",
            "revenue": 227106
        },
        "2013-05": {
            "month": "2013-05",
            "price": "12.39",
            "revenue": 320306
        },
        "2013-06": {
            "month": "2013-06",
            "price": "12.48",
            "revenue": 364442
        },
        "2013-07": {
            "month": "2013-07",
            "price": "12.49",
            "revenue": 172508
        },
        "2013-08": {
            "month": "2013-08",
            "price": "11.13",
            "revenue": 284485
        },
        "2013-09": {
            "month": "2013-09",
            "price": "12.64",
            "revenue": 345273
        },
        "2013-10": {
            "month": "2013-10",
            "price": "17.01",
            "revenue": 339119
        },
        "2013-11": {
            "month": "2013-11",
            "price": "16.92",
            "revenue": 350561
        },
        "2013-12": {
            "month": "2013-12",
            "price": "17.22",
            "revenue": 395682
        },
        "2014-01": {
            "month": "2014-01",
            "price": "18.29",
            "revenue": 406328
        },
        "2014-02": {
            "month": "2014-02",
            "price": "17.72",
            "revenue": 420756
        },
        "2014-03": {
            "month": "2014-03",
            "price": "18.21",
            "revenue": 423386
        },
        "2014-04": {
            "month": "2014-04",
            "price": "18.02",
            "revenue": 442087
        },
        "2014-05": {
            "month": "2014-05",
            "price": "18.55",
            "revenue": 462592
        },
        "2014-06": {
            "month": "2014-06",
            "price": "21.59",
            "revenue": 422155
        },
        "2014-07": {
            "month": "2014-07",
            "price": "21.12",
            "revenue": 355300
        },
        "2014-08": {
            "month": "2014-08",
            "price": "18.86",
            "revenue": 290092
        },
        "2014-09": {
            "month": "2014-09",
            "price": "18.39",
            "revenue": 300055
        },
        "2014-10": {
            "month": "2014-10",
            "price": "16.65",
            "revenue": 272302
        },
        "2014-11": {
            "month": "2014-11",
            "price": "14.35",
            "revenue": 306219
        },
        "2014-12": {
            "month": "2014-12",
            "price": "14.71",
            "revenue": 350869
        },
        "2015-01": {
            "month": "2015-01",
            "price": "15.89",
            "revenue": 356655
        },
        "2015-02": {
            "month": "2015-02",
            "price": "15.59",
            "revenue": 219317
        },
        "2015-03": {
            "month": "2015-03",
            "price": "17.07",
            "revenue": 392005
        },
        "2015-04": {
            "month": "2015-04",
            "price": "17.02",
            "revenue": 200300
        },
        "2015-05": {
            "month": "2015-05",
            "price": "14.88",
            "revenue": 219650
        },
        "2015-06": {
            "month": "2015-06",
            "price": "12.82",
            "revenue": 413755
        },
        "2015-07": {
            "month": "2015-07",
            "price": "12.80",
            "revenue": 472379
        },
        "2015-08": {
            "month": "2015-08",
            "price": "9.89",
            "revenue": 361498
        },
        "2015-09": {
            "month": "2015-09",
            "price": "10.03",
            "revenue": 431166
        },
        "2015-10": {
            "month": "2015-10",
            "price": "11.98",
            "revenue": 422166
        },
        "2015-11": {
            "month": "2015-11",
            "price": "11.91",
            "revenue": 465410
        },
        "2015-12": {
            "month": "2015-12",
            "price": "12.99",
            "revenue": 573477
        },
        "2016-01": {
            "month": "2016-01",
            "price": "11.50",
            "revenue": 491083
        },
        "2016-02": {
            "month": "2016-02",
            "price": "12.02",
            "revenue": 511251
        },
        "2016-03": {
            "month": "2016-03",
            "price": "12.07",
            "revenue": 371756
        },
        "2016-04": {
            "month": "2016-04",
            "price": "10.51",
            "revenue": 354306
        },
        "2016-05": {
            "month": "2016-05",
            "price": "10.27",
            "revenue": 400224
        },
        "2016-06": {
            "month": "2016-06",
            "price": "11.40",
            "revenue": 418970
        },
        "2016-07": {
            "month": "2016-07",
            "price": "11.84",
            "revenue": 307275
        },
        "2016-08": {
            "month": "2016-08",
            "price": "10.84",
            "revenue": 251475
        },
        "2016-09": {
            "month": "2016-09",
            "price": "10.24",
            "revenue": 77370
        },
        "2016-10": {
            "month": "2016-10",
            "price": "10.01",
            "revenue": 182083
        },
        "2016-11": {
            "month": "2016-11",
            "price": "9.04",
            "revenue": 284117
        },
        "2016-12": {
            "month": "2016-12",
            "price": "8.98",
            "revenue": 270960
        },
        "2017-01": {
            "month": "2017-01",
            "price": "9.26",
            "revenue": 305285
        },
        "2017-02": {
            "month": "2017-02",
            "price": "9.95",
            "revenue": 396848
        },
        "2017-03": {
            "month": "2017-03",
            "price": "9.62",
            "revenue": 339826
        },
        "2017-04": {
            "month": "2017-04",
            "price": "8.91",
            "revenue": 322533
        },
        "2017-05": {
            "month": "2017-05",
            "price": "8.99",
            "revenue": 362424
        },
        "2017-06": {
            "month": "2017-06",
            "price": "8.98",
            "revenue": 376550
        },
        "2017-07": {
            "month": "2017-07",
            "price": "8.42",
            "revenue": 408934
        },
        "2017-08": {
            "month": "2017-08",
            "price": "8.14",
            "revenue": 353129
        },
        "2017-09": {
            "month": "2017-09",
            "price": "9.68",
            "revenue": 348973
        },
        "2017-10": {
            "month": "2017-10",
            "price": "10.04",
            "revenue": 363464
        },
        "2017-11": {
            "month": "2017-11",
            "price": "9.39",
            "revenue": 295499
        },
        "2017-12": {
            "month": "2017-12",
            "price": "8.39",
            "revenue": 305012
        },
        "2018-01": {
            "month": "2018-01",
            "price": "8.53",
            "revenue": 156229
        },
        "2018-02": {
            "month": "2018-02",
            "price": "7.94",
            "revenue": 186232
        },
        "2018-03": {
            "month": "2018-03",
            "price": "7.54",
            "revenue": 279000
        },
        "2018-04": {
            "month": "2018-04",
            "price": "4.77",
            "revenue": 233544
        },
        "2018-05": {
            "month": "2018-05",
            "price": "4.27",
            "revenue": 174064
        },
        "2018-06": {
            "month": "2018-06",
            "price": "5.21",
            "revenue": 242762
        },
        "2018-07": {
            "month": "2018-07",
            "price": "4.81",
            "revenue": 138925
        },
        "2018-08": {
            "month": "2018-08",
            "price": "4.00",
            "revenue": 197543
        },
        "2018-09": {
            "month": "2018-09",
            "price": "3.84",
            "revenue": 48039
        },
        "2018-10": {
            "month": "2018-10",
            "price": "2.88",
            "revenue": 62679
        },
        "2018-11": {
            "month": "2018-11",
            "price": "2.64",
            "revenue": 34687
        },
        "2018-12": {
            "month": "2018-12",
            "price": "4.61",
            "revenue": 35011
        },
        "2019-01": {
            "month": "2019-01",
            "price": "4.38",
            "revenue": 31611
        },
        "2019-02": {
            "month": "2019-02",
            "price": "4.53",
            "revenue": 30209
        },
        "2019-03": {
            "month": "2019-03",
            "price": "3.95",
            "revenue": 58507
        },
        "2019-04": {
            "month": "2019-04",
            "price": "3.23",
            "revenue": 43846
        },
        "2019-05": {
            "month": "2019-05",
            "price": "2.86",
            "revenue": 79492
        },
        "2019-06": {
            "month": "2019-06",
            "price": "3.20",
            "revenue": 0
        },
        "2019-07": {
            "month": "2019-07",
            "price": "2.59",
            "revenue": 0
        },
        "2019-08": {
            "month": "2019-08",
            "price": "2.46",
            "revenue": 0
        },
        "2019-09": {
            "month": "2019-09",
            "price": "2.33",
            "revenue": 0
        },
        "2019-10": {
            "month": "2019-10",
            "price": "2.21",
            "revenue": 0
        },
        "2019-11": {
            "month": "2019-11",
            "price": "2.15",
            "revenue": 0
        },
        "2019-12": {
            "month": "2019-12",
            "price": "1.47",
            "revenue": 0
        },
        "2020-01": {
            "month": "2020-01",
            "price": "1.42",
            "revenue": 0
        }
    }
}
