{
    "summary": {
        "stock_name": "晶睿",
        "stock_id": "3454",
        "category": "光電",
        "main_business": "有線無線通信機械器材製造及銷售<br>電子零組件及電信器材製造及銷售<br>資訊軟體,資料處理及電子資訊服務及銷售",
        "website_url": "http://www.vivotek.com",
        "ceo": "廖禎祺",
        "pe_ratio": 20,
        "report_year_from": 2004,
        "report_year_to": 2023,
        "age": 20,
        "eps_negative_percentage": 0,
        "eps_growth_avg": {
            "last_all": 5.93,
            "last_2y": 11.05,
            "last_4y": 0.91,
            "last_8y": -1.31,
            "last_12y": 6.14,
            "last_16y": 4.62,
            "last_20y": null,
            "at_2006_last_3y": null,
            "at_2007_last_3y": null,
            "at_2008_last_3y": null,
            "at_2009_last_3y": -18.29,
            "at_2010_last_3y": -0.35,
            "at_2011_last_3y": 32.49,
            "at_2012_last_3y": 50.12,
            "at_2013_last_3y": 60.73,
            "at_2014_last_3y": 22.93,
            "at_2015_last_3y": 3.66,
            "at_2016_last_3y": -0.19,
            "at_2017_last_3y": -10.63,
            "at_2018_last_3y": -4.1,
            "at_2019_last_3y": -14.27,
            "at_2020_last_3y": -18.46,
            "at_2021_last_3y": -19.56,
            "at_2022_last_3y": 11.72,
            "at_2023_last_3y": 5.58,
            "at_2024_last_3y": 5.58,
            "at_2006_last_all": null,
            "at_2007_last_all": -1.56,
            "at_2008_last_all": -17.43,
            "at_2009_last_all": -18.29,
            "at_2010_last_all": 5.37,
            "at_2011_last_all": 21.14,
            "at_2012_last_all": 21.17,
            "at_2013_last_all": 21.22,
            "at_2014_last_all": 13.17,
            "at_2015_last_all": 14.15,
            "at_2016_last_all": 13.4,
            "at_2017_last_all": 10.6,
            "at_2018_last_all": 7.86,
            "at_2019_last_all": 6.03,
            "at_2020_last_all": 4.91,
            "at_2021_last_all": 3.06,
            "at_2022_last_all": 8.77,
            "at_2023_last_all": 5.93,
            "at_2024_last_all": 5.93
        },
        "latest_eps": 7.49,
        "latest_price": 153.5,
        "latest_roe": 19.55,
        "latest_gross_margin": 28.1,
        "latest_equity": 3543720,
        "latest_revenue": 2315677,
        "latest_gross_profit": 650743,
        "latest_net_income": 154976,
        "latest_debt_ratio": 43.24,
        "latest_current_ratio": 194.65,
        "latest_account_receivable_turnover_ratio": 1.98,
        "latest_inventory_turnover_ratio": 0.88,
        "latest_reinvestment_rate": 11.42,
        "latest_research_to_sale_ratio": 7.96
    },
    "eps_dividends": {
        "2001": {
            "cash": 0,
            "stock": 0,
            "eps": 0
        },
        "2002": {
            "cash": 0,
            "stock": 0,
            "eps": 0
        },
        "2003": {
            "cash": 0,
            "stock": 0,
            "eps": 0
        },
        "2004": {
            "cash": 0,
            "stock": 0,
            "eps": 0
        },
        "2005": {
            "cash": 0,
            "stock": 0.35,
            "eps": 4.18
        },
        "2006": {
            "cash": 1,
            "stock": 4,
            "eps": 5.36
        },
        "2007": {
            "cash": 4,
            "stock": 0.6,
            "eps": 3.68
        },
        "2008": {
            "cash": 2.44,
            "stock": 0.36,
            "eps": 1.87
        },
        "2009": {
            "cash": 1.2,
            "stock": 0.35,
            "eps": 1.48
        },
        "2010": {
            "cash": 0.96,
            "stock": 0.43,
            "eps": 3.31
        },
        "2011": {
            "cash": 7.38,
            "stock": 0.7,
            "eps": 7.03
        },
        "2012": {
            "cash": 0,
            "stock": 0,
            "eps": 8.53
        },
        "2013": {
            "cash": 6,
            "stock": 0.35,
            "eps": 10.37
        },
        "2014": {
            "cash": 7,
            "stock": 0.35,
            "eps": 5.06
        },
        "2015": {
            "cash": 4,
            "stock": 0.35,
            "eps": 6.22
        },
        "2016": {
            "cash": 4.5,
            "stock": 0.35,
            "eps": 6.59
        },
        "2017": {
            "cash": 4.75,
            "stock": 0.25,
            "eps": 5.26
        },
        "2018": {
            "cash": 4,
            "stock": 0.25,
            "eps": 3.94
        },
        "2019": {
            "cash": 2.5,
            "stock": 0.25,
            "eps": 3.24
        },
        "2020": {
            "cash": 2.5,
            "stock": 0,
            "eps": 2.89
        },
        "2021": {
            "cash": 2,
            "stock": 0,
            "eps": 2.18
        },
        "2022": {
            "cash": 1.4,
            "stock": 0,
            "eps": 8.11
        },
        "2023": {
            "cash": 5.5,
            "stock": 0,
            "eps": 4.68
        }
    },
    "dividends": {
        "2005-04-06": {
            "cash": 0,
            "stock": 0.35
        },
        "2006-03-01": {
            "cash": 1,
            "stock": 4
        },
        "2007-04-10": {
            "cash": 4,
            "stock": 0.6
        },
        "2008-04-08": {
            "cash": 2.44,
            "stock": 0.36
        },
        "2009-03-24": {
            "cash": 1.2,
            "stock": 0.35
        },
        "2010-03-19": {
            "cash": 0.96,
            "stock": 0.43
        },
        "2011-01-01": {
            "cash": 5,
            "stock": 0.35
        },
        "2011-03-28": {
            "cash": 2.38,
            "stock": 0.35
        },
        "2013-03-26": {
            "cash": 6,
            "stock": 0.35
        },
        "2014-08-21": {
            "cash": 7,
            "stock": 0.35
        },
        "2015-08-21": {
            "cash": 4,
            "stock": 0.35
        },
        "2016-08-25": {
            "cash": 4.5,
            "stock": 0.35
        },
        "2017-08-11": {
            "cash": 4.75,
            "stock": 0.25
        },
        "2018-08-10": {
            "cash": 4,
            "stock": 0.25
        },
        "2019-08-30": {
            "cash": 2.5,
            "stock": 0.25
        },
        "2020-08-14": {
            "cash": 2.5,
            "stock": 0
        },
        "2021-09-28": {
            "cash": 2,
            "stock": 0
        },
        "2022-08-31": {
            "cash": 1.4,
            "stock": 0
        },
        "2023-08-31": {
            "cash": 5.5,
            "stock": 0
        }
    },
    "prices": {
        "200101": "無",
        "200102": "無",
        "200103": "無",
        "200104": "無",
        "200105": "無",
        "200106": "無",
        "200107": "無",
        "200108": "無",
        "200109": "無",
        "200110": "無",
        "200111": "無",
        "200112": "無",
        "200201": "無",
        "200202": "無",
        "200203": "無",
        "200204": "無",
        "200205": "無",
        "200206": "無",
        "200207": "無",
        "200208": "無",
        "200209": "無",
        "200210": "無",
        "200211": "無",
        "200212": "無",
        "200301": "無",
        "200302": "無",
        "200303": "無",
        "200304": "無",
        "200305": "無",
        "200306": "無",
        "200307": "無",
        "200308": "無",
        "200309": "無",
        "200310": "無",
        "200311": "無",
        "200312": "無",
        "200401": "無",
        "200402": "無",
        "200403": "無",
        "200404": "無",
        "200405": "無",
        "200406": "無",
        "200407": "無",
        "200408": "無",
        "200409": "無",
        "200410": "無",
        "200411": "無",
        "200412": "無",
        "200501": "無",
        "200502": "無",
        "200503": "53.79",
        "200504": "60.00",
        "200505": "59.25",
        "200506": "68.92",
        "200507": "84.28",
        "200508": "91.06",
        "200509": "83.49",
        "200510": "86.11",
        "200511": "87.82",
        "200512": "92.65",
        "200601": "113.50",
        "200602": "114.64",
        "200603": "131.45",
        "200604": "137.96",
        "200605": "137.93",
        "200606": "109.56",
        "200607": "70.30",
        "200608": "87.86",
        "200609": "89.96",
        "200610": "77.73",
        "200611": "71.85",
        "200612": "79.51",
        "200701": "82.54",
        "200702": "97.32",
        "200703": "136.26",
        "200704": "133.78",
        "200705": "138.14",
        "200706": "161.22",
        "200707": "169.43",
        "200708": "166.70",
        "200709": "129.58",
        "200710": "112.91",
        "200711": "79.51",
        "200712": "77.18",
        "200801": "69.80",
        "200802": "55.11",
        "200803": "59.97",
        "200804": "66.43",
        "200805": "62.86",
        "200806": "48.68",
        "200807": "43.84",
        "200808": "42.31",
        "200809": "29.35",
        "200810": "26.45",
        "200811": "22.77",
        "200812": "20.19",
        "200901": "20.76",
        "200902": "25.15",
        "200903": "27.65",
        "200904": "30.56",
        "200905": "32.00",
        "200906": "28.55",
        "200907": "31.48",
        "200908": "28.80",
        "200909": "30.01",
        "200910": "33.31",
        "200911": "38.49",
        "200912": "42.21",
        "201001": "41.42",
        "201002": "35.72",
        "201003": "38.98",
        "201004": "48.61",
        "201005": "53.66",
        "201006": "53.57",
        "201007": "50.20",
        "201008": "48.45",
        "201009": "48.25",
        "201010": "57.32",
        "201011": "57.04",
        "201012": "60.70",
        "201101": "70.96",
        "201102": "67.48",
        "201103": "64.23",
        "201104": "71.84",
        "201105": "79.72",
        "201106": "84.60",
        "201107": "81.95",
        "201108": "71.19",
        "201109": "60.25",
        "201110": "60.00",
        "201111": "72.00",
        "201112": "70.27",
        "201201": "81.51",
        "201202": "95.43",
        "201203": "110.54",
        "201204": "105.55",
        "201205": "95.85",
        "201206": "80.64",
        "201207": "86.55",
        "201208": "93.08",
        "201209": "97.40",
        "201210": "93.51",
        "201211": "95.27",
        "201212": "91.30",
        "201301": "94.00",
        "201302": "107.85",
        "201303": "114.98",
        "201304": "127.20",
        "201305": "126.82",
        "201306": "122.34",
        "201307": "138.93",
        "201308": "150.29",
        "201309": "150.28",
        "201310": "159.07",
        "201311": "176.95",
        "201312": "190.68",
        "201401": "177.61",
        "201402": "182.35",
        "201403": "190.40",
        "201404": "159.02",
        "201405": "147.19",
        "201406": "143.65",
        "201407": "120.89",
        "201408": "99.32",
        "201409": "90.82",
        "201410": "93.73",
        "201411": "100.73",
        "201412": "101.76",
        "201501": "99.78",
        "201502": "97.42",
        "201503": "99.00",
        "201504": "91.38",
        "201505": "82.52",
        "201506": "74.86",
        "201507": "79.01",
        "201508": "84.10",
        "201509": "85.06",
        "201510": "84.48",
        "201511": "77.50",
        "201512": "73.53",
        "201601": "79.50",
        "201602": "82.94",
        "201603": "86.11",
        "201604": "81.01",
        "201605": "75.02",
        "201606": "79.78",
        "201607": "88.65",
        "201608": "89.10",
        "201609": "84.23",
        "201610": "79.84",
        "201611": "78.39",
        "201612": "80.28",
        "201701": "82.11",
        "201702": "83.10",
        "201703": "87.02",
        "201704": "90.67",
        "201705": "80.06",
        "201706": "83.19",
        "201707": "84.26",
        "201708": "93.40",
        "201709": "96.31",
        "201710": "110.24",
        "201711": "99.42",
        "201712": "97.67",
        "201801": "94.83",
        "201802": "87.66",
        "201803": "86.11",
        "201804": "84.35",
        "201805": "81.51",
        "201806": "82.66",
        "201807": "78.40",
        "201808": "76.30",
        "201809": "86.85",
        "201810": "88.88",
        "201811": "96.32",
        "201812": "95.68",
        "201901": "98.88",
        "201902": "121.73",
        "201903": "119.62",
        "201904": "117.18",
        "201905": "119.52",
        "201906": "124.84",
        "201907": "120.50",
        "201908": "104.93",
        "201909": "103.71",
        "201910": "100.43",
        "201911": "94.04",
        "201912": "91.34",
        "202001": "88.77",
        "202002": "86.87",
        "202003": "72.00",
        "202004": "68.32",
        "202005": "70.60",
        "202006": "73.72",
        "202007": "74.03",
        "202008": "73.83",
        "202009": "75.90",
        "202010": "74.72",
        "202011": "75.30",
        "202012": "82.26",
        "202101": "89.37",
        "202102": "85.12",
        "202103": "85.52",
        "202104": "85.63",
        "202105": "76.41",
        "202106": "79.79",
        "202107": "80.69",
        "202108": "77.47",
        "202109": "76.94",
        "202110": "76.00",
        "202111": "71.79",
        "202112": "72.00",
        "202201": "75.61",
        "202202": "74.98",
        "202203": "75.36",
        "202204": "78.53",
        "202205": "80.03",
        "202206": "78.04",
        "202207": "77.90",
        "202208": "96.67",
        "202209": "132.25",
        "202210": "129.95",
        "202211": "175.16",
        "202212": "210.16",
        "202301": "202.62",
        "202302": "231.53",
        "202303": "267.20",
        "202304": "235.88",
        "202305": "190.48",
        "202306": "192.62",
        "202307": "196.05",
        "202308": "171.41",
        "202309": "160.72",
        "202310": "140.35",
        "202311": "150.39",
        "202312": "159.86"
    },
    "quarters": {
        "20011": {
            "year_quarter": 20011,
            "year": 2001,
            "quarter": 1,
            "eps": null,
            "eps_growth_year": null,
            "eps_4q": null,
            "eps_4q_growth_year": null,
            "roe": null,
            "roe_4q": 0,
            "gross_profit": null,
            "gross_margin": null,
            "gross_margin_4q_avg": 0,
            "net_income": null,
            "net_income_4q": null,
            "revenue": null,
            "revenue_4q": null,
            "common_shares": null,
            "book_valuer_per_share": null,
            "book_valuer_per_share_4q_avg": 0,
            "equity": null,
            "current_ratio": null,
            "debt_ratio": null,
            "inventory_turnover_ratio": null,
            "account_receivable_turnover_ratio": null,
            "reinvestment_rate": null,
            "research_to_sale_ratio": null,
            "price_fair": 0,
            "eps_avg_yearly": 0,
            "eps_latest_yearly": 0,
            "eps_growth_yearly": 0
        },
        "20012": {
            "year_quarter": 20012,
            "year": 2001,
            "quarter": 2,
            "eps": null,
            "eps_growth_year": null,
            "eps_4q": null,
            "eps_4q_growth_year": null,
            "roe": null,
            "roe_4q": 0,
            "gross_profit": null,
            "gross_margin": null,
            "gross_margin_4q_avg": 0,
            "net_income": null,
            "net_income_4q": null,
            "revenue": null,
            "revenue_4q": null,
            "common_shares": null,
            "book_valuer_per_share": null,
            "book_valuer_per_share_4q_avg": 0,
            "equity": null,
            "current_ratio": null,
            "debt_ratio": null,
            "inventory_turnover_ratio": null,
            "account_receivable_turnover_ratio": null,
            "reinvestment_rate": null,
            "research_to_sale_ratio": null,
            "price_fair": 0,
            "eps_avg_yearly": 0,
            "eps_latest_yearly": 0,
            "eps_growth_yearly": 0
        },
        "20013": {
            "year_quarter": 20013,
            "year": 2001,
            "quarter": 3,
            "eps": null,
            "eps_growth_year": null,
            "eps_4q": null,
            "eps_4q_growth_year": null,
            "roe": null,
            "roe_4q": 0,
            "gross_profit": null,
            "gross_margin": null,
            "gross_margin_4q_avg": 0,
            "net_income": null,
            "net_income_4q": null,
            "revenue": null,
            "revenue_4q": null,
            "common_shares": null,
            "book_valuer_per_share": null,
            "book_valuer_per_share_4q_avg": 0,
            "equity": null,
            "current_ratio": null,
            "debt_ratio": null,
            "inventory_turnover_ratio": null,
            "account_receivable_turnover_ratio": null,
            "reinvestment_rate": null,
            "research_to_sale_ratio": null,
            "price_fair": 0,
            "eps_avg_yearly": 0,
            "eps_latest_yearly": 0,
            "eps_growth_yearly": 0
        },
        "20014": {
            "year_quarter": 20014,
            "year": 2001,
            "quarter": 4,
            "eps": null,
            "eps_growth_year": null,
            "eps_4q": null,
            "eps_4q_growth_year": null,
            "roe": null,
            "roe_4q": 0,
            "gross_profit": null,
            "gross_margin": null,
            "gross_margin_4q_avg": 0,
            "net_income": null,
            "net_income_4q": null,
            "revenue": null,
            "revenue_4q": null,
            "common_shares": 88000,
            "book_valuer_per_share": 5.2,
            "book_valuer_per_share_4q_avg": 1.3,
            "equity": 45799,
            "current_ratio": 381.07,
            "debt_ratio": 17.64,
            "inventory_turnover_ratio": null,
            "account_receivable_turnover_ratio": null,
            "reinvestment_rate": null,
            "research_to_sale_ratio": null,
            "price_fair": 0,
            "eps_avg_yearly": 0,
            "eps_latest_yearly": 0,
            "eps_growth_yearly": 0
        },
        "20021": {
            "year_quarter": 20021,
            "year": 2002,
            "quarter": 1,
            "eps": null,
            "eps_growth_year": null,
            "eps_4q": null,
            "eps_4q_growth_year": null,
            "roe": null,
            "roe_4q": 0,
            "gross_profit": null,
            "gross_margin": null,
            "gross_margin_4q_avg": 0,
            "net_income": null,
            "net_income_4q": null,
            "revenue": null,
            "revenue_4q": null,
            "common_shares": null,
            "book_valuer_per_share": null,
            "book_valuer_per_share_4q_avg": 1.3,
            "equity": null,
            "current_ratio": null,
            "debt_ratio": null,
            "inventory_turnover_ratio": null,
            "account_receivable_turnover_ratio": null,
            "reinvestment_rate": null,
            "research_to_sale_ratio": null,
            "price_fair": 0,
            "eps_avg_yearly": 0,
            "eps_latest_yearly": 0,
            "eps_growth_yearly": 0
        },
        "20022": {
            "year_quarter": 20022,
            "year": 2002,
            "quarter": 2,
            "eps": null,
            "eps_growth_year": null,
            "eps_4q": null,
            "eps_4q_growth_year": null,
            "roe": null,
            "roe_4q": 0,
            "gross_profit": null,
            "gross_margin": null,
            "gross_margin_4q_avg": 0,
            "net_income": null,
            "net_income_4q": null,
            "revenue": null,
            "revenue_4q": null,
            "common_shares": null,
            "book_valuer_per_share": null,
            "book_valuer_per_share_4q_avg": 1.3,
            "equity": null,
            "current_ratio": null,
            "debt_ratio": null,
            "inventory_turnover_ratio": null,
            "account_receivable_turnover_ratio": null,
            "reinvestment_rate": null,
            "research_to_sale_ratio": null,
            "price_fair": 0,
            "eps_avg_yearly": 0,
            "eps_latest_yearly": 0,
            "eps_growth_yearly": 0
        },
        "20023": {
            "year_quarter": 20023,
            "year": 2002,
            "quarter": 3,
            "eps": null,
            "eps_growth_year": null,
            "eps_4q": null,
            "eps_4q_growth_year": null,
            "roe": null,
            "roe_4q": 0,
            "gross_profit": null,
            "gross_margin": null,
            "gross_margin_4q_avg": 0,
            "net_income": null,
            "net_income_4q": null,
            "revenue": null,
            "revenue_4q": null,
            "common_shares": null,
            "book_valuer_per_share": null,
            "book_valuer_per_share_4q_avg": 1.3,
            "equity": null,
            "current_ratio": null,
            "debt_ratio": null,
            "inventory_turnover_ratio": null,
            "account_receivable_turnover_ratio": null,
            "reinvestment_rate": null,
            "research_to_sale_ratio": null,
            "price_fair": 0,
            "eps_avg_yearly": 0,
            "eps_latest_yearly": 0,
            "eps_growth_yearly": 0
        },
        "20024": {
            "year_quarter": 20024,
            "year": 2002,
            "quarter": 4,
            "eps": null,
            "eps_growth_year": null,
            "eps_4q": null,
            "eps_4q_growth_year": null,
            "roe": null,
            "roe_4q": 0,
            "gross_profit": null,
            "gross_margin": null,
            "gross_margin_4q_avg": 0,
            "net_income": null,
            "net_income_4q": null,
            "revenue": null,
            "revenue_4q": null,
            "common_shares": 128000,
            "book_valuer_per_share": 5.73,
            "book_valuer_per_share_4q_avg": 1.43,
            "equity": 73366,
            "current_ratio": 402.97,
            "debt_ratio": 25.64,
            "inventory_turnover_ratio": null,
            "account_receivable_turnover_ratio": null,
            "reinvestment_rate": null,
            "research_to_sale_ratio": null,
            "price_fair": 0,
            "eps_avg_yearly": 0,
            "eps_latest_yearly": 0,
            "eps_growth_yearly": 0
        },
        "20031": {
            "year_quarter": 20031,
            "year": 2003,
            "quarter": 1,
            "eps": null,
            "eps_growth_year": null,
            "eps_4q": null,
            "eps_4q_growth_year": null,
            "roe": null,
            "roe_4q": 0,
            "gross_profit": null,
            "gross_margin": null,
            "gross_margin_4q_avg": 0,
            "net_income": null,
            "net_income_4q": null,
            "revenue": null,
            "revenue_4q": null,
            "common_shares": null,
            "book_valuer_per_share": null,
            "book_valuer_per_share_4q_avg": 1.43,
            "equity": null,
            "current_ratio": null,
            "debt_ratio": null,
            "inventory_turnover_ratio": null,
            "account_receivable_turnover_ratio": null,
            "reinvestment_rate": null,
            "research_to_sale_ratio": null,
            "price_fair": 0,
            "eps_avg_yearly": 0,
            "eps_latest_yearly": 0,
            "eps_growth_yearly": 0
        },
        "20032": {
            "year_quarter": 20032,
            "year": 2003,
            "quarter": 2,
            "eps": null,
            "eps_growth_year": null,
            "eps_4q": null,
            "eps_4q_growth_year": null,
            "roe": null,
            "roe_4q": 0,
            "gross_profit": null,
            "gross_margin": null,
            "gross_margin_4q_avg": 0,
            "net_income": null,
            "net_income_4q": null,
            "revenue": null,
            "revenue_4q": null,
            "common_shares": null,
            "book_valuer_per_share": null,
            "book_valuer_per_share_4q_avg": 1.43,
            "equity": null,
            "current_ratio": null,
            "debt_ratio": null,
            "inventory_turnover_ratio": null,
            "account_receivable_turnover_ratio": null,
            "reinvestment_rate": null,
            "research_to_sale_ratio": null,
            "price_fair": 0,
            "eps_avg_yearly": 0,
            "eps_latest_yearly": 0,
            "eps_growth_yearly": 0
        },
        "20033": {
            "year_quarter": 20033,
            "year": 2003,
            "quarter": 3,
            "eps": null,
            "eps_growth_year": null,
            "eps_4q": null,
            "eps_4q_growth_year": null,
            "roe": null,
            "roe_4q": 0,
            "gross_profit": null,
            "gross_margin": null,
            "gross_margin_4q_avg": 0,
            "net_income": null,
            "net_income_4q": null,
            "revenue": null,
            "revenue_4q": null,
            "common_shares": null,
            "book_valuer_per_share": null,
            "book_valuer_per_share_4q_avg": 1.43,
            "equity": null,
            "current_ratio": null,
            "debt_ratio": null,
            "inventory_turnover_ratio": null,
            "account_receivable_turnover_ratio": null,
            "reinvestment_rate": null,
            "research_to_sale_ratio": null,
            "price_fair": 0,
            "eps_avg_yearly": 0,
            "eps_latest_yearly": 0,
            "eps_growth_yearly": 0
        },
        "20034": {
            "year_quarter": 20034,
            "year": 2003,
            "quarter": 4,
            "eps": null,
            "eps_growth_year": null,
            "eps_4q": null,
            "eps_4q_growth_year": null,
            "roe": null,
            "roe_4q": 0,
            "gross_profit": null,
            "gross_margin": null,
            "gross_margin_4q_avg": 0,
            "net_income": null,
            "net_income_4q": null,
            "revenue": null,
            "revenue_4q": null,
            "common_shares": 150000,
            "book_valuer_per_share": 9.14,
            "book_valuer_per_share_4q_avg": 2.29,
            "equity": 137032,
            "current_ratio": 252.19,
            "debt_ratio": 34.96,
            "inventory_turnover_ratio": null,
            "account_receivable_turnover_ratio": null,
            "reinvestment_rate": null,
            "research_to_sale_ratio": null,
            "price_fair": 0,
            "eps_avg_yearly": 0,
            "eps_latest_yearly": 0,
            "eps_growth_yearly": 0
        },
        "20041": {
            "year_quarter": 20041,
            "year": 2004,
            "quarter": 1,
            "eps": null,
            "eps_growth_year": null,
            "eps_4q": null,
            "eps_4q_growth_year": null,
            "roe": null,
            "roe_4q": 0,
            "gross_profit": null,
            "gross_margin": null,
            "gross_margin_4q_avg": 0,
            "net_income": null,
            "net_income_4q": null,
            "revenue": null,
            "revenue_4q": null,
            "common_shares": null,
            "book_valuer_per_share": null,
            "book_valuer_per_share_4q_avg": 2.29,
            "equity": null,
            "current_ratio": null,
            "debt_ratio": null,
            "inventory_turnover_ratio": null,
            "account_receivable_turnover_ratio": null,
            "reinvestment_rate": null,
            "research_to_sale_ratio": null,
            "price_fair": 0,
            "eps_avg_yearly": 0,
            "eps_latest_yearly": 0,
            "eps_growth_yearly": 0
        },
        "20042": {
            "year_quarter": 20042,
            "year": 2004,
            "quarter": 2,
            "eps": null,
            "eps_growth_year": null,
            "eps_4q": null,
            "eps_4q_growth_year": null,
            "roe": null,
            "roe_4q": 0,
            "gross_profit": null,
            "gross_margin": null,
            "gross_margin_4q_avg": 0,
            "net_income": null,
            "net_income_4q": null,
            "revenue": null,
            "revenue_4q": null,
            "common_shares": null,
            "book_valuer_per_share": null,
            "book_valuer_per_share_4q_avg": 2.29,
            "equity": null,
            "current_ratio": null,
            "debt_ratio": null,
            "inventory_turnover_ratio": null,
            "account_receivable_turnover_ratio": null,
            "reinvestment_rate": null,
            "research_to_sale_ratio": null,
            "price_fair": 0,
            "eps_avg_yearly": 0,
            "eps_latest_yearly": 0,
            "eps_growth_yearly": 0
        },
        "20043": {
            "year_quarter": 20043,
            "year": 2004,
            "quarter": 3,
            "eps": null,
            "eps_growth_year": null,
            "eps_4q": null,
            "eps_4q_growth_year": null,
            "roe": null,
            "roe_4q": 0,
            "gross_profit": null,
            "gross_margin": null,
            "gross_margin_4q_avg": 0,
            "net_income": null,
            "net_income_4q": null,
            "revenue": null,
            "revenue_4q": null,
            "common_shares": null,
            "book_valuer_per_share": null,
            "book_valuer_per_share_4q_avg": 2.29,
            "equity": null,
            "current_ratio": null,
            "debt_ratio": null,
            "inventory_turnover_ratio": null,
            "account_receivable_turnover_ratio": null,
            "reinvestment_rate": null,
            "research_to_sale_ratio": null,
            "price_fair": 0,
            "eps_avg_yearly": 0,
            "eps_latest_yearly": 0,
            "eps_growth_yearly": 0
        },
        "20044": {
            "year_quarter": 20044,
            "year": 2004,
            "quarter": 4,
            "eps": null,
            "eps_growth_year": null,
            "eps_4q": null,
            "eps_4q_growth_year": null,
            "roe": null,
            "roe_4q": 0,
            "gross_profit": null,
            "gross_margin": null,
            "gross_margin_4q_avg": 0,
            "net_income": null,
            "net_income_4q": null,
            "revenue": null,
            "revenue_4q": null,
            "common_shares": 200000,
            "book_valuer_per_share": 19.29,
            "book_valuer_per_share_4q_avg": 4.82,
            "equity": 385740,
            "current_ratio": 427.54,
            "debt_ratio": 25.5,
            "inventory_turnover_ratio": null,
            "account_receivable_turnover_ratio": null,
            "reinvestment_rate": null,
            "research_to_sale_ratio": null,
            "price_fair": 0,
            "eps_avg_yearly": 0,
            "eps_latest_yearly": 0,
            "eps_growth_yearly": 0
        },
        "20051": {
            "year_quarter": 20051,
            "year": 2005,
            "quarter": 1,
            "eps": null,
            "eps_growth_year": null,
            "eps_4q": null,
            "eps_4q_growth_year": null,
            "roe": null,
            "roe_4q": 0,
            "gross_profit": null,
            "gross_margin": null,
            "gross_margin_4q_avg": 0,
            "net_income": null,
            "net_income_4q": null,
            "revenue": null,
            "revenue_4q": null,
            "common_shares": null,
            "book_valuer_per_share": null,
            "book_valuer_per_share_4q_avg": 4.82,
            "equity": null,
            "current_ratio": null,
            "debt_ratio": null,
            "inventory_turnover_ratio": null,
            "account_receivable_turnover_ratio": null,
            "reinvestment_rate": null,
            "research_to_sale_ratio": null,
            "price_fair": 0,
            "eps_avg_yearly": 0,
            "eps_latest_yearly": 0,
            "eps_growth_yearly": 0
        },
        "20052": {
            "year_quarter": 20052,
            "year": 2005,
            "quarter": 2,
            "eps": null,
            "eps_growth_year": null,
            "eps_4q": null,
            "eps_4q_growth_year": null,
            "roe": null,
            "roe_4q": 0,
            "gross_profit": null,
            "gross_margin": null,
            "gross_margin_4q_avg": 0,
            "net_income": null,
            "net_income_4q": null,
            "revenue": null,
            "revenue_4q": null,
            "common_shares": null,
            "book_valuer_per_share": null,
            "book_valuer_per_share_4q_avg": 4.82,
            "equity": null,
            "current_ratio": null,
            "debt_ratio": null,
            "inventory_turnover_ratio": null,
            "account_receivable_turnover_ratio": null,
            "reinvestment_rate": null,
            "research_to_sale_ratio": null,
            "price_fair": 0,
            "eps_avg_yearly": 0,
            "eps_latest_yearly": 0,
            "eps_growth_yearly": 0
        },
        "20053": {
            "year_quarter": 20053,
            "year": 2005,
            "quarter": 3,
            "eps": 2.32,
            "eps_growth_year": null,
            "eps_4q": null,
            "eps_4q_growth_year": null,
            "roe": 12.59,
            "roe_4q": 12.59,
            "gross_profit": 96495,
            "gross_margin": 38.2,
            "gross_margin_4q_avg": 9.55,
            "net_income": 67803,
            "net_income_4q": null,
            "revenue": 252593,
            "revenue_4q": null,
            "common_shares": 279375,
            "book_valuer_per_share": 19.27,
            "book_valuer_per_share_4q_avg": 9.64,
            "equity": 538477,
            "current_ratio": 350.05,
            "debt_ratio": 26.25,
            "inventory_turnover_ratio": 1.3,
            "account_receivable_turnover_ratio": null,
            "reinvestment_rate": null,
            "research_to_sale_ratio": null,
            "price_fair": 0,
            "eps_avg_yearly": 0,
            "eps_latest_yearly": 0,
            "eps_growth_yearly": 0
        },
        "20054": {
            "year_quarter": 20054,
            "year": 2005,
            "quarter": 4,
            "eps": 1.86,
            "eps_growth_year": null,
            "eps_4q": null,
            "eps_4q_growth_year": null,
            "roe": 9.26,
            "roe_4q": 21.85,
            "gross_profit": 102075,
            "gross_margin": 40.17,
            "gross_margin_4q_avg": 19.59,
            "net_income": 52295,
            "net_income_4q": null,
            "revenue": 254100,
            "revenue_4q": null,
            "common_shares": 291825,
            "book_valuer_per_share": 20.24,
            "book_valuer_per_share_4q_avg": 9.88,
            "equity": 590772,
            "current_ratio": 350.43,
            "debt_ratio": 25.2,
            "inventory_turnover_ratio": 1.24,
            "account_receivable_turnover_ratio": null,
            "reinvestment_rate": null,
            "research_to_sale_ratio": null,
            "price_fair": 22.32,
            "eps_avg_yearly": 7.44,
            "eps_latest_yearly": 7.44,
            "eps_growth_yearly": -79.31
        },
        "20061": {
            "year_quarter": 20061,
            "year": 2006,
            "quarter": 1,
            "eps": 1.45,
            "eps_growth_year": null,
            "eps_4q": null,
            "eps_4q_growth_year": null,
            "roe": 6.88,
            "roe_4q": 28.73,
            "gross_profit": 81873,
            "gross_margin": 37.32,
            "gross_margin_4q_avg": 28.92,
            "net_income": 42169,
            "net_income_4q": null,
            "revenue": 219397,
            "revenue_4q": null,
            "common_shares": 291825,
            "book_valuer_per_share": 21.74,
            "book_valuer_per_share_4q_avg": 15.31,
            "equity": 634392,
            "current_ratio": 418.7,
            "debt_ratio": 21.41,
            "inventory_turnover_ratio": 1.05,
            "account_receivable_turnover_ratio": null,
            "reinvestment_rate": null,
            "research_to_sale_ratio": null,
            "price_fair": 19.86,
            "eps_avg_yearly": 6.62,
            "eps_latest_yearly": 5.8,
            "eps_growth_yearly": -83.74
        },
        "20062": {
            "year_quarter": 20062,
            "year": 2006,
            "quarter": 2,
            "eps": 1.25,
            "eps_growth_year": null,
            "eps_4q": 5.06,
            "eps_4q_growth_year": null,
            "roe": 8.27,
            "roe_4q": 37,
            "gross_profit": 109044,
            "gross_margin": 37.77,
            "gross_margin_4q_avg": 38.37,
            "net_income": 53218,
            "net_income_4q": null,
            "revenue": 288672,
            "revenue_4q": null,
            "common_shares": 426620,
            "book_valuer_per_share": 15.31,
            "book_valuer_per_share_4q_avg": 19.14,
            "equity": 653085,
            "current_ratio": 311.87,
            "debt_ratio": 27.07,
            "inventory_turnover_ratio": 1.09,
            "account_receivable_turnover_ratio": null,
            "reinvestment_rate": null,
            "research_to_sale_ratio": null,
            "price_fair": 18.24,
            "eps_avg_yearly": 6.08,
            "eps_latest_yearly": 5,
            "eps_growth_yearly": -74.22
        },
        "20063": {
            "year_quarter": 20063,
            "year": 2006,
            "quarter": 3,
            "eps": 1.67,
            "eps_growth_year": -28.02,
            "eps_4q": 5.03,
            "eps_4q_growth_year": null,
            "roe": 8.75,
            "roe_4q": 33.16,
            "gross_profit": 121618,
            "gross_margin": 38.24,
            "gross_margin_4q_avg": 38.38,
            "net_income": 73480,
            "net_income_4q": null,
            "revenue": 318065,
            "revenue_4q": null,
            "common_shares": 479000,
            "book_valuer_per_share": 21.42,
            "book_valuer_per_share_4q_avg": 19.68,
            "equity": 1025981,
            "current_ratio": 537.81,
            "debt_ratio": 17,
            "inventory_turnover_ratio": 0.96,
            "account_receivable_turnover_ratio": null,
            "reinvestment_rate": null,
            "research_to_sale_ratio": null,
            "price_fair": 18.69,
            "eps_avg_yearly": 6.23,
            "eps_latest_yearly": 6.68,
            "eps_growth_yearly": -22.06
        },
        "20064": {
            "year_quarter": 20064,
            "year": 2006,
            "quarter": 4,
            "eps": 0.99,
            "eps_growth_year": -46.77,
            "eps_4q": 4.72,
            "eps_4q_growth_year": null,
            "roe": 4.27,
            "roe_4q": 28.169999999999998,
            "gross_profit": 99220,
            "gross_margin": 37.63,
            "gross_margin_4q_avg": 37.74,
            "net_income": 44766,
            "net_income_4q": null,
            "revenue": 263654,
            "revenue_4q": null,
            "common_shares": 479390,
            "book_valuer_per_share": 22.36,
            "book_valuer_per_share_4q_avg": 20.21,
            "equity": 1071730,
            "current_ratio": 559.99,
            "debt_ratio": 15.98,
            "inventory_turnover_ratio": 0.77,
            "account_receivable_turnover_ratio": null,
            "reinvestment_rate": null,
            "research_to_sale_ratio": null,
            "price_fair": 17.33,
            "eps_avg_yearly": 5.78,
            "eps_latest_yearly": 3.96,
            "eps_growth_yearly": -50.23
        },
        "20071": {
            "year_quarter": 20071,
            "year": 2007,
            "quarter": 1,
            "eps": 0.9,
            "eps_growth_year": -37.93,
            "eps_4q": 4.46,
            "eps_4q_growth_year": null,
            "roe": 3.96,
            "roe_4q": 25.25,
            "gross_profit": 98316,
            "gross_margin": 37.62,
            "gross_margin_4q_avg": 37.82,
            "net_income": 43296,
            "net_income_4q": null,
            "revenue": 261372,
            "revenue_4q": null,
            "common_shares": 480070,
            "book_valuer_per_share": 23.28,
            "book_valuer_per_share_4q_avg": 20.59,
            "equity": 1117444,
            "current_ratio": 507.6,
            "debt_ratio": 17.44,
            "inventory_turnover_ratio": 0.76,
            "account_receivable_turnover_ratio": null,
            "reinvestment_rate": null,
            "research_to_sale_ratio": null,
            "price_fair": 16.24,
            "eps_avg_yearly": 5.41,
            "eps_latest_yearly": 3.6,
            "eps_growth_yearly": -47.92
        },
        "20072": {
            "year_quarter": 20072,
            "year": 2007,
            "quarter": 2,
            "eps": 1.14,
            "eps_growth_year": -8.8,
            "eps_4q": 4.23,
            "eps_4q_growth_year": -16.35,
            "roe": 5.71,
            "roe_4q": 22.689999999999998,
            "gross_profit": 136993,
            "gross_margin": 41.69,
            "gross_margin_4q_avg": 38.8,
            "net_income": 59523,
            "net_income_4q": null,
            "revenue": 328571,
            "revenue_4q": null,
            "common_shares": 482535,
            "book_valuer_per_share": 20.01,
            "book_valuer_per_share_4q_avg": 21.77,
            "equity": 965743,
            "current_ratio": 238.71,
            "debt_ratio": 33.92,
            "inventory_turnover_ratio": 0.85,
            "account_receivable_turnover_ratio": null,
            "reinvestment_rate": null,
            "research_to_sale_ratio": null,
            "price_fair": 15.87,
            "eps_avg_yearly": 5.29,
            "eps_latest_yearly": 4.56,
            "eps_growth_yearly": -25.83
        },
        "20073": {
            "year_quarter": 20073,
            "year": 2007,
            "quarter": 3,
            "eps": 0.97,
            "eps_growth_year": -41.92,
            "eps_4q": 3.81,
            "eps_4q_growth_year": -24.3,
            "roe": 5.1,
            "roe_4q": 19.04,
            "gross_profit": 132686,
            "gross_margin": 38.14,
            "gross_margin_4q_avg": 38.77,
            "net_income": 50493,
            "net_income_4q": null,
            "revenue": 347907,
            "revenue_4q": null,
            "common_shares": 522987,
            "book_valuer_per_share": 19.42,
            "book_valuer_per_share_4q_avg": 21.27,
            "equity": 1015725,
            "current_ratio": 358.34,
            "debt_ratio": 21.79,
            "inventory_turnover_ratio": 0.92,
            "account_receivable_turnover_ratio": null,
            "reinvestment_rate": null,
            "research_to_sale_ratio": null,
            "price_fair": 15.35,
            "eps_avg_yearly": 5.12,
            "eps_latest_yearly": 3.88,
            "eps_growth_yearly": -30.06
        },
        "20074": {
            "year_quarter": 20074,
            "year": 2007,
            "quarter": 4,
            "eps": 0.67,
            "eps_growth_year": -32.32,
            "eps_4q": 3.61,
            "eps_4q_growth_year": -23.55,
            "roe": 3.38,
            "roe_4q": 18.150000000000002,
            "gross_profit": 99607,
            "gross_margin": 37.37,
            "gross_margin_4q_avg": 38.71,
            "net_income": 34918,
            "net_income_4q": null,
            "revenue": 266524,
            "revenue_4q": null,
            "common_shares": 525057,
            "book_valuer_per_share": 20.02,
            "book_valuer_per_share_4q_avg": 20.68,
            "equity": 1051194,
            "current_ratio": 518.79,
            "debt_ratio": 14.42,
            "inventory_turnover_ratio": 0.7,
            "account_receivable_turnover_ratio": null,
            "reinvestment_rate": null,
            "research_to_sale_ratio": null,
            "price_fair": 14.53,
            "eps_avg_yearly": 4.84,
            "eps_latest_yearly": 2.68,
            "eps_growth_yearly": -40.47
        },
        "20081": {
            "year_quarter": 20081,
            "year": 2008,
            "quarter": 1,
            "eps": 0.49,
            "eps_growth_year": -45.56,
            "eps_4q": 3.24,
            "eps_4q_growth_year": -27.46,
            "roe": 2.46,
            "roe_4q": 16.65,
            "gross_profit": 104964,
            "gross_margin": 35.26,
            "gross_margin_4q_avg": 38.12,
            "net_income": 25842,
            "net_income_4q": null,
            "revenue": 297713,
            "revenue_4q": null,
            "common_shares": 525957,
            "book_valuer_per_share": 19.84,
            "book_valuer_per_share_4q_avg": 19.82,
            "equity": 1051937,
            "current_ratio": 525.68,
            "debt_ratio": 14.11,
            "inventory_turnover_ratio": 0.89,
            "account_receivable_turnover_ratio": null,
            "reinvestment_rate": null,
            "research_to_sale_ratio": null,
            "price_fair": 13.67,
            "eps_avg_yearly": 4.56,
            "eps_latest_yearly": 1.96,
            "eps_growth_yearly": -47.16
        },
        "20082": {
            "year_quarter": 20082,
            "year": 2008,
            "quarter": 2,
            "eps": 0.54,
            "eps_growth_year": -52.63,
            "eps_4q": 2.69,
            "eps_4q_growth_year": -36.54,
            "roe": 2.84,
            "roe_4q": 13.78,
            "gross_profit": 109510,
            "gross_margin": 34.77,
            "gross_margin_4q_avg": 36.39,
            "net_income": 28300,
            "net_income_4q": null,
            "revenue": 314984,
            "revenue_4q": null,
            "common_shares": 530262,
            "book_valuer_per_share": 17.6,
            "book_valuer_per_share_4q_avg": 19.22,
            "equity": 940479,
            "current_ratio": 244.33,
            "debt_ratio": 29.78,
            "inventory_turnover_ratio": 0.89,
            "account_receivable_turnover_ratio": null,
            "reinvestment_rate": null,
            "research_to_sale_ratio": null,
            "price_fair": 13.01,
            "eps_avg_yearly": 4.34,
            "eps_latest_yearly": 2.16,
            "eps_growth_yearly": -39.17
        },
        "20083": {
            "year_quarter": 20083,
            "year": 2008,
            "quarter": 3,
            "eps": 0.59,
            "eps_growth_year": -39.18,
            "eps_4q": 2.39,
            "eps_4q_growth_year": -37.23,
            "roe": 3.24,
            "roe_4q": 11.919999999999998,
            "gross_profit": 119629,
            "gross_margin": 36.45,
            "gross_margin_4q_avg": 35.96,
            "net_income": 30239,
            "net_income_4q": null,
            "revenue": 328205,
            "revenue_4q": null,
            "common_shares": 558071,
            "book_valuer_per_share": 16.26,
            "book_valuer_per_share_4q_avg": 18.43,
            "equity": 926132,
            "current_ratio": 275.77,
            "debt_ratio": 23.58,
            "inventory_turnover_ratio": 0.79,
            "account_receivable_turnover_ratio": null,
            "reinvestment_rate": null,
            "research_to_sale_ratio": null,
            "price_fair": 12.52,
            "eps_avg_yearly": 4.17,
            "eps_latest_yearly": 2.36,
            "eps_growth_yearly": -32.82
        },
        "20084": {
            "year_quarter": 20084,
            "year": 2008,
            "quarter": 4,
            "eps": 0.25,
            "eps_growth_year": -62.69,
            "eps_4q": 2.24,
            "eps_4q_growth_year": -38.05,
            "roe": 1.21,
            "roe_4q": 9.75,
            "gross_profit": 90764,
            "gross_margin": 38.56,
            "gross_margin_4q_avg": 36.26,
            "net_income": 11290,
            "net_income_4q": null,
            "revenue": 235397,
            "revenue_4q": null,
            "common_shares": 558071,
            "book_valuer_per_share": 16.52,
            "book_valuer_per_share_4q_avg": 17.56,
            "equity": 938121,
            "current_ratio": 351.1,
            "debt_ratio": 18.05,
            "inventory_turnover_ratio": 0.57,
            "account_receivable_turnover_ratio": 4.04,
            "reinvestment_rate": null,
            "research_to_sale_ratio": null,
            "price_fair": 11.79,
            "eps_avg_yearly": 3.93,
            "eps_latest_yearly": 1,
            "eps_growth_yearly": -48.02
        },
        "20091": {
            "year_quarter": 20091,
            "year": 2009,
            "quarter": 1,
            "eps": 0.3,
            "eps_growth_year": -38.78,
            "eps_4q": 2.01,
            "eps_4q_growth_year": -37.9,
            "roe": 1.44,
            "roe_4q": 8.73,
            "gross_profit": 85132,
            "gross_margin": 36.33,
            "gross_margin_4q_avg": 36.53,
            "net_income": 13592,
            "net_income_4q": null,
            "revenue": 234319,
            "revenue_4q": null,
            "common_shares": 558071,
            "book_valuer_per_share": 16.82,
            "book_valuer_per_share_4q_avg": 16.8,
            "equity": 952792,
            "current_ratio": 411.47,
            "debt_ratio": 15.21,
            "inventory_turnover_ratio": 0.62,
            "account_receivable_turnover_ratio": 1.97,
            "reinvestment_rate": null,
            "research_to_sale_ratio": null,
            "price_fair": 11.2,
            "eps_avg_yearly": 3.73,
            "eps_latest_yearly": 1.2,
            "eps_growth_yearly": -38.88
        },
        "20092": {
            "year_quarter": 20092,
            "year": 2009,
            "quarter": 2,
            "eps": 0,
            "eps_growth_year": -100,
            "eps_4q": 1.11,
            "eps_4q_growth_year": -58.85,
            "roe": -0.42,
            "roe_4q": 5.470000000000001,
            "gross_profit": 95315,
            "gross_margin": 40.01,
            "gross_margin_4q_avg": 37.84,
            "net_income": -3890,
            "net_income_4q": null,
            "revenue": 238243,
            "revenue_4q": null,
            "common_shares": 558071,
            "book_valuer_per_share": 15.76,
            "book_valuer_per_share_4q_avg": 16.34,
            "equity": 889683,
            "current_ratio": 269.45,
            "debt_ratio": 24.26,
            "inventory_turnover_ratio": 0.62,
            "account_receivable_turnover_ratio": 2.03,
            "reinvestment_rate": 36.28,
            "research_to_sale_ratio": null,
            "price_fair": 11.2,
            "eps_avg_yearly": 3.73,
            "eps_latest_yearly": 1.2,
            "eps_growth_yearly": -38.88
        },
        "20093": {
            "year_quarter": 20093,
            "year": 2009,
            "quarter": 3,
            "eps": 0.45,
            "eps_growth_year": -23.73,
            "eps_4q": 1.15,
            "eps_4q_growth_year": -51.96,
            "roe": 2.37,
            "roe_4q": 4.6,
            "gross_profit": 116282,
            "gross_margin": 40.28,
            "gross_margin_4q_avg": 38.8,
            "net_income": 21346,
            "net_income_4q": null,
            "revenue": 288690,
            "revenue_4q": null,
            "common_shares": 579185,
            "book_valuer_per_share": 15.6,
            "book_valuer_per_share_4q_avg": 16.18,
            "equity": 910218,
            "current_ratio": 338.98,
            "debt_ratio": 22.15,
            "inventory_turnover_ratio": 0.82,
            "account_receivable_turnover_ratio": 2.1,
            "reinvestment_rate": 23.18,
            "research_to_sale_ratio": null,
            "price_fair": 11.2,
            "eps_avg_yearly": 3.73,
            "eps_latest_yearly": 1.2,
            "eps_growth_yearly": -38.88
        },
        "20094": {
            "year_quarter": 20094,
            "year": 2009,
            "quarter": 4,
            "eps": 0.73,
            "eps_growth_year": 192,
            "eps_4q": 1.46,
            "eps_4q_growth_year": -34.86,
            "roe": 3.83,
            "roe_4q": 7.220000000000001,
            "gross_profit": 150207,
            "gross_margin": 42.24,
            "gross_margin_4q_avg": 39.72,
            "net_income": 36730,
            "net_income_4q": null,
            "revenue": 355587,
            "revenue_4q": null,
            "common_shares": 579185,
            "book_valuer_per_share": 17.55,
            "book_valuer_per_share_4q_avg": 16.43,
            "equity": 1007757,
            "current_ratio": 320.66,
            "debt_ratio": 29.02,
            "inventory_turnover_ratio": 0.95,
            "account_receivable_turnover_ratio": 3.9,
            "reinvestment_rate": 38.75,
            "research_to_sale_ratio": null,
            "price_fair": 10.23,
            "eps_avg_yearly": 3.41,
            "eps_latest_yearly": 2.92,
            "eps_growth_yearly": -15.44
        },
        "20101": {
            "year_quarter": 20101,
            "year": 2010,
            "quarter": 1,
            "eps": 0.66,
            "eps_growth_year": 120,
            "eps_4q": 1.83,
            "eps_4q_growth_year": -8.87,
            "roe": 2.98,
            "roe_4q": 8.76,
            "gross_profit": 153682,
            "gross_margin": 42.91,
            "gross_margin_4q_avg": 41.36,
            "net_income": 30441,
            "net_income_4q": null,
            "revenue": 358116,
            "revenue_4q": null,
            "common_shares": 579185,
            "book_valuer_per_share": 18.22,
            "book_valuer_per_share_4q_avg": 16.78,
            "equity": 1038357,
            "current_ratio": 342.39,
            "debt_ratio": 28.12,
            "inventory_turnover_ratio": 0.82,
            "account_receivable_turnover_ratio": 1.79,
            "reinvestment_rate": 39.41,
            "research_to_sale_ratio": 14.88,
            "price_fair": 9.56,
            "eps_avg_yearly": 3.19,
            "eps_latest_yearly": 2.64,
            "eps_growth_yearly": -11.88
        },
        "20102": {
            "year_quarter": 20102,
            "year": 2010,
            "quarter": 2,
            "eps": 0.76,
            "eps_growth_year": null,
            "eps_4q": 2.47,
            "eps_4q_growth_year": 123.02,
            "roe": 3.31,
            "roe_4q": 12.490000000000002,
            "gross_profit": 198931,
            "gross_margin": 43.84,
            "gross_margin_4q_avg": 42.32,
            "net_income": 35389,
            "net_income_4q": null,
            "revenue": 453783,
            "revenue_4q": null,
            "common_shares": 579185,
            "book_valuer_per_share": 18.93,
            "book_valuer_per_share_4q_avg": 17.58,
            "equity": 1097168,
            "current_ratio": 298.27,
            "debt_ratio": 31.57,
            "inventory_turnover_ratio": 0.93,
            "account_receivable_turnover_ratio": 2.07,
            "reinvestment_rate": 51.37,
            "research_to_sale_ratio": 5.67,
            "price_fair": 9.14,
            "eps_avg_yearly": 3.05,
            "eps_latest_yearly": 3.04,
            "eps_growth_yearly": -3.61
        },
        "20103": {
            "year_quarter": 20103,
            "year": 2010,
            "quarter": 3,
            "eps": 1.12,
            "eps_growth_year": 148.57,
            "eps_4q": 3.15,
            "eps_4q_growth_year": 174.63,
            "roe": 5.38,
            "roe_4q": 15.5,
            "gross_profit": 200705,
            "gross_margin": 43.71,
            "gross_margin_4q_avg": 43.18,
            "net_income": 61176,
            "net_income_4q": null,
            "revenue": 459160,
            "revenue_4q": null,
            "common_shares": 609729,
            "book_valuer_per_share": 19.41,
            "book_valuer_per_share_4q_avg": 18.53,
            "equity": 1178083,
            "current_ratio": 354.96,
            "debt_ratio": 26.46,
            "inventory_turnover_ratio": 0.85,
            "account_receivable_turnover_ratio": 2.06,
            "reinvestment_rate": 48.46,
            "research_to_sale_ratio": 21.95,
            "price_fair": 28.89,
            "eps_avg_yearly": 2.89,
            "eps_latest_yearly": 4.48,
            "eps_growth_yearly": 0.33
        },
        "20104": {
            "year_quarter": 20104,
            "year": 2010,
            "quarter": 4,
            "eps": 0.77,
            "eps_growth_year": 4.86,
            "eps_4q": 3.23,
            "eps_4q_growth_year": 121.84,
            "roe": 3.03,
            "roe_4q": 14.700000000000001,
            "gross_profit": 213467,
            "gross_margin": 43.78,
            "gross_margin_4q_avg": 43.56,
            "net_income": 36656,
            "net_income_4q": null,
            "revenue": 487567,
            "revenue_4q": null,
            "common_shares": 610636,
            "book_valuer_per_share": 20.25,
            "book_valuer_per_share_4q_avg": 19.2,
            "equity": 1245291,
            "current_ratio": 386.39,
            "debt_ratio": 24.75,
            "inventory_turnover_ratio": 0.96,
            "account_receivable_turnover_ratio": 2.27,
            "reinvestment_rate": 51.51,
            "research_to_sale_ratio": 12.72,
            "price_fair": 36.82,
            "eps_avg_yearly": 2.83,
            "eps_latest_yearly": 3.08,
            "eps_growth_yearly": 3.03
        },
        "20111": {
            "year_quarter": 20111,
            "year": 2011,
            "quarter": 1,
            "eps": 0.99,
            "eps_growth_year": 50,
            "eps_4q": 3.52,
            "eps_4q_growth_year": 92.07,
            "roe": 4.16,
            "roe_4q": 15.88,
            "gross_profit": 217008,
            "gross_margin": 42.41,
            "gross_margin_4q_avg": 43.44,
            "net_income": 55426,
            "net_income_4q": null,
            "revenue": 511683,
            "revenue_4q": null,
            "common_shares": 629445,
            "book_valuer_per_share": 22.35,
            "book_valuer_per_share_4q_avg": 20.24,
            "equity": 1421655,
            "current_ratio": 314.57,
            "debt_ratio": 26.47,
            "inventory_turnover_ratio": 1,
            "account_receivable_turnover_ratio": 2.18,
            "reinvestment_rate": 34.92,
            "research_to_sale_ratio": 13.07,
            "price_fair": 67.84,
            "eps_avg_yearly": 2.85,
            "eps_latest_yearly": 3.96,
            "eps_growth_yearly": 13.79
        },
        "20112": {
            "year_quarter": 20112,
            "year": 2011,
            "quarter": 2,
            "eps": 1.77,
            "eps_growth_year": 132.73,
            "eps_4q": 4.45,
            "eps_4q_growth_year": 80.59,
            "roe": 7.46,
            "roe_4q": 20.03,
            "gross_profit": 323468,
            "gross_margin": 42.06,
            "gross_margin_4q_avg": 42.99,
            "net_income": 105048,
            "net_income_4q": null,
            "revenue": 769054,
            "revenue_4q": null,
            "common_shares": 633791,
            "book_valuer_per_share": 21.95,
            "book_valuer_per_share_4q_avg": 20.99,
            "equity": 1395452,
            "current_ratio": 212.6,
            "debt_ratio": 37.89,
            "inventory_turnover_ratio": 1.1,
            "account_receivable_turnover_ratio": 2.6,
            "reinvestment_rate": 29.34,
            "research_to_sale_ratio": 10.78,
            "price_fair": 106.1,
            "eps_avg_yearly": 3.03,
            "eps_latest_yearly": 7.08,
            "eps_growth_yearly": 28.68
        },
        "20113": {
            "year_quarter": 20113,
            "year": 2011,
            "quarter": 3,
            "eps": 2.57,
            "eps_growth_year": 129.39,
            "eps_4q": 6.03,
            "eps_4q_growth_year": 91.27,
            "roe": 10.92,
            "roe_4q": 25.57,
            "gross_profit": 349719,
            "gross_margin": 43.42,
            "gross_margin_4q_avg": 42.92,
            "net_income": 160459,
            "net_income_4q": null,
            "revenue": 805352,
            "revenue_4q": null,
            "common_shares": 658287,
            "book_valuer_per_share": 23.41,
            "book_valuer_per_share_4q_avg": 21.99,
            "equity": 1542619,
            "current_ratio": 273.64,
            "debt_ratio": 29.37,
            "inventory_turnover_ratio": 0.85,
            "account_receivable_turnover_ratio": 2.19,
            "reinvestment_rate": 31.93,
            "research_to_sale_ratio": 9.39,
            "price_fair": 122.1,
            "eps_avg_yearly": 3.49,
            "eps_latest_yearly": 10.28,
            "eps_growth_yearly": 45.86
        },
        "20114": {
            "year_quarter": 20114,
            "year": 2011,
            "quarter": 4,
            "eps": 1.7,
            "eps_growth_year": 121.88,
            "eps_4q": 7,
            "eps_4q_growth_year": 116.43,
            "roe": 5.69,
            "roe_4q": 28.23,
            "gross_profit": 358089,
            "gross_margin": 45.46,
            "gross_margin_4q_avg": 43.34,
            "net_income": 90443,
            "net_income_4q": null,
            "revenue": 787778,
            "revenue_4q": null,
            "common_shares": 660533,
            "book_valuer_per_share": 25.13,
            "book_valuer_per_share_4q_avg": 23.21,
            "equity": 1637721,
            "current_ratio": 309.48,
            "debt_ratio": 26.6,
            "inventory_turnover_ratio": 0.75,
            "account_receivable_turnover_ratio": 2,
            "reinvestment_rate": 25.95,
            "research_to_sale_ratio": 9.88,
            "price_fair": 132.4,
            "eps_avg_yearly": 3.78,
            "eps_latest_yearly": 6.8,
            "eps_growth_yearly": 45.02
        },
        "20121": {
            "year_quarter": 20121,
            "year": 2012,
            "quarter": 1,
            "eps": 1.62,
            "eps_growth_year": 63.64,
            "eps_4q": 7.62,
            "eps_4q_growth_year": 116.39,
            "roe": 5.99,
            "roe_4q": 30.060000000000002,
            "gross_profit": 322561,
            "gross_margin": 45.54,
            "gross_margin_4q_avg": 44.12,
            "net_income": 101775,
            "net_income_4q": null,
            "revenue": 708337,
            "revenue_4q": null,
            "common_shares": 664833,
            "book_valuer_per_share": 26.93,
            "book_valuer_per_share_4q_avg": 24.36,
            "equity": 1762299,
            "current_ratio": 340.81,
            "debt_ratio": 24.43,
            "inventory_turnover_ratio": 0.69,
            "account_receivable_turnover_ratio": 1.93,
            "reinvestment_rate": 14.94,
            "research_to_sale_ratio": 9.88,
            "price_fair": 143.7,
            "eps_avg_yearly": 4.11,
            "eps_latest_yearly": 6.48,
            "eps_growth_yearly": 51.35
        },
        "20122": {
            "year_quarter": 20122,
            "year": 2012,
            "quarter": 2,
            "eps": 1.79,
            "eps_growth_year": 1.37,
            "eps_4q": 7.43,
            "eps_4q_growth_year": 66.91,
            "roe": 7.17,
            "roe_4q": 29.770000000000003,
            "gross_profit": 362701,
            "gross_margin": 45.77,
            "gross_margin_4q_avg": 45.05,
            "net_income": 119188,
            "net_income_4q": null,
            "revenue": 792442,
            "revenue_4q": null,
            "common_shares": 665631,
            "book_valuer_per_share": 23.86,
            "book_valuer_per_share_4q_avg": 24.83,
            "equity": 1560771,
            "current_ratio": 210.57,
            "debt_ratio": 39.12,
            "inventory_turnover_ratio": 0.76,
            "account_receivable_turnover_ratio": 2.1,
            "reinvestment_rate": 14.57,
            "research_to_sale_ratio": 9.76,
            "price_fair": 156.2,
            "eps_avg_yearly": 4.46,
            "eps_latest_yearly": 7.16,
            "eps_growth_yearly": 51.44
        },
        "20123": {
            "year_quarter": 20123,
            "year": 2012,
            "quarter": 3,
            "eps": 2.97,
            "eps_growth_year": 15.76,
            "eps_4q": 7.94,
            "eps_4q_growth_year": 31.81,
            "roe": 11.96,
            "roe_4q": 30.810000000000006,
            "gross_profit": 504853,
            "gross_margin": 47.26,
            "gross_margin_4q_avg": 46.01,
            "net_income": 198613,
            "net_income_4q": null,
            "revenue": 1068206,
            "revenue_4q": null,
            "common_shares": 689218,
            "book_valuer_per_share": 26.03,
            "book_valuer_per_share_4q_avg": 25.49,
            "equity": 1761755,
            "current_ratio": 274.49,
            "debt_ratio": 30.18,
            "inventory_turnover_ratio": 0.89,
            "account_receivable_turnover_ratio": 2.46,
            "reinvestment_rate": 12.52,
            "research_to_sale_ratio": 8.18,
            "price_fair": 180,
            "eps_avg_yearly": 5.14,
            "eps_latest_yearly": 11.88,
            "eps_growth_yearly": 67.63
        },
        "20124": {
            "year_quarter": 20124,
            "year": 2012,
            "quarter": 4,
            "eps": 2.15,
            "eps_growth_year": 26.76,
            "eps_4q": 8.45,
            "eps_4q_growth_year": 20.78,
            "roe": 7.83,
            "roe_4q": 32.95,
            "gross_profit": 415275,
            "gross_margin": 46.1,
            "gross_margin_4q_avg": 46.17,
            "net_income": 143861,
            "net_income_4q": null,
            "revenue": 900893,
            "revenue_4q": null,
            "common_shares": 691161,
            "book_valuer_per_share": 28.24,
            "book_valuer_per_share_4q_avg": 26.27,
            "equity": 1914640,
            "current_ratio": 285.81,
            "debt_ratio": 29.71,
            "inventory_turnover_ratio": 0.69,
            "account_receivable_turnover_ratio": 2.11,
            "reinvestment_rate": 18.06,
            "research_to_sale_ratio": 12.14,
            "price_fair": 199,
            "eps_avg_yearly": 5.69,
            "eps_latest_yearly": 8.6,
            "eps_growth_yearly": 76.2
        },
        "20131": {
            "year_quarter": 20131,
            "year": 2013,
            "quarter": 1,
            "eps": 2.85,
            "eps_growth_year": 75.93,
            "eps_4q": 9.75,
            "eps_4q_growth_year": 27.97,
            "roe": 9.65,
            "roe_4q": 36.61,
            "gross_profit": 458963,
            "gross_margin": 45.69,
            "gross_margin_4q_avg": 46.21,
            "net_income": 194133,
            "net_income_4q": null,
            "revenue": 1004455,
            "revenue_4q": null,
            "common_shares": 691161,
            "book_valuer_per_share": 31.06,
            "book_valuer_per_share_4q_avg": 27.3,
            "equity": 2108238,
            "current_ratio": 303,
            "debt_ratio": 28.31,
            "inventory_turnover_ratio": 0.74,
            "account_receivable_turnover_ratio": 2.04,
            "reinvestment_rate": 15.4,
            "research_to_sale_ratio": 9.74,
            "price_fair": 224.5,
            "eps_avg_yearly": 6.41,
            "eps_latest_yearly": 11.4,
            "eps_growth_yearly": 79.79
        },
        "20132": {
            "year_quarter": 20132,
            "year": 2013,
            "quarter": 2,
            "eps": 3.06,
            "eps_growth_year": 70.83,
            "eps_4q": 10.76,
            "eps_4q_growth_year": 44.69,
            "roe": 10.8,
            "roe_4q": 40.24,
            "gross_profit": 490976,
            "gross_margin": 45.83,
            "gross_margin_4q_avg": 46.22,
            "net_income": 217255,
            "net_income_4q": null,
            "revenue": 1071350,
            "revenue_4q": null,
            "common_shares": 691161,
            "book_valuer_per_share": 28.21,
            "book_valuer_per_share_4q_avg": 28.39,
            "equity": 1915857,
            "current_ratio": 221.23,
            "debt_ratio": 38.26,
            "inventory_turnover_ratio": 0.83,
            "account_receivable_turnover_ratio": 1.91,
            "reinvestment_rate": 13.11,
            "research_to_sale_ratio": 8.18,
            "price_fair": 238.09,
            "eps_avg_yearly": 6.8,
            "eps_latest_yearly": 12.24,
            "eps_growth_yearly": 76.44
        },
        "20133": {
            "year_quarter": 20133,
            "year": 2013,
            "quarter": 3,
            "eps": 2.59,
            "eps_growth_year": -12.8,
            "eps_4q": 10.49,
            "eps_4q_growth_year": 32.02,
            "roe": 8.95,
            "roe_4q": 37.23,
            "gross_profit": 499718,
            "gross_margin": 46.99,
            "gross_margin_4q_avg": 46.15,
            "net_income": 179352,
            "net_income_4q": null,
            "revenue": 1063467,
            "revenue_4q": null,
            "common_shares": 715002,
            "book_valuer_per_share": 29.81,
            "book_valuer_per_share_4q_avg": 29.33,
            "equity": 2092203,
            "current_ratio": 291.55,
            "debt_ratio": 29.48,
            "inventory_turnover_ratio": 0.86,
            "account_receivable_turnover_ratio": 2.09,
            "reinvestment_rate": 10.9,
            "research_to_sale_ratio": 9.83,
            "price_fair": 245.88,
            "eps_avg_yearly": 7.03,
            "eps_latest_yearly": 10.36,
            "eps_growth_yearly": 67.82
        },
        "20134": {
            "year_quarter": 20134,
            "year": 2013,
            "quarter": 4,
            "eps": 1.87,
            "eps_growth_year": -13.25,
            "eps_4q": 10.28,
            "eps_4q_growth_year": 21.57,
            "roe": 5.68,
            "roe_4q": 35.08,
            "gross_profit": 402722,
            "gross_margin": 41.36,
            "gross_margin_4q_avg": 44.97,
            "net_income": 123995,
            "net_income_4q": null,
            "revenue": 973644,
            "revenue_4q": null,
            "common_shares": 715002,
            "book_valuer_per_share": 31.69,
            "book_valuer_per_share_4q_avg": 30.19,
            "equity": 2276194,
            "current_ratio": 297.48,
            "debt_ratio": 28.5,
            "inventory_turnover_ratio": 0.9,
            "account_receivable_turnover_ratio": 2.01,
            "reinvestment_rate": 5.63,
            "research_to_sale_ratio": 11.68,
            "price_fair": 255.85,
            "eps_avg_yearly": 7.31,
            "eps_latest_yearly": 7.48,
            "eps_growth_yearly": 45.31
        },
        "20141": {
            "year_quarter": 20141,
            "year": 2014,
            "quarter": 1,
            "eps": 1.75,
            "eps_growth_year": -38.6,
            "eps_4q": 9.28,
            "eps_4q_growth_year": -4.82,
            "roe": 5.17,
            "roe_4q": 30.599999999999998,
            "gross_profit": 402633,
            "gross_margin": 46.68,
            "gross_margin_4q_avg": 45.22,
            "net_income": 121159,
            "net_income_4q": null,
            "revenue": 862587,
            "revenue_4q": null,
            "common_shares": 715002,
            "book_valuer_per_share": 33.53,
            "book_valuer_per_share_4q_avg": 30.81,
            "equity": 2413239,
            "current_ratio": 289.2,
            "debt_ratio": 29.2,
            "inventory_turnover_ratio": 0.65,
            "account_receivable_turnover_ratio": 1.74,
            "reinvestment_rate": 5.3,
            "research_to_sale_ratio": 11.6,
            "price_fair": 265.39,
            "eps_avg_yearly": 7.58,
            "eps_latest_yearly": 7,
            "eps_growth_yearly": 46.11
        },
        "20142": {
            "year_quarter": 20142,
            "year": 2014,
            "quarter": 2,
            "eps": 0.6,
            "eps_growth_year": -80.39,
            "eps_4q": 6.52,
            "eps_4q_growth_year": -39.39,
            "roe": 1.8,
            "roe_4q": 21.599999999999998,
            "gross_profit": 420661,
            "gross_margin": 39.56,
            "gross_margin_4q_avg": 43.65,
            "net_income": 42335,
            "net_income_4q": null,
            "revenue": 1063280,
            "revenue_4q": null,
            "common_shares": 715002,
            "book_valuer_per_share": 29.9,
            "book_valuer_per_share_4q_avg": 31.23,
            "equity": 2287092,
            "current_ratio": 216.94,
            "debt_ratio": 38.19,
            "inventory_turnover_ratio": 0.79,
            "account_receivable_turnover_ratio": 1.86,
            "reinvestment_rate": 2.45,
            "research_to_sale_ratio": 15.13,
            "price_fair": 263.99,
            "eps_avg_yearly": 7.54,
            "eps_latest_yearly": 2.4,
            "eps_growth_yearly": 25.89
        },
        "20143": {
            "year_quarter": 20143,
            "year": 2014,
            "quarter": 3,
            "eps": 1.93,
            "eps_growth_year": -25.48,
            "eps_4q": 5.97,
            "eps_4q_growth_year": -43.06,
            "roe": 5.73,
            "roe_4q": 18.38,
            "gross_profit": 428157,
            "gross_margin": 43.68,
            "gross_margin_4q_avg": 42.82,
            "net_income": 135035,
            "net_income_4q": null,
            "revenue": 980136,
            "revenue_4q": null,
            "common_shares": 739677,
            "book_valuer_per_share": 30.88,
            "book_valuer_per_share_4q_avg": 31.5,
            "equity": 2428745,
            "current_ratio": 369.36,
            "debt_ratio": 22.26,
            "inventory_turnover_ratio": 0.75,
            "account_receivable_turnover_ratio": 1.77,
            "reinvestment_rate": 3.21,
            "research_to_sale_ratio": 12.23,
            "price_fair": 271.08,
            "eps_avg_yearly": 7.75,
            "eps_latest_yearly": 7.72,
            "eps_growth_yearly": 69.46
        },
        "20144": {
            "year_quarter": 20144,
            "year": 2014,
            "quarter": 4,
            "eps": 0.78,
            "eps_growth_year": -58.16,
            "eps_4q": 4.97,
            "eps_4q_growth_year": -51.6,
            "roe": 1.81,
            "roe_4q": 14.510000000000002,
            "gross_profit": 322390,
            "gross_margin": 41.54,
            "gross_margin_4q_avg": 42.87,
            "net_income": 44480,
            "net_income_4q": null,
            "revenue": 776124,
            "revenue_4q": null,
            "common_shares": 739677,
            "book_valuer_per_share": 31.87,
            "book_valuer_per_share_4q_avg": 31.55,
            "equity": 2484283,
            "current_ratio": 337.23,
            "debt_ratio": 23.56,
            "inventory_turnover_ratio": 0.7,
            "account_receivable_turnover_ratio": 1.74,
            "reinvestment_rate": 2.14,
            "research_to_sale_ratio": 13.08,
            "price_fair": 271.16,
            "eps_avg_yearly": 7.75,
            "eps_latest_yearly": 3.12,
            "eps_growth_yearly": 62.38
        },
        "20151": {
            "year_quarter": 20151,
            "year": 2015,
            "quarter": 1,
            "eps": 1.06,
            "eps_growth_year": -39.43,
            "eps_4q": 4.37,
            "eps_4q_growth_year": -52.92,
            "roe": 2.86,
            "roe_4q": 12.200000000000001,
            "gross_profit": 399164,
            "gross_margin": 44.29,
            "gross_margin_4q_avg": 42.27,
            "net_income": 72302,
            "net_income_4q": null,
            "revenue": 901270,
            "revenue_4q": null,
            "common_shares": 739677,
            "book_valuer_per_share": 32.89,
            "book_valuer_per_share_4q_avg": 31.39,
            "equity": 2567945,
            "current_ratio": 308.92,
            "debt_ratio": 25.99,
            "inventory_turnover_ratio": 0.7,
            "account_receivable_turnover_ratio": 1.92,
            "reinvestment_rate": 5.96,
            "research_to_sale_ratio": 13.1,
            "price_fair": 271.78,
            "eps_avg_yearly": 7.77,
            "eps_latest_yearly": 4.24,
            "eps_growth_yearly": 64.21
        },
        "20152": {
            "year_quarter": 20152,
            "year": 2015,
            "quarter": 2,
            "eps": 2.08,
            "eps_growth_year": 246.67,
            "eps_4q": 5.72,
            "eps_4q_growth_year": -12.29,
            "roe": 6.22,
            "roe_4q": 16.62,
            "gross_profit": 487880,
            "gross_margin": 42.76,
            "gross_margin_4q_avg": 43.07,
            "net_income": 155443,
            "net_income_4q": null,
            "revenue": 1140936,
            "revenue_4q": null,
            "common_shares": 739677,
            "book_valuer_per_share": 31,
            "book_valuer_per_share_4q_avg": 31.66,
            "equity": 2433159,
            "current_ratio": 233.39,
            "debt_ratio": 34.13,
            "inventory_turnover_ratio": 0.76,
            "account_receivable_turnover_ratio": 1.72,
            "reinvestment_rate": 1.98,
            "research_to_sale_ratio": 12.99,
            "price_fair": 274.49,
            "eps_avg_yearly": 7.84,
            "eps_latest_yearly": 8.32,
            "eps_growth_yearly": 68.57
        },
        "20153": {
            "year_quarter": 20153,
            "year": 2015,
            "quarter": 3,
            "eps": 2.05,
            "eps_growth_year": 6.22,
            "eps_4q": 5.91,
            "eps_4q_growth_year": -1.08,
            "roe": 5.85,
            "roe_4q": 16.74,
            "gross_profit": 466447,
            "gross_margin": 43.83,
            "gross_margin_4q_avg": 43.11,
            "net_income": 147346,
            "net_income_4q": null,
            "revenue": 1064145,
            "revenue_4q": null,
            "common_shares": 765565,
            "book_valuer_per_share": 32.23,
            "book_valuer_per_share_4q_avg": 32,
            "equity": 2607495,
            "current_ratio": 312.78,
            "debt_ratio": 25.42,
            "inventory_turnover_ratio": 0.66,
            "account_receivable_turnover_ratio": 1.4,
            "reinvestment_rate": -0.6,
            "research_to_sale_ratio": 14.58,
            "price_fair": 269.94,
            "eps_avg_yearly": 7.71,
            "eps_latest_yearly": 8.2,
            "eps_growth_yearly": 56.91
        },
        "20154": {
            "year_quarter": 20154,
            "year": 2015,
            "quarter": 4,
            "eps": 1.03,
            "eps_growth_year": 32.42,
            "eps_4q": 6.14,
            "eps_4q_growth_year": 23.47,
            "roe": 2.56,
            "roe_4q": 17.49,
            "gross_profit": 410298,
            "gross_margin": 39.74,
            "gross_margin_4q_avg": 42.66,
            "net_income": 67814,
            "net_income_4q": null,
            "revenue": 1032401,
            "revenue_4q": null,
            "common_shares": 772565,
            "book_valuer_per_share": 33.19,
            "book_valuer_per_share_4q_avg": 32.33,
            "equity": 2691694,
            "current_ratio": 308.1,
            "debt_ratio": 26.13,
            "inventory_turnover_ratio": 0.71,
            "account_receivable_turnover_ratio": 1.51,
            "reinvestment_rate": 1.07,
            "research_to_sale_ratio": 12.99,
            "price_fair": 264.08,
            "eps_avg_yearly": 7.55,
            "eps_latest_yearly": 4.12,
            "eps_growth_yearly": 52.94
        },
        "20161": {
            "year_quarter": 20161,
            "year": 2016,
            "quarter": 1,
            "eps": 1.16,
            "eps_growth_year": 9.43,
            "eps_4q": 6.27,
            "eps_4q_growth_year": 43.65,
            "roe": 2.9,
            "roe_4q": 17.529999999999998,
            "gross_profit": 447715,
            "gross_margin": 41.94,
            "gross_margin_4q_avg": 42.07,
            "net_income": 79269,
            "net_income_4q": null,
            "revenue": 1067527,
            "revenue_4q": null,
            "common_shares": 772565,
            "book_valuer_per_share": 34.36,
            "book_valuer_per_share_4q_avg": 32.7,
            "equity": 2773577,
            "current_ratio": 327.11,
            "debt_ratio": 24.7,
            "inventory_turnover_ratio": 0.7,
            "account_receivable_turnover_ratio": 1.73,
            "reinvestment_rate": 4.59,
            "research_to_sale_ratio": 14.17,
            "price_fair": 260.05,
            "eps_avg_yearly": 7.43,
            "eps_latest_yearly": 4.64,
            "eps_growth_yearly": 57.27
        },
        "20162": {
            "year_quarter": 20162,
            "year": 2016,
            "quarter": 2,
            "eps": 2.07,
            "eps_growth_year": -0.48,
            "eps_4q": 6.13,
            "eps_4q_growth_year": 7.24,
            "roe": 5.89,
            "roe_4q": 17.2,
            "gross_profit": 552910,
            "gross_margin": 40.99,
            "gross_margin_4q_avg": 41.63,
            "net_income": 157756,
            "net_income_4q": null,
            "revenue": 1348888,
            "revenue_4q": null,
            "common_shares": 772565,
            "book_valuer_per_share": 32.14,
            "book_valuer_per_share_4q_avg": 32.98,
            "equity": 2584604,
            "current_ratio": 230.65,
            "debt_ratio": 34.82,
            "inventory_turnover_ratio": 0.93,
            "account_receivable_turnover_ratio": 2.16,
            "reinvestment_rate": 4.52,
            "research_to_sale_ratio": 12.05,
            "price_fair": 262.5,
            "eps_avg_yearly": 7.5,
            "eps_latest_yearly": 8.28,
            "eps_growth_yearly": 74.26
        },
        "20163": {
            "year_quarter": 20163,
            "year": 2016,
            "quarter": 3,
            "eps": 1.37,
            "eps_growth_year": -33.17,
            "eps_4q": 5.53,
            "eps_4q_growth_year": -6.48,
            "roe": 3.96,
            "roe_4q": 15.31,
            "gross_profit": 525077,
            "gross_margin": 44.58,
            "gross_margin_4q_avg": 41.81,
            "net_income": 104817,
            "net_income_4q": null,
            "revenue": 1177916,
            "revenue_4q": null,
            "common_shares": 799310,
            "book_valuer_per_share": 32.4,
            "book_valuer_per_share_4q_avg": 33.02,
            "equity": 2702903,
            "current_ratio": 300,
            "debt_ratio": 26.74,
            "inventory_turnover_ratio": 0.76,
            "account_receivable_turnover_ratio": 1.84,
            "reinvestment_rate": 4.88,
            "research_to_sale_ratio": 13.42,
            "price_fair": 248.5,
            "eps_avg_yearly": 7.1,
            "eps_latest_yearly": 5.48,
            "eps_growth_yearly": 49.32
        },
        "20164": {
            "year_quarter": 20164,
            "year": 2016,
            "quarter": 4,
            "eps": 1.99,
            "eps_growth_year": 92.41,
            "eps_4q": 6.52,
            "eps_4q_growth_year": 6.11,
            "roe": 6.18,
            "roe_4q": 18.93,
            "gross_profit": 505529,
            "gross_margin": 41.92,
            "gross_margin_4q_avg": 42.36,
            "net_income": 172732,
            "net_income_4q": null,
            "revenue": 1205897,
            "revenue_4q": null,
            "common_shares": 799304,
            "book_valuer_per_share": 34.51,
            "book_valuer_per_share_4q_avg": 33.35,
            "equity": 2885723,
            "current_ratio": 306.79,
            "debt_ratio": 26.86,
            "inventory_turnover_ratio": 0.77,
            "account_receivable_turnover_ratio": 1.97,
            "reinvestment_rate": 1.06,
            "research_to_sale_ratio": 14,
            "price_fair": 247.1,
            "eps_avg_yearly": 7.06,
            "eps_latest_yearly": 7.96,
            "eps_growth_yearly": 67.54
        },
        "20171": {
            "year_quarter": 20171,
            "year": 2017,
            "quarter": 1,
            "eps": 0.55,
            "eps_growth_year": -52.59,
            "eps_4q": 5.96,
            "eps_4q_growth_year": -5.08,
            "roe": 0.93,
            "roe_4q": 16.96,
            "gross_profit": 439875,
            "gross_margin": 34.9,
            "gross_margin_4q_avg": 40.6,
            "net_income": 27113,
            "net_income_4q": null,
            "revenue": 1260557,
            "revenue_4q": null,
            "common_shares": 799304,
            "book_valuer_per_share": 34.86,
            "book_valuer_per_share_4q_avg": 33.48,
            "equity": 2917016,
            "current_ratio": 306.46,
            "debt_ratio": 26.56,
            "inventory_turnover_ratio": 0.92,
            "account_receivable_turnover_ratio": 1.78,
            "reinvestment_rate": 1.36,
            "research_to_sale_ratio": 12.43,
            "price_fair": 226.98,
            "eps_avg_yearly": 6.49,
            "eps_latest_yearly": 2.2,
            "eps_growth_yearly": 41.31
        },
        "20172": {
            "year_quarter": 20172,
            "year": 2017,
            "quarter": 2,
            "eps": 1.58,
            "eps_growth_year": -23.67,
            "eps_4q": 5.38,
            "eps_4q_growth_year": -12.27,
            "roe": 4.44,
            "roe_4q": 15.510000000000002,
            "gross_profit": 529083,
            "gross_margin": 33.58,
            "gross_margin_4q_avg": 38.75,
            "net_income": 123831,
            "net_income_4q": null,
            "revenue": 1575782,
            "revenue_4q": null,
            "common_shares": 799304,
            "book_valuer_per_share": 31.75,
            "book_valuer_per_share_4q_avg": 33.38,
            "equity": 2663682,
            "current_ratio": 200.51,
            "debt_ratio": 40.95,
            "inventory_turnover_ratio": 1.19,
            "account_receivable_turnover_ratio": 1.67,
            "reinvestment_rate": 1.16,
            "research_to_sale_ratio": 10.61,
            "price_fair": 214.03,
            "eps_avg_yearly": 6.12,
            "eps_latest_yearly": 6.32,
            "eps_growth_yearly": 86.28
        },
        "20173": {
            "year_quarter": 20173,
            "year": 2017,
            "quarter": 3,
            "eps": 1.46,
            "eps_growth_year": 6.57,
            "eps_4q": 5.52,
            "eps_4q_growth_year": -0.1,
            "roe": 3.6,
            "roe_4q": 15.15,
            "gross_profit": 495160,
            "gross_margin": 35.04,
            "gross_margin_4q_avg": 36.36,
            "net_income": 97643,
            "net_income_4q": null,
            "revenue": 1413236,
            "revenue_4q": null,
            "common_shares": 818051,
            "book_valuer_per_share": 32.48,
            "book_valuer_per_share_4q_avg": 33.4,
            "equity": 2762299,
            "current_ratio": 243.99,
            "debt_ratio": 34.3,
            "inventory_turnover_ratio": 0.96,
            "account_receivable_turnover_ratio": 1.45,
            "reinvestment_rate": 12.44,
            "research_to_sale_ratio": 11.98,
            "price_fair": 204.14,
            "eps_avg_yearly": 5.83,
            "eps_latest_yearly": 5.84,
            "eps_growth_yearly": 88.23
        },
        "20174": {
            "year_quarter": 20174,
            "year": 2017,
            "quarter": 4,
            "eps": 1.67,
            "eps_growth_year": -15.96,
            "eps_4q": 5.22,
            "eps_4q_growth_year": -19.93,
            "roe": 3.53,
            "roe_4q": 12.5,
            "gross_profit": 585846,
            "gross_margin": 36.01,
            "gross_margin_4q_avg": 34.88,
            "net_income": 100114,
            "net_income_4q": null,
            "revenue": 1627016,
            "revenue_4q": null,
            "common_shares": 825051,
            "book_valuer_per_share": 34.04,
            "book_valuer_per_share_4q_avg": 33.28,
            "equity": 2908470,
            "current_ratio": 261.9,
            "debt_ratio": 32.8,
            "inventory_turnover_ratio": 1.06,
            "account_receivable_turnover_ratio": 1.77,
            "reinvestment_rate": 12.59,
            "research_to_sale_ratio": 11.54,
            "price_fair": 202.39,
            "eps_avg_yearly": 5.78,
            "eps_latest_yearly": 6.68,
            "eps_growth_yearly": 98.77
        },
        "20181": {
            "year_quarter": 20181,
            "year": 2018,
            "quarter": 1,
            "eps": 0.64,
            "eps_growth_year": 16.36,
            "eps_4q": 5.32,
            "eps_4q_growth_year": -10.72,
            "roe": 1.06,
            "roe_4q": 12.629999999999999,
            "gross_profit": 439083,
            "gross_margin": 39.79,
            "gross_margin_4q_avg": 36.11,
            "net_income": 30980,
            "net_income_4q": null,
            "revenue": 1103610,
            "revenue_4q": null,
            "common_shares": 825051,
            "book_valuer_per_share": 34.37,
            "book_valuer_per_share_4q_avg": 33.16,
            "equity": 2940860,
            "current_ratio": 304.86,
            "debt_ratio": 28.6,
            "inventory_turnover_ratio": 0.61,
            "account_receivable_turnover_ratio": 1.34,
            "reinvestment_rate": 12.63,
            "research_to_sale_ratio": 14.45,
            "price_fair": 192.68,
            "eps_avg_yearly": 5.51,
            "eps_latest_yearly": 2.56,
            "eps_growth_yearly": 84.96
        },
        "20182": {
            "year_quarter": 20182,
            "year": 2018,
            "quarter": 2,
            "eps": 1.54,
            "eps_growth_year": -2.53,
            "eps_4q": 5.19,
            "eps_4q_growth_year": -3.47,
            "roe": 3.89,
            "roe_4q": 12.08,
            "gross_profit": 500742,
            "gross_margin": 36.3,
            "gross_margin_4q_avg": 36.79,
            "net_income": 110485,
            "net_income_4q": null,
            "revenue": 1379565,
            "revenue_4q": null,
            "common_shares": 825051,
            "book_valuer_per_share": 32.16,
            "book_valuer_per_share_4q_avg": 33.26,
            "equity": 2739120,
            "current_ratio": 222.48,
            "debt_ratio": 37.99,
            "inventory_turnover_ratio": 0.67,
            "account_receivable_turnover_ratio": 1.77,
            "reinvestment_rate": 11.26,
            "research_to_sale_ratio": 12.67,
            "price_fair": 200.9,
            "eps_avg_yearly": 5.74,
            "eps_latest_yearly": 6.16,
            "eps_growth_yearly": 136.54
        },
        "20183": {
            "year_quarter": 20183,
            "year": 2018,
            "quarter": 3,
            "eps": 0.8,
            "eps_growth_year": -45.21,
            "eps_4q": 4.58,
            "eps_4q_growth_year": -17.05,
            "roe": 1.92,
            "roe_4q": 10.4,
            "gross_profit": 423843,
            "gross_margin": 32.71,
            "gross_margin_4q_avg": 36.2,
            "net_income": 52858,
            "net_income_4q": null,
            "revenue": 1295582,
            "revenue_4q": null,
            "common_shares": 844786,
            "book_valuer_per_share": 32.02,
            "book_valuer_per_share_4q_avg": 33.15,
            "equity": 2776762,
            "current_ratio": 257.65,
            "debt_ratio": 32.99,
            "inventory_turnover_ratio": 0.64,
            "account_receivable_turnover_ratio": 1.56,
            "reinvestment_rate": 12.74,
            "research_to_sale_ratio": 11.83,
            "price_fair": 191.01,
            "eps_avg_yearly": 5.46,
            "eps_latest_yearly": 3.2,
            "eps_growth_yearly": 69.11
        },
        "20184": {
            "year_quarter": 20184,
            "year": 2018,
            "quarter": 4,
            "eps": 0.96,
            "eps_growth_year": -42.82,
            "eps_4q": 3.9,
            "eps_4q_growth_year": -25.22,
            "roe": 2.55,
            "roe_4q": 9.42,
            "gross_profit": 436636,
            "gross_margin": 29.96,
            "gross_margin_4q_avg": 34.69,
            "net_income": 71844,
            "net_income_4q": null,
            "revenue": 1457209,
            "revenue_4q": null,
            "common_shares": 844786,
            "book_valuer_per_share": 33.01,
            "book_valuer_per_share_4q_avg": 32.89,
            "equity": 2851069,
            "current_ratio": 248.83,
            "debt_ratio": 36.04,
            "inventory_turnover_ratio": 0.76,
            "account_receivable_turnover_ratio": 1.92,
            "reinvestment_rate": 29.65,
            "research_to_sale_ratio": 10.99,
            "price_fair": 192.59,
            "eps_avg_yearly": 5.5,
            "eps_latest_yearly": 3.84,
            "eps_growth_yearly": 89.01
        },
        "20191": {
            "year_quarter": 20191,
            "year": 2019,
            "quarter": 1,
            "eps": 1.01,
            "eps_growth_year": 57.81,
            "eps_4q": 4.29,
            "eps_4q_growth_year": -19.26,
            "roe": 2.64,
            "roe_4q": 11,
            "gross_profit": 503859,
            "gross_margin": 29.43,
            "gross_margin_4q_avg": 32.1,
            "net_income": 76296,
            "net_income_4q": null,
            "revenue": 1712169,
            "revenue_4q": null,
            "common_shares": 844786,
            "book_valuer_per_share": 34.03,
            "book_valuer_per_share_4q_avg": 32.81,
            "equity": 2928741,
            "current_ratio": 262.39,
            "debt_ratio": 35.04,
            "inventory_turnover_ratio": 0.97,
            "account_receivable_turnover_ratio": 2.12,
            "reinvestment_rate": 29.69,
            "research_to_sale_ratio": 10.18,
            "price_fair": 192.15,
            "eps_avg_yearly": 5.49,
            "eps_latest_yearly": 4.04,
            "eps_growth_yearly": 81.34
        },
        "20192": {
            "year_quarter": 20192,
            "year": 2019,
            "quarter": 2,
            "eps": 1.26,
            "eps_growth_year": -18.18,
            "eps_4q": 3.92,
            "eps_4q_growth_year": -24.54,
            "roe": 3.49,
            "roe_4q": 10.6,
            "gross_profit": 568835,
            "gross_margin": 29.42,
            "gross_margin_4q_avg": 30.38,
            "net_income": 100315,
            "net_income_4q": null,
            "revenue": 1933659,
            "revenue_4q": null,
            "common_shares": 844786,
            "book_valuer_per_share": 32.84,
            "book_valuer_per_share_4q_avg": 32.98,
            "equity": 2822272,
            "current_ratio": 197.24,
            "debt_ratio": 43.82,
            "inventory_turnover_ratio": 1.2,
            "account_receivable_turnover_ratio": 2,
            "reinvestment_rate": 31.25,
            "research_to_sale_ratio": 9.72,
            "price_fair": 184.98,
            "eps_avg_yearly": 5.29,
            "eps_latest_yearly": 5.04,
            "eps_growth_yearly": 63.47
        },
        "20193": {
            "year_quarter": 20193,
            "year": 2019,
            "quarter": 3,
            "eps": 0.85,
            "eps_growth_year": 6.25,
            "eps_4q": 3.97,
            "eps_4q_growth_year": -13.37,
            "roe": 2.13,
            "roe_4q": 10.809999999999999,
            "gross_profit": 515163,
            "gross_margin": 32.64,
            "gross_margin_4q_avg": 30.36,
            "net_income": 61176,
            "net_income_4q": null,
            "revenue": 1578512,
            "revenue_4q": null,
            "common_shares": 870339,
            "book_valuer_per_share": 33.08,
            "book_valuer_per_share_4q_avg": 33.24,
            "equity": 2915429,
            "current_ratio": 219.97,
            "debt_ratio": 39.75,
            "inventory_turnover_ratio": 1,
            "account_receivable_turnover_ratio": 1.57,
            "reinvestment_rate": 33.7,
            "research_to_sale_ratio": 12.28,
            "price_fair": 174.48,
            "eps_avg_yearly": 4.99,
            "eps_latest_yearly": 3.4,
            "eps_growth_yearly": 55.69
        },
        "20194": {
            "year_quarter": 20194,
            "year": 2019,
            "quarter": 4,
            "eps": 0.12,
            "eps_growth_year": -87.4,
            "eps_4q": 3.16,
            "eps_4q_growth_year": -19.04,
            "roe": 0.14,
            "roe_4q": 8.4,
            "gross_profit": 451591,
            "gross_margin": 33.47,
            "gross_margin_4q_avg": 31.24,
            "net_income": 4087,
            "net_income_4q": null,
            "revenue": 1349277,
            "revenue_4q": null,
            "common_shares": 870339,
            "book_valuer_per_share": 33.13,
            "book_valuer_per_share_4q_avg": 33.27,
            "equity": 2913563,
            "current_ratio": 237.66,
            "debt_ratio": 37.04,
            "inventory_turnover_ratio": 0.85,
            "account_receivable_turnover_ratio": 1.52,
            "reinvestment_rate": 36.83,
            "research_to_sale_ratio": 13.31,
            "price_fair": 166.51,
            "eps_avg_yearly": 4.76,
            "eps_latest_yearly": 0.48,
            "eps_growth_yearly": 46.66
        },
        "20201": {
            "year_quarter": 20201,
            "year": 2020,
            "quarter": 1,
            "eps": 1.02,
            "eps_growth_year": 0.99,
            "eps_4q": 3.19,
            "eps_4q_growth_year": -25.65,
            "roe": 2.68,
            "roe_4q": 8.440000000000001,
            "gross_profit": 529520,
            "gross_margin": 33.53,
            "gross_margin_4q_avg": 32.27,
            "net_income": 79205,
            "net_income_4q": null,
            "revenue": 1579240,
            "revenue_4q": null,
            "common_shares": 870339,
            "book_valuer_per_share": 34.28,
            "book_valuer_per_share_4q_avg": 33.33,
            "equity": 3004937,
            "current_ratio": 243.82,
            "debt_ratio": 36.45,
            "inventory_turnover_ratio": 0.84,
            "account_receivable_turnover_ratio": 2.05,
            "reinvestment_rate": 36.09,
            "research_to_sale_ratio": 11.88,
            "price_fair": 165.29,
            "eps_avg_yearly": 4.72,
            "eps_latest_yearly": 4.08,
            "eps_growth_yearly": 231.01
        },
        "20202": {
            "year_quarter": 20202,
            "year": 2020,
            "quarter": 2,
            "eps": 0.53,
            "eps_growth_year": -57.94,
            "eps_4q": 2.5,
            "eps_4q_growth_year": -36.17,
            "roe": 1.25,
            "roe_4q": 6.2,
            "gross_profit": 442006,
            "gross_margin": 31.52,
            "gross_margin_4q_avg": 32.79,
            "net_income": 36433,
            "net_income_4q": null,
            "revenue": 1402143,
            "revenue_4q": null,
            "common_shares": 870339,
            "book_valuer_per_share": 32.25,
            "book_valuer_per_share_4q_avg": 33.19,
            "equity": 2817297,
            "current_ratio": 223.74,
            "debt_ratio": 38.89,
            "inventory_turnover_ratio": 0.7,
            "account_receivable_turnover_ratio": 1.96,
            "reinvestment_rate": 37.77,
            "research_to_sale_ratio": 13.43,
            "price_fair": 151.81,
            "eps_avg_yearly": 4.34,
            "eps_latest_yearly": 2.12,
            "eps_growth_yearly": 199.38
        },
        "20203": {
            "year_quarter": 20203,
            "year": 2020,
            "quarter": 3,
            "eps": 0.76,
            "eps_growth_year": -10.59,
            "eps_4q": 2.42,
            "eps_4q_growth_year": -38.97,
            "roe": 2.2,
            "roe_4q": 6.2700000000000005,
            "gross_profit": 476021,
            "gross_margin": 35.88,
            "gross_margin_4q_avg": 33.6,
            "net_income": 62470,
            "net_income_4q": null,
            "revenue": 1326768,
            "revenue_4q": null,
            "common_shares": 869574,
            "book_valuer_per_share": 32.84,
            "book_valuer_per_share_4q_avg": 33.13,
            "equity": 2862664,
            "current_ratio": 249.51,
            "debt_ratio": 35.75,
            "inventory_turnover_ratio": 0.67,
            "account_receivable_turnover_ratio": 1.9,
            "reinvestment_rate": 37.39,
            "research_to_sale_ratio": 13.31,
            "price_fair": 146.48,
            "eps_avg_yearly": 4.19,
            "eps_latest_yearly": 3.04,
            "eps_growth_yearly": 218.69
        },
        "20204": {
            "year_quarter": 20204,
            "year": 2020,
            "quarter": 4,
            "eps": 0.58,
            "eps_growth_year": 384.7,
            "eps_4q": 2.88,
            "eps_4q_growth_year": -8.68,
            "roe": 1.51,
            "roe_4q": 7.640000000000001,
            "gross_profit": 420582,
            "gross_margin": 34.02,
            "gross_margin_4q_avg": 33.74,
            "net_income": 43399,
            "net_income_4q": null,
            "revenue": 1236282,
            "revenue_4q": null,
            "common_shares": 869574,
            "book_valuer_per_share": 33.35,
            "book_valuer_per_share_4q_avg": 33.18,
            "equity": 2899548,
            "current_ratio": 229.02,
            "debt_ratio": 38.92,
            "inventory_turnover_ratio": 0.72,
            "account_receivable_turnover_ratio": 1.71,
            "reinvestment_rate": 39.6,
            "research_to_sale_ratio": 14.36,
            "price_fair": 134.14,
            "eps_avg_yearly": 3.83,
            "eps_latest_yearly": 2.32,
            "eps_growth_yearly": 201.45
        },
        "20211": {
            "year_quarter": 20211,
            "year": 2021,
            "quarter": 1,
            "eps": 0.6,
            "eps_growth_year": -41.18,
            "eps_4q": 2.47,
            "eps_4q_growth_year": -22.6,
            "roe": 1.61,
            "roe_4q": 6.57,
            "gross_profit": 457131,
            "gross_margin": 35.68,
            "gross_margin_4q_avg": 34.28,
            "net_income": 47089,
            "net_income_4q": null,
            "revenue": 1281272,
            "revenue_4q": null,
            "common_shares": 869574,
            "book_valuer_per_share": 33.94,
            "book_valuer_per_share_4q_avg": 33.1,
            "equity": 2945280,
            "current_ratio": 217.45,
            "debt_ratio": 38.99,
            "inventory_turnover_ratio": 0.71,
            "account_receivable_turnover_ratio": 1.76,
            "reinvestment_rate": 53.73,
            "research_to_sale_ratio": 13.53,
            "price_fair": 134.58,
            "eps_avg_yearly": 3.85,
            "eps_latest_yearly": 2.4,
            "eps_growth_yearly": 220.4
        },
        "20212": {
            "year_quarter": 20212,
            "year": 2021,
            "quarter": 2,
            "eps": 1,
            "eps_growth_year": 88.68,
            "eps_4q": 2.94,
            "eps_4q_growth_year": 17.39,
            "roe": 3.39,
            "roe_4q": 8.71,
            "gross_profit": 433585,
            "gross_margin": 28.43,
            "gross_margin_4q_avg": 33.5,
            "net_income": 98868,
            "net_income_4q": null,
            "revenue": 1525000,
            "revenue_4q": null,
            "common_shares": 869574,
            "book_valuer_per_share": 32.85,
            "book_valuer_per_share_4q_avg": 33.25,
            "equity": 2893973,
            "current_ratio": 197.84,
            "debt_ratio": 43.69,
            "inventory_turnover_ratio": 0.82,
            "account_receivable_turnover_ratio": 2.19,
            "reinvestment_rate": 55.44,
            "research_to_sale_ratio": 12.09,
            "price_fair": 129.5,
            "eps_avg_yearly": 3.7,
            "eps_latest_yearly": 4,
            "eps_growth_yearly": 190.25
        },
        "20213": {
            "year_quarter": 20213,
            "year": 2021,
            "quarter": 3,
            "eps": -0.25,
            "eps_growth_year": -132.89,
            "eps_4q": 1.93,
            "eps_4q_growth_year": -20.48,
            "roe": -0.63,
            "roe_4q": 5.88,
            "gross_profit": 338192,
            "gross_margin": 27.42,
            "gross_margin_4q_avg": 31.39,
            "net_income": -18190,
            "net_income_4q": null,
            "revenue": 1233511,
            "revenue_4q": null,
            "common_shares": 869574,
            "book_valuer_per_share": 32.59,
            "book_valuer_per_share_4q_avg": 33.18,
            "equity": 2875078,
            "current_ratio": 211.14,
            "debt_ratio": 40.98,
            "inventory_turnover_ratio": 0.57,
            "account_receivable_turnover_ratio": 1.89,
            "reinvestment_rate": 44.54,
            "research_to_sale_ratio": 11.94,
            "price_fair": 124.51,
            "eps_avg_yearly": 3.56,
            "eps_latest_yearly": 4,
            "eps_growth_yearly": 204.96
        },
        "20214": {
            "year_quarter": 20214,
            "year": 2021,
            "quarter": 4,
            "eps": 0.83,
            "eps_growth_year": 41.45,
            "eps_4q": 2.17,
            "eps_4q_growth_year": -24.65,
            "roe": 2.67,
            "roe_4q": 7.04,
            "gross_profit": 382795,
            "gross_margin": 27.11,
            "gross_margin_4q_avg": 29.66,
            "net_income": 77692,
            "net_income_4q": null,
            "revenue": 1411822,
            "revenue_4q": null,
            "common_shares": 865679,
            "book_valuer_per_share": 33.55,
            "book_valuer_per_share_4q_avg": 33.23,
            "equity": 2953718,
            "current_ratio": 191.2,
            "debt_ratio": 44.74,
            "inventory_turnover_ratio": 0.53,
            "account_receivable_turnover_ratio": 2.23,
            "reinvestment_rate": 47.71,
            "research_to_sale_ratio": 9.96,
            "price_fair": 116.7,
            "eps_avg_yearly": 3.33,
            "eps_latest_yearly": 4,
            "eps_growth_yearly": 215.49
        },
        "20221": {
            "year_quarter": 20221,
            "year": 2022,
            "quarter": 1,
            "eps": 1.17,
            "eps_growth_year": 95,
            "eps_4q": 2.74,
            "eps_4q_growth_year": 10.78,
            "roe": 3.51,
            "roe_4q": 8.94,
            "gross_profit": 496953,
            "gross_margin": 26.58,
            "gross_margin_4q_avg": 27.39,
            "net_income": 105654,
            "net_income_4q": null,
            "revenue": 1869777,
            "revenue_4q": null,
            "common_shares": 865679,
            "book_valuer_per_share": 34.87,
            "book_valuer_per_share_4q_avg": 33.47,
            "equity": 3072272,
            "current_ratio": 198.82,
            "debt_ratio": 43.73,
            "inventory_turnover_ratio": 0.61,
            "account_receivable_turnover_ratio": 2.37,
            "reinvestment_rate": 45.85,
            "research_to_sale_ratio": 8.1,
            "price_fair": 122,
            "eps_avg_yearly": 3.49,
            "eps_latest_yearly": 4.68,
            "eps_growth_yearly": 244.82
        },
        "20222": {
            "year_quarter": 20222,
            "year": 2022,
            "quarter": 2,
            "eps": 1.57,
            "eps_growth_year": 57,
            "eps_4q": 3.31,
            "eps_4q_growth_year": 12.84,
            "roe": 4.68,
            "roe_4q": 10.229999999999999,
            "gross_profit": 577223,
            "gross_margin": 27.29,
            "gross_margin_4q_avg": 27.1,
            "net_income": 144235,
            "net_income_4q": null,
            "revenue": 2114773,
            "revenue_4q": null,
            "common_shares": 865679,
            "book_valuer_per_share": 35.2,
            "book_valuer_per_share_4q_avg": 34.05,
            "equity": 3097972,
            "current_ratio": 186.7,
            "debt_ratio": 46.76,
            "inventory_turnover_ratio": 0.63,
            "account_receivable_turnover_ratio": 2.17,
            "reinvestment_rate": 45.97,
            "research_to_sale_ratio": 7.93,
            "price_fair": 122.3,
            "eps_avg_yearly": 3.49,
            "eps_latest_yearly": 6.28,
            "eps_growth_yearly": 214.41
        },
        "20223": {
            "year_quarter": 20223,
            "year": 2022,
            "quarter": 3,
            "eps": 2.56,
            "eps_growth_year": null,
            "eps_4q": 6.13,
            "eps_4q_growth_year": 218.24,
            "roe": 7.09,
            "roe_4q": 17.95,
            "gross_profit": 703969,
            "gross_margin": 27.42,
            "gross_margin_4q_avg": 27.1,
            "net_income": 228698,
            "net_income_4q": null,
            "revenue": 2567302,
            "revenue_4q": null,
            "common_shares": 865679,
            "book_valuer_per_share": 38.09,
            "book_valuer_per_share_4q_avg": 35.43,
            "equity": 3355662,
            "current_ratio": 198.95,
            "debt_ratio": 44.6,
            "inventory_turnover_ratio": 0.75,
            "account_receivable_turnover_ratio": 2.17,
            "reinvestment_rate": 39.31,
            "research_to_sale_ratio": 7.25,
            "price_fair": 139.9,
            "eps_avg_yearly": 4,
            "eps_latest_yearly": 10.24,
            "eps_growth_yearly": 246.15
        },
        "20224": {
            "year_quarter": 20224,
            "year": 2022,
            "quarter": 4,
            "eps": 2.81,
            "eps_growth_year": 240.24,
            "eps_4q": 8.11,
            "eps_4q_growth_year": 273.23,
            "roe": 7.29,
            "roe_4q": 22.57,
            "gross_profit": 809625,
            "gross_margin": 23.84,
            "gross_margin_4q_avg": 26.28,
            "net_income": 253603,
            "net_income_4q": null,
            "revenue": 3396285,
            "revenue_4q": null,
            "common_shares": 865679,
            "book_valuer_per_share": 40.77,
            "book_valuer_per_share_4q_avg": 37.23,
            "equity": 3597664,
            "current_ratio": 178.92,
            "debt_ratio": 49.15,
            "inventory_turnover_ratio": 1.01,
            "account_receivable_turnover_ratio": 2.14,
            "reinvestment_rate": 14.03,
            "research_to_sale_ratio": 6.37,
            "price_fair": 158.4,
            "eps_avg_yearly": 4.53,
            "eps_latest_yearly": 11.24,
            "eps_growth_yearly": 243.23
        },
        "20231": {
            "year_quarter": 20231,
            "year": 2023,
            "quarter": 1,
            "eps": 1.52,
            "eps_growth_year": 29.91,
            "eps_4q": 8.47,
            "eps_4q_growth_year": 209.39,
            "roe": 3.74,
            "roe_4q": 22.8,
            "gross_profit": 530160,
            "gross_margin": 21.85,
            "gross_margin_4q_avg": 25.1,
            "net_income": 137212,
            "net_income_4q": null,
            "revenue": 2425834,
            "revenue_4q": null,
            "common_shares": 865679,
            "book_valuer_per_share": 42.24,
            "book_valuer_per_share_4q_avg": 39.08,
            "equity": 3730713,
            "current_ratio": 237.41,
            "debt_ratio": 37.51,
            "inventory_turnover_ratio": 0.73,
            "account_receivable_turnover_ratio": 1.61,
            "reinvestment_rate": 13.31,
            "research_to_sale_ratio": 7.13,
            "price_fair": 163.5,
            "eps_avg_yearly": 4.67,
            "eps_latest_yearly": 6.08,
            "eps_growth_yearly": 228.62
        },
        "20232": {
            "year_quarter": 20232,
            "year": 2023,
            "quarter": 2,
            "eps": 1.48,
            "eps_growth_year": -5.73,
            "eps_4q": 8.37,
            "eps_4q_growth_year": 152.62,
            "roe": 3.63,
            "roe_4q": 21.75,
            "gross_profit": 589788,
            "gross_margin": 23.03,
            "gross_margin_4q_avg": 24.04,
            "net_income": 128747,
            "net_income_4q": null,
            "revenue": 2560978,
            "revenue_4q": null,
            "common_shares": 865679,
            "book_valuer_per_share": 38.33,
            "book_valuer_per_share_4q_avg": 39.86,
            "equity": 3371807,
            "current_ratio": 183.4,
            "debt_ratio": 47.42,
            "inventory_turnover_ratio": 0.85,
            "account_receivable_turnover_ratio": 2.16,
            "reinvestment_rate": 12.75,
            "research_to_sale_ratio": 7.32,
            "price_fair": 165.7,
            "eps_avg_yearly": 4.73,
            "eps_latest_yearly": 5.92,
            "eps_growth_yearly": 220.8
        },
        "20233": {
            "year_quarter": 20233,
            "year": 2023,
            "quarter": 3,
            "eps": 1.68,
            "eps_growth_year": -34.38,
            "eps_4q": 7.49,
            "eps_4q_growth_year": 22.27,
            "roe": 4.48,
            "roe_4q": 19.14,
            "gross_profit": 650743,
            "gross_margin": 28.1,
            "gross_margin_4q_avg": 24.21,
            "net_income": 154976,
            "net_income_4q": null,
            "revenue": 2315677,
            "revenue_4q": null,
            "common_shares": 865679,
            "book_valuer_per_share": 40.21,
            "book_valuer_per_share_4q_avg": 40.39,
            "equity": 3543720,
            "current_ratio": 194.65,
            "debt_ratio": 43.24,
            "inventory_turnover_ratio": 0.88,
            "account_receivable_turnover_ratio": 1.98,
            "reinvestment_rate": 11.42,
            "research_to_sale_ratio": 7.96,
            "price_fair": 174,
            "eps_avg_yearly": 4.97,
            "eps_latest_yearly": 6.72,
            "eps_growth_yearly": 233.96
        }
    },
    "months": {
        "2005-03": {
            "month": "2005-03",
            "price": "53.79",
            "revenue": 52671
        },
        "2005-04": {
            "month": "2005-04",
            "price": "60.00",
            "revenue": 74614
        },
        "2005-05": {
            "month": "2005-05",
            "price": "59.25",
            "revenue": 104540
        },
        "2005-06": {
            "month": "2005-06",
            "price": "68.92",
            "revenue": 82929
        },
        "2005-07": {
            "month": "2005-07",
            "price": "84.28",
            "revenue": 65637
        },
        "2005-08": {
            "month": "2005-08",
            "price": "91.06",
            "revenue": 94028
        },
        "2005-09": {
            "month": "2005-09",
            "price": "83.49",
            "revenue": 92928
        },
        "2005-10": {
            "month": "2005-10",
            "price": "86.11",
            "revenue": 96382
        },
        "2005-11": {
            "month": "2005-11",
            "price": "87.82",
            "revenue": 91875
        },
        "2005-12": {
            "month": "2005-12",
            "price": "92.65",
            "revenue": 66242
        },
        "2006-01": {
            "month": "2006-01",
            "price": "113.50",
            "revenue": 69536
        },
        "2006-02": {
            "month": "2006-02",
            "price": "114.64",
            "revenue": 51435
        },
        "2006-03": {
            "month": "2006-03",
            "price": "131.45",
            "revenue": 98426
        },
        "2006-04": {
            "month": "2006-04",
            "price": "137.96",
            "revenue": 83187
        },
        "2006-05": {
            "month": "2006-05",
            "price": "137.93",
            "revenue": 98744
        },
        "2006-06": {
            "month": "2006-06",
            "price": "109.56",
            "revenue": 106741
        },
        "2006-07": {
            "month": "2006-07",
            "price": "70.30",
            "revenue": 111051
        },
        "2006-08": {
            "month": "2006-08",
            "price": "87.86",
            "revenue": 106279
        },
        "2006-09": {
            "month": "2006-09",
            "price": "89.96",
            "revenue": 100734
        },
        "2006-10": {
            "month": "2006-10",
            "price": "77.73",
            "revenue": 88128
        },
        "2006-11": {
            "month": "2006-11",
            "price": "71.85",
            "revenue": 93249
        },
        "2006-12": {
            "month": "2006-12",
            "price": "79.51",
            "revenue": 82276
        },
        "2007-01": {
            "month": "2007-01",
            "price": "82.54",
            "revenue": 90363
        },
        "2007-02": {
            "month": "2007-02",
            "price": "97.32",
            "revenue": 69180
        },
        "2007-03": {
            "month": "2007-03",
            "price": "136.26",
            "revenue": 101829
        },
        "2007-04": {
            "month": "2007-04",
            "price": "133.78",
            "revenue": 108404
        },
        "2007-05": {
            "month": "2007-05",
            "price": "138.14",
            "revenue": 120111
        },
        "2007-06": {
            "month": "2007-06",
            "price": "161.22",
            "revenue": 100057
        },
        "2007-07": {
            "month": "2007-07",
            "price": "169.43",
            "revenue": 122844
        },
        "2007-08": {
            "month": "2007-08",
            "price": "166.70",
            "revenue": 101808
        },
        "2007-09": {
            "month": "2007-09",
            "price": "129.58",
            "revenue": 123256
        },
        "2007-10": {
            "month": "2007-10",
            "price": "112.91",
            "revenue": 80698
        },
        "2007-11": {
            "month": "2007-11",
            "price": "79.51",
            "revenue": 86759
        },
        "2007-12": {
            "month": "2007-12",
            "price": "77.18",
            "revenue": 99067
        },
        "2008-01": {
            "month": "2008-01",
            "price": "69.80",
            "revenue": 116050
        },
        "2008-02": {
            "month": "2008-02",
            "price": "55.11",
            "revenue": 73725
        },
        "2008-03": {
            "month": "2008-03",
            "price": "59.97",
            "revenue": 107990
        },
        "2008-04": {
            "month": "2008-04",
            "price": "66.43",
            "revenue": 98573
        },
        "2008-05": {
            "month": "2008-05",
            "price": "62.86",
            "revenue": 108577
        },
        "2008-06": {
            "month": "2008-06",
            "price": "48.68",
            "revenue": 107840
        },
        "2008-07": {
            "month": "2008-07",
            "price": "43.84",
            "revenue": 112172
        },
        "2008-08": {
            "month": "2008-08",
            "price": "42.31",
            "revenue": 109992
        },
        "2008-09": {
            "month": "2008-09",
            "price": "29.35",
            "revenue": 114773
        },
        "2008-10": {
            "month": "2008-10",
            "price": "26.45",
            "revenue": 90482
        },
        "2008-11": {
            "month": "2008-11",
            "price": "22.77",
            "revenue": 74421
        },
        "2008-12": {
            "month": "2008-12",
            "price": "20.19",
            "revenue": 76963
        },
        "2009-01": {
            "month": "2009-01",
            "price": "20.76",
            "revenue": 73465
        },
        "2009-02": {
            "month": "2009-02",
            "price": "25.15",
            "revenue": 81403
        },
        "2009-03": {
            "month": "2009-03",
            "price": "27.65",
            "revenue": 80474
        },
        "2009-04": {
            "month": "2009-04",
            "price": "30.56",
            "revenue": 79284
        },
        "2009-05": {
            "month": "2009-05",
            "price": "32.00",
            "revenue": 76145
        },
        "2009-06": {
            "month": "2009-06",
            "price": "28.55",
            "revenue": 74978
        },
        "2009-07": {
            "month": "2009-07",
            "price": "31.48",
            "revenue": 88385
        },
        "2009-08": {
            "month": "2009-08",
            "price": "28.80",
            "revenue": 87571
        },
        "2009-09": {
            "month": "2009-09",
            "price": "30.01",
            "revenue": 108514
        },
        "2009-10": {
            "month": "2009-10",
            "price": "33.31",
            "revenue": 100492
        },
        "2009-11": {
            "month": "2009-11",
            "price": "38.49",
            "revenue": 113147
        },
        "2009-12": {
            "month": "2009-12",
            "price": "42.21",
            "revenue": 131049
        },
        "2010-01": {
            "month": "2010-01",
            "price": "41.42",
            "revenue": 103006
        },
        "2010-02": {
            "month": "2010-02",
            "price": "35.72",
            "revenue": 100919
        },
        "2010-03": {
            "month": "2010-03",
            "price": "38.98",
            "revenue": 139588
        },
        "2010-04": {
            "month": "2010-04",
            "price": "48.61",
            "revenue": 144131
        },
        "2010-05": {
            "month": "2010-05",
            "price": "53.66",
            "revenue": 144634
        },
        "2010-06": {
            "month": "2010-06",
            "price": "53.57",
            "revenue": 149375
        },
        "2010-07": {
            "month": "2010-07",
            "price": "50.20",
            "revenue": 150387
        },
        "2010-08": {
            "month": "2010-08",
            "price": "48.45",
            "revenue": 140780
        },
        "2010-09": {
            "month": "2010-09",
            "price": "48.25",
            "revenue": 154177
        },
        "2010-10": {
            "month": "2010-10",
            "price": "57.32",
            "revenue": 144733
        },
        "2010-11": {
            "month": "2010-11",
            "price": "57.04",
            "revenue": 150060
        },
        "2010-12": {
            "month": "2010-12",
            "price": "60.70",
            "revenue": 156868
        },
        "2011-01": {
            "month": "2011-01",
            "price": "70.96",
            "revenue": 153191
        },
        "2011-02": {
            "month": "2011-02",
            "price": "67.48",
            "revenue": 131178
        },
        "2011-03": {
            "month": "2011-03",
            "price": "64.23",
            "revenue": 189092
        },
        "2011-04": {
            "month": "2011-04",
            "price": "71.84",
            "revenue": 231509
        },
        "2011-05": {
            "month": "2011-05",
            "price": "79.72",
            "revenue": 258517
        },
        "2011-06": {
            "month": "2011-06",
            "price": "84.60",
            "revenue": 268254
        },
        "2011-07": {
            "month": "2011-07",
            "price": "81.95",
            "revenue": 263961
        },
        "2011-08": {
            "month": "2011-08",
            "price": "71.19",
            "revenue": 251780
        },
        "2011-09": {
            "month": "2011-09",
            "price": "60.25",
            "revenue": 248764
        },
        "2011-10": {
            "month": "2011-10",
            "price": "60.00",
            "revenue": 236816
        },
        "2011-11": {
            "month": "2011-11",
            "price": "72.00",
            "revenue": 222311
        },
        "2011-12": {
            "month": "2011-12",
            "price": "70.27",
            "revenue": 260629
        },
        "2012-01": {
            "month": "2012-01",
            "price": "81.51",
            "revenue": 193327
        },
        "2012-02": {
            "month": "2012-02",
            "price": "95.43",
            "revenue": 211367
        },
        "2012-03": {
            "month": "2012-03",
            "price": "110.54",
            "revenue": 226198
        },
        "2012-04": {
            "month": "2012-04",
            "price": "105.55",
            "revenue": 230031
        },
        "2012-05": {
            "month": "2012-05",
            "price": "95.85",
            "revenue": 203287
        },
        "2012-06": {
            "month": "2012-06",
            "price": "80.64",
            "revenue": 296610
        },
        "2012-07": {
            "month": "2012-07",
            "price": "86.55",
            "revenue": 336925
        },
        "2012-08": {
            "month": "2012-08",
            "price": "93.08",
            "revenue": 373393
        },
        "2012-09": {
            "month": "2012-09",
            "price": "97.40",
            "revenue": 300093
        },
        "2012-10": {
            "month": "2012-10",
            "price": "93.51",
            "revenue": 306798
        },
        "2012-11": {
            "month": "2012-11",
            "price": "95.27",
            "revenue": 244523
        },
        "2012-12": {
            "month": "2012-12",
            "price": "91.30",
            "revenue": 239353
        },
        "2013-01": {
            "month": "2013-01",
            "price": "94.00",
            "revenue": 304960
        },
        "2013-02": {
            "month": "2013-02",
            "price": "107.85",
            "revenue": 312019
        },
        "2013-03": {
            "month": "2013-03",
            "price": "114.98",
            "revenue": 386724
        },
        "2013-04": {
            "month": "2013-04",
            "price": "127.20",
            "revenue": 348122
        },
        "2013-05": {
            "month": "2013-05",
            "price": "126.82",
            "revenue": 382802
        },
        "2013-06": {
            "month": "2013-06",
            "price": "122.34",
            "revenue": 341815
        },
        "2013-07": {
            "month": "2013-07",
            "price": "138.93",
            "revenue": 344715
        },
        "2013-08": {
            "month": "2013-08",
            "price": "150.29",
            "revenue": 392913
        },
        "2013-09": {
            "month": "2013-09",
            "price": "150.28",
            "revenue": 326992
        },
        "2013-10": {
            "month": "2013-10",
            "price": "159.07",
            "revenue": 353248
        },
        "2013-11": {
            "month": "2013-11",
            "price": "176.95",
            "revenue": 333253
        },
        "2013-12": {
            "month": "2013-12",
            "price": "190.68",
            "revenue": 285353
        },
        "2014-01": {
            "month": "2014-01",
            "price": "177.61",
            "revenue": 286079
        },
        "2014-02": {
            "month": "2014-02",
            "price": "182.35",
            "revenue": 282363
        },
        "2014-03": {
            "month": "2014-03",
            "price": "190.40",
            "revenue": 294145
        },
        "2014-04": {
            "month": "2014-04",
            "price": "159.02",
            "revenue": 348948
        },
        "2014-05": {
            "month": "2014-05",
            "price": "147.19",
            "revenue": 354821
        },
        "2014-06": {
            "month": "2014-06",
            "price": "143.65",
            "revenue": 359511
        },
        "2014-07": {
            "month": "2014-07",
            "price": "120.89",
            "revenue": 345738
        },
        "2014-08": {
            "month": "2014-08",
            "price": "99.32",
            "revenue": 292508
        },
        "2014-09": {
            "month": "2014-09",
            "price": "90.82",
            "revenue": 341890
        },
        "2014-10": {
            "month": "2014-10",
            "price": "93.73",
            "revenue": 293272
        },
        "2014-11": {
            "month": "2014-11",
            "price": "100.73",
            "revenue": 237248
        },
        "2014-12": {
            "month": "2014-12",
            "price": "101.76",
            "revenue": 245604
        },
        "2015-01": {
            "month": "2015-01",
            "price": "99.78",
            "revenue": 284522
        },
        "2015-02": {
            "month": "2015-02",
            "price": "97.42",
            "revenue": 261729
        },
        "2015-03": {
            "month": "2015-03",
            "price": "99.00",
            "revenue": 355019
        },
        "2015-04": {
            "month": "2015-04",
            "price": "91.38",
            "revenue": 330059
        },
        "2015-05": {
            "month": "2015-05",
            "price": "82.52",
            "revenue": 370147
        },
        "2015-06": {
            "month": "2015-06",
            "price": "74.86",
            "revenue": 440730
        },
        "2015-07": {
            "month": "2015-07",
            "price": "79.01",
            "revenue": 354637
        },
        "2015-08": {
            "month": "2015-08",
            "price": "84.10",
            "revenue": 350862
        },
        "2015-09": {
            "month": "2015-09",
            "price": "85.06",
            "revenue": 358646
        },
        "2015-10": {
            "month": "2015-10",
            "price": "84.48",
            "revenue": 332226
        },
        "2015-11": {
            "month": "2015-11",
            "price": "77.50",
            "revenue": 304985
        },
        "2015-12": {
            "month": "2015-12",
            "price": "73.53",
            "revenue": 395190
        },
        "2016-01": {
            "month": "2016-01",
            "price": "79.50",
            "revenue": 347376
        },
        "2016-02": {
            "month": "2016-02",
            "price": "82.94",
            "revenue": 303279
        },
        "2016-03": {
            "month": "2016-03",
            "price": "86.11",
            "revenue": 416872
        },
        "2016-04": {
            "month": "2016-04",
            "price": "81.01",
            "revenue": 424860
        },
        "2016-05": {
            "month": "2016-05",
            "price": "75.02",
            "revenue": 443644
        },
        "2016-06": {
            "month": "2016-06",
            "price": "79.78",
            "revenue": 480384
        },
        "2016-07": {
            "month": "2016-07",
            "price": "88.65",
            "revenue": 404909
        },
        "2016-08": {
            "month": "2016-08",
            "price": "89.10",
            "revenue": 392996
        },
        "2016-09": {
            "month": "2016-09",
            "price": "84.23",
            "revenue": 380011
        },
        "2016-10": {
            "month": "2016-10",
            "price": "79.84",
            "revenue": 405654
        },
        "2016-11": {
            "month": "2016-11",
            "price": "78.39",
            "revenue": 353673
        },
        "2016-12": {
            "month": "2016-12",
            "price": "80.28",
            "revenue": 446570
        },
        "2017-01": {
            "month": "2017-01",
            "price": "82.11",
            "revenue": 353061
        },
        "2017-02": {
            "month": "2017-02",
            "price": "83.10",
            "revenue": 387990
        },
        "2017-03": {
            "month": "2017-03",
            "price": "87.02",
            "revenue": 519506
        },
        "2017-04": {
            "month": "2017-04",
            "price": "90.67",
            "revenue": 466398
        },
        "2017-05": {
            "month": "2017-05",
            "price": "80.06",
            "revenue": 539111
        },
        "2017-06": {
            "month": "2017-06",
            "price": "83.19",
            "revenue": 570273
        },
        "2017-07": {
            "month": "2017-07",
            "price": "84.26",
            "revenue": 453240
        },
        "2017-08": {
            "month": "2017-08",
            "price": "93.40",
            "revenue": 460770
        },
        "2017-09": {
            "month": "2017-09",
            "price": "96.31",
            "revenue": 499226
        },
        "2017-10": {
            "month": "2017-10",
            "price": "110.24",
            "revenue": 546233
        },
        "2017-11": {
            "month": "2017-11",
            "price": "99.42",
            "revenue": 544327
        },
        "2017-12": {
            "month": "2017-12",
            "price": "97.67",
            "revenue": 536456
        },
        "2018-01": {
            "month": "2018-01",
            "price": "94.83",
            "revenue": 358670
        },
        "2018-02": {
            "month": "2018-02",
            "price": "87.66",
            "revenue": 310410
        },
        "2018-03": {
            "month": "2018-03",
            "price": "86.11",
            "revenue": 434530
        },
        "2018-04": {
            "month": "2018-04",
            "price": "84.35",
            "revenue": 410982
        },
        "2018-05": {
            "month": "2018-05",
            "price": "81.51",
            "revenue": 461246
        },
        "2018-06": {
            "month": "2018-06",
            "price": "82.66",
            "revenue": 507335
        },
        "2018-07": {
            "month": "2018-07",
            "price": "78.40",
            "revenue": 370587
        },
        "2018-08": {
            "month": "2018-08",
            "price": "76.30",
            "revenue": 455081
        },
        "2018-09": {
            "month": "2018-09",
            "price": "86.85",
            "revenue": 469916
        },
        "2018-10": {
            "month": "2018-10",
            "price": "88.88",
            "revenue": 464581
        },
        "2018-11": {
            "month": "2018-11",
            "price": "96.32",
            "revenue": 502262
        },
        "2018-12": {
            "month": "2018-12",
            "price": "95.68",
            "revenue": 490366
        },
        "2019-01": {
            "month": "2019-01",
            "price": "98.88",
            "revenue": 642025
        },
        "2019-02": {
            "month": "2019-02",
            "price": "121.73",
            "revenue": 438596
        },
        "2019-03": {
            "month": "2019-03",
            "price": "119.62",
            "revenue": 631548
        },
        "2019-04": {
            "month": "2019-04",
            "price": "117.18",
            "revenue": 666205
        },
        "2019-05": {
            "month": "2019-05",
            "price": "119.52",
            "revenue": 658289
        },
        "2019-06": {
            "month": "2019-06",
            "price": "124.84",
            "revenue": 609165
        },
        "2019-07": {
            "month": "2019-07",
            "price": "120.50",
            "revenue": 508001
        },
        "2019-08": {
            "month": "2019-08",
            "price": "104.93",
            "revenue": 574277
        },
        "2019-09": {
            "month": "2019-09",
            "price": "103.71",
            "revenue": 496234
        },
        "2019-10": {
            "month": "2019-10",
            "price": "100.43",
            "revenue": 492268
        },
        "2019-11": {
            "month": "2019-11",
            "price": "94.04",
            "revenue": 425348
        },
        "2019-12": {
            "month": "2019-12",
            "price": "91.34",
            "revenue": 431661
        },
        "2020-01": {
            "month": "2020-01",
            "price": "88.77",
            "revenue": 492617
        },
        "2020-02": {
            "month": "2020-02",
            "price": "86.87",
            "revenue": 497374
        },
        "2020-03": {
            "month": "2020-03",
            "price": "72.00",
            "revenue": 589249
        },
        "2020-04": {
            "month": "2020-04",
            "price": "68.32",
            "revenue": 463537
        },
        "2020-05": {
            "month": "2020-05",
            "price": "70.60",
            "revenue": 464504
        },
        "2020-06": {
            "month": "2020-06",
            "price": "73.72",
            "revenue": 474102
        },
        "2020-07": {
            "month": "2020-07",
            "price": "74.03",
            "revenue": 496656
        },
        "2020-08": {
            "month": "2020-08",
            "price": "73.83",
            "revenue": 452490
        },
        "2020-09": {
            "month": "2020-09",
            "price": "75.90",
            "revenue": 377622
        },
        "2020-10": {
            "month": "2020-10",
            "price": "74.72",
            "revenue": 399561
        },
        "2020-11": {
            "month": "2020-11",
            "price": "75.30",
            "revenue": 374020
        },
        "2020-12": {
            "month": "2020-12",
            "price": "82.26",
            "revenue": 462701
        },
        "2021-01": {
            "month": "2021-01",
            "price": "89.37",
            "revenue": 412355
        },
        "2021-02": {
            "month": "2021-02",
            "price": "85.12",
            "revenue": 394095
        },
        "2021-03": {
            "month": "2021-03",
            "price": "85.52",
            "revenue": 474822
        },
        "2021-04": {
            "month": "2021-04",
            "price": "85.63",
            "revenue": 468894
        },
        "2021-05": {
            "month": "2021-05",
            "price": "76.41",
            "revenue": 521196
        },
        "2021-06": {
            "month": "2021-06",
            "price": "79.79",
            "revenue": 534910
        },
        "2021-07": {
            "month": "2021-07",
            "price": "80.69",
            "revenue": 409710
        },
        "2021-08": {
            "month": "2021-08",
            "price": "77.47",
            "revenue": 416567
        },
        "2021-09": {
            "month": "2021-09",
            "price": "76.94",
            "revenue": 407234
        },
        "2021-10": {
            "month": "2021-10",
            "price": "76.00",
            "revenue": 384674
        },
        "2021-11": {
            "month": "2021-11",
            "price": "71.79",
            "revenue": 446925
        },
        "2021-12": {
            "month": "2021-12",
            "price": "72.00",
            "revenue": 580222
        },
        "2022-01": {
            "month": "2022-01",
            "price": "75.61",
            "revenue": 533987
        },
        "2022-02": {
            "month": "2022-02",
            "price": "74.98",
            "revenue": 623276
        },
        "2022-03": {
            "month": "2022-03",
            "price": "75.36",
            "revenue": 712514
        },
        "2022-04": {
            "month": "2022-04",
            "price": "78.53",
            "revenue": 710899
        },
        "2022-05": {
            "month": "2022-05",
            "price": "80.03",
            "revenue": 631061
        },
        "2022-06": {
            "month": "2022-06",
            "price": "78.04",
            "revenue": 772813
        },
        "2022-07": {
            "month": "2022-07",
            "price": "77.90",
            "revenue": 850076
        },
        "2022-08": {
            "month": "2022-08",
            "price": "96.67",
            "revenue": 921507
        },
        "2022-09": {
            "month": "2022-09",
            "price": "132.25",
            "revenue": 795719
        },
        "2022-10": {
            "month": "2022-10",
            "price": "129.95",
            "revenue": 1130642
        },
        "2022-11": {
            "month": "2022-11",
            "price": "175.16",
            "revenue": 1154882
        },
        "2022-12": {
            "month": "2022-12",
            "price": "210.16",
            "revenue": 1110762
        },
        "2023-01": {
            "month": "2023-01",
            "price": "202.62",
            "revenue": 850295
        },
        "2023-02": {
            "month": "2023-02",
            "price": "231.53",
            "revenue": 867120
        },
        "2023-03": {
            "month": "2023-03",
            "price": "267.20",
            "revenue": 708420
        },
        "2023-04": {
            "month": "2023-04",
            "price": "235.88",
            "revenue": 869460
        },
        "2023-05": {
            "month": "2023-05",
            "price": "190.48",
            "revenue": 871190
        },
        "2023-06": {
            "month": "2023-06",
            "price": "192.62",
            "revenue": 820327
        },
        "2023-07": {
            "month": "2023-07",
            "price": "196.05",
            "revenue": 1024364
        },
        "2023-08": {
            "month": "2023-08",
            "price": "171.41",
            "revenue": 721985
        },
        "2023-09": {
            "month": "2023-09",
            "price": "160.72",
            "revenue": 569328
        },
        "2023-10": {
            "month": "2023-10",
            "price": "140.35",
            "revenue": 653722
        },
        "2023-11": {
            "month": "2023-11",
            "price": "150.39",
            "revenue": 512684
        },
        "2023-12": {
            "month": "2023-12",
            "price": "159.86",
            "revenue": 693528
        }
    }
}
