{
    "summary": {
        "stock_name": "由田",
        "stock_id": "3455",
        "category": "光電",
        "main_business": "檢測系統及設備",
        "website_url": "http://www.utechzone.com.tw",
        "ceo": "張文杰",
        "pe_ratio": 16,
        "report_year_from": 2004,
        "report_year_to": 2023,
        "age": 20,
        "eps_negative_percentage": 16,
        "eps_growth_avg": {
            "last_all": -4.7,
            "last_2y": 31.76,
            "last_4y": 17.72,
            "last_8y": 24.09,
            "last_12y": 4.65,
            "last_16y": -12.18,
            "last_20y": null,
            "at_2006_last_3y": null,
            "at_2007_last_3y": null,
            "at_2008_last_3y": null,
            "at_2009_last_3y": -30.42,
            "at_2010_last_3y": -73.89,
            "at_2011_last_3y": -73.05,
            "at_2012_last_3y": -88.54,
            "at_2013_last_3y": -82.81,
            "at_2014_last_3y": -82.81,
            "at_2015_last_3y": -23.12,
            "at_2016_last_3y": 43.06,
            "at_2017_last_3y": 18.01,
            "at_2018_last_3y": 32.05,
            "at_2019_last_3y": 25.39,
            "at_2020_last_3y": 8.85,
            "at_2021_last_3y": 38.4,
            "at_2022_last_3y": 36.69,
            "at_2023_last_3y": 15.36,
            "at_2024_last_3y": 15.36,
            "at_2006_last_all": null,
            "at_2007_last_all": 15.92,
            "at_2008_last_all": -7.23,
            "at_2009_last_all": -30.42,
            "at_2010_last_all": -30.42,
            "at_2011_last_all": -37.46,
            "at_2012_last_all": -47.88,
            "at_2013_last_all": -47.88,
            "at_2014_last_all": -47.88,
            "at_2015_last_all": -33.36,
            "at_2016_last_all": -25.15,
            "at_2017_last_all": -25.92,
            "at_2018_last_all": -15.91,
            "at_2019_last_all": -12,
            "at_2020_last_all": -13.82,
            "at_2021_last_all": -6.13,
            "at_2022_last_all": -0.88,
            "at_2023_last_all": -4.7,
            "at_2024_last_all": -4.7
        },
        "latest_eps": 5.25,
        "latest_price": 81.9,
        "latest_roe": 11.43,
        "latest_gross_margin": 57.37,
        "latest_equity": 2652823,
        "latest_revenue": 820810,
        "latest_gross_profit": 470902,
        "latest_net_income": 172865,
        "latest_debt_ratio": 42.28,
        "latest_current_ratio": 232.18,
        "latest_account_receivable_turnover_ratio": 0.64,
        "latest_inventory_turnover_ratio": 0.35,
        "latest_reinvestment_rate": 50.53,
        "latest_research_to_sale_ratio": 6.92
    },
    "eps_dividends": {
        "2001": {
            "cash": 0,
            "stock": 0,
            "eps": 0
        },
        "2002": {
            "cash": 0,
            "stock": 0,
            "eps": 0
        },
        "2003": {
            "cash": 0,
            "stock": 0,
            "eps": 0
        },
        "2004": {
            "cash": 0,
            "stock": 0,
            "eps": 0
        },
        "2005": {
            "cash": 0,
            "stock": 6.87,
            "eps": 0.09
        },
        "2006": {
            "cash": 0,
            "stock": 4.15,
            "eps": 11.15
        },
        "2007": {
            "cash": 3.02,
            "stock": 3.02,
            "eps": 3.55
        },
        "2008": {
            "cash": 1.9,
            "stock": 0.1,
            "eps": 1.65
        },
        "2009": {
            "cash": 0,
            "stock": 0,
            "eps": -0.69
        },
        "2010": {
            "cash": 0.99,
            "stock": 0,
            "eps": 5.41
        },
        "2011": {
            "cash": 2.98,
            "stock": 0,
            "eps": 1.86
        },
        "2012": {
            "cash": 1,
            "stock": 0,
            "eps": -3.5
        },
        "2013": {
            "cash": 0,
            "stock": 0,
            "eps": -0.99
        },
        "2014": {
            "cash": 0,
            "stock": 0,
            "eps": 1.99
        },
        "2015": {
            "cash": 0.5,
            "stock": 0,
            "eps": 3.06
        },
        "2016": {
            "cash": 2.5,
            "stock": 0,
            "eps": 4.05
        },
        "2017": {
            "cash": 3.5,
            "stock": 0,
            "eps": 2.75
        },
        "2018": {
            "cash": 2,
            "stock": 0,
            "eps": 4.79
        },
        "2019": {
            "cash": 3,
            "stock": 0,
            "eps": 6.09
        },
        "2020": {
            "cash": 3,
            "stock": 0,
            "eps": 4.03
        },
        "2021": {
            "cash": 4,
            "stock": 0,
            "eps": 7.5
        },
        "2022": {
            "cash": 5.5,
            "stock": 0,
            "eps": 12.55
        },
        "2023": {
            "cash": 8.5,
            "stock": 0,
            "eps": 5.25
        },
        "2024": {
            "cash": 5,
            "stock": 0,
            "eps": 0
        }
    },
    "dividends": {
        "2005-03-25": {
            "cash": 0,
            "stock": 6.87
        },
        "2006-02-21": {
            "cash": 0,
            "stock": 4.15
        },
        "2007-03-29": {
            "cash": 3.02,
            "stock": 3.02
        },
        "2008-04-23": {
            "cash": 1.9,
            "stock": 0.1
        },
        "2010-04-07": {
            "cash": 0.99,
            "stock": 0
        },
        "2011-02-25": {
            "cash": 2.98,
            "stock": 0
        },
        "2012-06-26": {
            "cash": 1,
            "stock": 0
        },
        "2015-08-07": {
            "cash": 0.5,
            "stock": 0
        },
        "2016-09-23": {
            "cash": 2.5,
            "stock": 0
        },
        "2017-12-06": {
            "cash": 3.5,
            "stock": 0
        },
        "2018-12-05": {
            "cash": 2,
            "stock": 0
        },
        "2019-09-27": {
            "cash": 3,
            "stock": 0
        },
        "2020-11-05": {
            "cash": 3,
            "stock": 0
        },
        "2021-09-30": {
            "cash": 4,
            "stock": 0
        },
        "2022-09-30": {
            "cash": 5.5,
            "stock": 0
        },
        "2023-09-28": {
            "cash": 8.5,
            "stock": 0
        },
        "2024-03-07": {
            "cash": 5,
            "stock": 0
        }
    },
    "prices": {
        "200101": "無",
        "200102": "無",
        "200103": "無",
        "200104": "無",
        "200105": "無",
        "200106": "無",
        "200107": "無",
        "200108": "無",
        "200109": "無",
        "200110": "無",
        "200111": "無",
        "200112": "無",
        "200201": "無",
        "200202": "無",
        "200203": "無",
        "200204": "無",
        "200205": "無",
        "200206": "無",
        "200207": "無",
        "200208": "無",
        "200209": "無",
        "200210": "無",
        "200211": "無",
        "200212": "無",
        "200301": "無",
        "200302": "無",
        "200303": "無",
        "200304": "無",
        "200305": "無",
        "200306": "無",
        "200307": "無",
        "200308": "無",
        "200309": "無",
        "200310": "無",
        "200311": "無",
        "200312": "無",
        "200401": "無",
        "200402": "無",
        "200403": "無",
        "200404": "無",
        "200405": "無",
        "200406": "無",
        "200407": "無",
        "200408": "無",
        "200409": "無",
        "200410": "無",
        "200411": "無",
        "200412": "55.00",
        "200501": "58.15",
        "200502": "57.25",
        "200503": "63.33",
        "200504": "64.28",
        "200505": "61.76",
        "200506": "61.50",
        "200507": "60.00",
        "200508": "46.92",
        "200509": "29.95",
        "200510": "37.55",
        "200511": "41.62",
        "200512": "45.56",
        "200601": "66.99",
        "200602": "78.20",
        "200603": "102.89",
        "200604": "149.34",
        "200605": "184.73",
        "200606": "156.42",
        "200607": "128.80",
        "200608": "118.74",
        "200609": "117.23",
        "200610": "114.73",
        "200611": "106.87",
        "200612": "106.99",
        "200701": "102.47",
        "200702": "101.17",
        "200703": "95.85",
        "200704": "103.79",
        "200705": "103.39",
        "200706": "109.17",
        "200707": "112.91",
        "200708": "86.31",
        "200709": "62.72",
        "200710": "55.94",
        "200711": "47.62",
        "200712": "37.03",
        "200801": "35.20",
        "200802": "34.75",
        "200803": "34.63",
        "200804": "37.59",
        "200805": "40.52",
        "200806": "38.29",
        "200807": "29.94",
        "200808": "27.79",
        "200809": "20.97",
        "200810": "14.33",
        "200811": "11.52",
        "200812": "10.80",
        "200901": "10.83",
        "200902": "10.96",
        "200903": "14.03",
        "200904": "18.18",
        "200905": "17.70",
        "200906": "15.64",
        "200907": "15.86",
        "200908": "15.90",
        "200909": "15.83",
        "200910": "18.60",
        "200911": "18.83",
        "200912": "21.38",
        "201001": "24.89",
        "201002": "25.94",
        "201003": "37.64",
        "201004": "42.45",
        "201005": "42.39",
        "201006": "44.15",
        "201007": "44.95",
        "201008": "46.14",
        "201009": "53.08",
        "201010": "48.85",
        "201011": "48.12",
        "201012": "60.61",
        "201101": "72.26",
        "201102": "67.37",
        "201103": "69.81",
        "201104": "65.78",
        "201105": "65.34",
        "201106": "62.68",
        "201107": "61.29",
        "201108": "47.16",
        "201109": "31.87",
        "201110": "33.17",
        "201111": "30.22",
        "201112": "23.61",
        "201201": "26.25",
        "201202": "32.72",
        "201203": "31.91",
        "201204": "25.58",
        "201205": "21.92",
        "201206": "20.98",
        "201207": "20.93",
        "201208": "20.94",
        "201209": "21.12",
        "201210": "18.02",
        "201211": "16.32",
        "201212": "17.52",
        "201301": "18.90",
        "201302": "20.42",
        "201303": "28.51",
        "201304": "32.06",
        "201305": "30.50",
        "201306": "29.88",
        "201307": "27.88",
        "201308": "24.52",
        "201309": "26.24",
        "201310": "28.45",
        "201311": "25.15",
        "201312": "24.78",
        "201401": "27.52",
        "201402": "26.99",
        "201403": "26.41",
        "201404": "25.90",
        "201405": "22.83",
        "201406": "24.30",
        "201407": "26.72",
        "201408": "27.14",
        "201409": "29.19",
        "201410": "27.17",
        "201411": "28.04",
        "201412": "29.28",
        "201501": "28.54",
        "201502": "28.30",
        "201503": "29.84",
        "201504": "40.23",
        "201505": "33.01",
        "201506": "30.33",
        "201507": "26.66",
        "201508": "22.95",
        "201509": "25.15",
        "201510": "27.90",
        "201511": "28.26",
        "201512": "28.63",
        "201601": "30.99",
        "201602": "34.65",
        "201603": "35.54",
        "201604": "35.01",
        "201605": "30.15",
        "201606": "30.40",
        "201607": "32.26",
        "201608": "34.75",
        "201609": "36.21",
        "201610": "36.04",
        "201611": "35.65",
        "201612": "45.55",
        "201701": "44.68",
        "201702": "47.77",
        "201703": "55.06",
        "201704": "52.76",
        "201705": "52.66",
        "201706": "51.62",
        "201707": "53.52",
        "201708": "54.80",
        "201709": "52.84",
        "201710": "51.75",
        "201711": "52.35",
        "201712": "48.13",
        "201801": "49.63",
        "201802": "45.12",
        "201803": "44.20",
        "201804": "42.43",
        "201805": "41.83",
        "201806": "45.01",
        "201807": "49.28",
        "201808": "50.09",
        "201809": "47.30",
        "201810": "49.99",
        "201811": "61.29",
        "201812": "71.59",
        "201901": "64.76",
        "201902": "67.85",
        "201903": "75.54",
        "201904": "76.25",
        "201905": "69.27",
        "201906": "69.36",
        "201907": "72.18",
        "201908": "73.58",
        "201909": "70.26",
        "201910": "62.43",
        "201911": "61.32",
        "201912": "61.48",
        "202001": "59.40",
        "202002": "53.54",
        "202003": "44.63",
        "202004": "46.84",
        "202005": "46.81",
        "202006": "48.14",
        "202007": "50.18",
        "202008": "50.80",
        "202009": "51.60",
        "202010": "49.58",
        "202011": "53.24",
        "202012": "55.63",
        "202101": "53.39",
        "202102": "56.53",
        "202103": "57.95",
        "202104": "65.35",
        "202105": "57.55",
        "202106": "59.00",
        "202107": "60.35",
        "202108": "60.22",
        "202109": "57.08",
        "202110": "57.46",
        "202111": "69.98",
        "202112": "76.04",
        "202201": "100.27",
        "202202": "102.15",
        "202203": "96.83",
        "202204": "90.41",
        "202205": "82.98",
        "202206": "80.64",
        "202207": "76.94",
        "202208": "87.01",
        "202209": "82.83",
        "202210": "77.26",
        "202211": "83.40",
        "202212": "84.03",
        "202301": "84.17",
        "202302": "88.73",
        "202303": "92.60",
        "202304": "90.09",
        "202305": "85.60",
        "202306": "84.50",
        "202307": "82.02",
        "202308": "79.18",
        "202309": "70.22",
        "202310": "69.98",
        "202311": "71.85",
        "202312": "73.76",
        "202401": "74.57",
        "202402": "74.77",
        "202403": "80.01",
        "202404": "無"
    },
    "quarters": {
        "20011": {
            "year_quarter": 20011,
            "year": 2001,
            "quarter": 1,
            "eps": null,
            "eps_growth_year": null,
            "eps_4q": null,
            "eps_4q_growth_year": null,
            "roe": null,
            "roe_4q": 0,
            "gross_profit": null,
            "gross_margin": null,
            "gross_margin_4q_avg": 0,
            "net_income": null,
            "net_income_4q": null,
            "revenue": null,
            "revenue_4q": null,
            "common_shares": null,
            "book_valuer_per_share": null,
            "book_valuer_per_share_4q_avg": 0,
            "equity": null,
            "current_ratio": null,
            "debt_ratio": null,
            "inventory_turnover_ratio": null,
            "account_receivable_turnover_ratio": null,
            "reinvestment_rate": null,
            "research_to_sale_ratio": null,
            "price_fair": 0,
            "eps_avg_yearly": 0,
            "eps_latest_yearly": 0,
            "eps_growth_yearly": 0
        },
        "20012": {
            "year_quarter": 20012,
            "year": 2001,
            "quarter": 2,
            "eps": null,
            "eps_growth_year": null,
            "eps_4q": null,
            "eps_4q_growth_year": null,
            "roe": null,
            "roe_4q": 0,
            "gross_profit": null,
            "gross_margin": null,
            "gross_margin_4q_avg": 0,
            "net_income": null,
            "net_income_4q": null,
            "revenue": null,
            "revenue_4q": null,
            "common_shares": null,
            "book_valuer_per_share": null,
            "book_valuer_per_share_4q_avg": 0,
            "equity": null,
            "current_ratio": null,
            "debt_ratio": null,
            "inventory_turnover_ratio": null,
            "account_receivable_turnover_ratio": null,
            "reinvestment_rate": null,
            "research_to_sale_ratio": null,
            "price_fair": 0,
            "eps_avg_yearly": 0,
            "eps_latest_yearly": 0,
            "eps_growth_yearly": 0
        },
        "20013": {
            "year_quarter": 20013,
            "year": 2001,
            "quarter": 3,
            "eps": null,
            "eps_growth_year": null,
            "eps_4q": null,
            "eps_4q_growth_year": null,
            "roe": null,
            "roe_4q": 0,
            "gross_profit": null,
            "gross_margin": null,
            "gross_margin_4q_avg": 0,
            "net_income": null,
            "net_income_4q": null,
            "revenue": null,
            "revenue_4q": null,
            "common_shares": null,
            "book_valuer_per_share": null,
            "book_valuer_per_share_4q_avg": 0,
            "equity": null,
            "current_ratio": null,
            "debt_ratio": null,
            "inventory_turnover_ratio": null,
            "account_receivable_turnover_ratio": null,
            "reinvestment_rate": null,
            "research_to_sale_ratio": null,
            "price_fair": 0,
            "eps_avg_yearly": 0,
            "eps_latest_yearly": 0,
            "eps_growth_yearly": 0
        },
        "20014": {
            "year_quarter": 20014,
            "year": 2001,
            "quarter": 4,
            "eps": null,
            "eps_growth_year": null,
            "eps_4q": null,
            "eps_4q_growth_year": null,
            "roe": null,
            "roe_4q": 0,
            "gross_profit": null,
            "gross_margin": null,
            "gross_margin_4q_avg": 0,
            "net_income": null,
            "net_income_4q": null,
            "revenue": null,
            "revenue_4q": null,
            "common_shares": 75000,
            "book_valuer_per_share": 8.89,
            "book_valuer_per_share_4q_avg": 2.22,
            "equity": 66676,
            "current_ratio": 193.88,
            "debt_ratio": 49.71,
            "inventory_turnover_ratio": null,
            "account_receivable_turnover_ratio": null,
            "reinvestment_rate": null,
            "research_to_sale_ratio": null,
            "price_fair": 0,
            "eps_avg_yearly": 0,
            "eps_latest_yearly": 0,
            "eps_growth_yearly": 0
        },
        "20021": {
            "year_quarter": 20021,
            "year": 2002,
            "quarter": 1,
            "eps": null,
            "eps_growth_year": null,
            "eps_4q": null,
            "eps_4q_growth_year": null,
            "roe": null,
            "roe_4q": 0,
            "gross_profit": null,
            "gross_margin": null,
            "gross_margin_4q_avg": 0,
            "net_income": null,
            "net_income_4q": null,
            "revenue": null,
            "revenue_4q": null,
            "common_shares": null,
            "book_valuer_per_share": null,
            "book_valuer_per_share_4q_avg": 2.22,
            "equity": null,
            "current_ratio": null,
            "debt_ratio": null,
            "inventory_turnover_ratio": null,
            "account_receivable_turnover_ratio": null,
            "reinvestment_rate": null,
            "research_to_sale_ratio": null,
            "price_fair": 0,
            "eps_avg_yearly": 0,
            "eps_latest_yearly": 0,
            "eps_growth_yearly": 0
        },
        "20022": {
            "year_quarter": 20022,
            "year": 2002,
            "quarter": 2,
            "eps": null,
            "eps_growth_year": null,
            "eps_4q": null,
            "eps_4q_growth_year": null,
            "roe": null,
            "roe_4q": 0,
            "gross_profit": null,
            "gross_margin": null,
            "gross_margin_4q_avg": 0,
            "net_income": null,
            "net_income_4q": null,
            "revenue": null,
            "revenue_4q": null,
            "common_shares": null,
            "book_valuer_per_share": null,
            "book_valuer_per_share_4q_avg": 2.22,
            "equity": null,
            "current_ratio": null,
            "debt_ratio": null,
            "inventory_turnover_ratio": null,
            "account_receivable_turnover_ratio": null,
            "reinvestment_rate": null,
            "research_to_sale_ratio": null,
            "price_fair": 0,
            "eps_avg_yearly": 0,
            "eps_latest_yearly": 0,
            "eps_growth_yearly": 0
        },
        "20023": {
            "year_quarter": 20023,
            "year": 2002,
            "quarter": 3,
            "eps": null,
            "eps_growth_year": null,
            "eps_4q": null,
            "eps_4q_growth_year": null,
            "roe": null,
            "roe_4q": 0,
            "gross_profit": null,
            "gross_margin": null,
            "gross_margin_4q_avg": 0,
            "net_income": null,
            "net_income_4q": null,
            "revenue": null,
            "revenue_4q": null,
            "common_shares": null,
            "book_valuer_per_share": null,
            "book_valuer_per_share_4q_avg": 2.22,
            "equity": null,
            "current_ratio": null,
            "debt_ratio": null,
            "inventory_turnover_ratio": null,
            "account_receivable_turnover_ratio": null,
            "reinvestment_rate": null,
            "research_to_sale_ratio": null,
            "price_fair": 0,
            "eps_avg_yearly": 0,
            "eps_latest_yearly": 0,
            "eps_growth_yearly": 0
        },
        "20024": {
            "year_quarter": 20024,
            "year": 2002,
            "quarter": 4,
            "eps": null,
            "eps_growth_year": null,
            "eps_4q": null,
            "eps_4q_growth_year": null,
            "roe": null,
            "roe_4q": 0,
            "gross_profit": null,
            "gross_margin": null,
            "gross_margin_4q_avg": 0,
            "net_income": null,
            "net_income_4q": null,
            "revenue": null,
            "revenue_4q": null,
            "common_shares": 105000,
            "book_valuer_per_share": 8.65,
            "book_valuer_per_share_4q_avg": 2.16,
            "equity": 90786,
            "current_ratio": 252.15,
            "debt_ratio": 52.85,
            "inventory_turnover_ratio": null,
            "account_receivable_turnover_ratio": null,
            "reinvestment_rate": null,
            "research_to_sale_ratio": null,
            "price_fair": 0,
            "eps_avg_yearly": 0,
            "eps_latest_yearly": 0,
            "eps_growth_yearly": 0
        },
        "20031": {
            "year_quarter": 20031,
            "year": 2003,
            "quarter": 1,
            "eps": null,
            "eps_growth_year": null,
            "eps_4q": null,
            "eps_4q_growth_year": null,
            "roe": null,
            "roe_4q": 0,
            "gross_profit": null,
            "gross_margin": null,
            "gross_margin_4q_avg": 0,
            "net_income": null,
            "net_income_4q": null,
            "revenue": null,
            "revenue_4q": null,
            "common_shares": null,
            "book_valuer_per_share": null,
            "book_valuer_per_share_4q_avg": 2.16,
            "equity": null,
            "current_ratio": null,
            "debt_ratio": null,
            "inventory_turnover_ratio": null,
            "account_receivable_turnover_ratio": null,
            "reinvestment_rate": null,
            "research_to_sale_ratio": null,
            "price_fair": 0,
            "eps_avg_yearly": 0,
            "eps_latest_yearly": 0,
            "eps_growth_yearly": 0
        },
        "20032": {
            "year_quarter": 20032,
            "year": 2003,
            "quarter": 2,
            "eps": null,
            "eps_growth_year": null,
            "eps_4q": null,
            "eps_4q_growth_year": null,
            "roe": null,
            "roe_4q": 0,
            "gross_profit": null,
            "gross_margin": null,
            "gross_margin_4q_avg": 0,
            "net_income": null,
            "net_income_4q": null,
            "revenue": null,
            "revenue_4q": null,
            "common_shares": null,
            "book_valuer_per_share": null,
            "book_valuer_per_share_4q_avg": 2.16,
            "equity": null,
            "current_ratio": null,
            "debt_ratio": null,
            "inventory_turnover_ratio": null,
            "account_receivable_turnover_ratio": null,
            "reinvestment_rate": null,
            "research_to_sale_ratio": null,
            "price_fair": 0,
            "eps_avg_yearly": 0,
            "eps_latest_yearly": 0,
            "eps_growth_yearly": 0
        },
        "20033": {
            "year_quarter": 20033,
            "year": 2003,
            "quarter": 3,
            "eps": null,
            "eps_growth_year": null,
            "eps_4q": null,
            "eps_4q_growth_year": null,
            "roe": null,
            "roe_4q": 0,
            "gross_profit": null,
            "gross_margin": null,
            "gross_margin_4q_avg": 0,
            "net_income": null,
            "net_income_4q": null,
            "revenue": null,
            "revenue_4q": null,
            "common_shares": null,
            "book_valuer_per_share": null,
            "book_valuer_per_share_4q_avg": 2.16,
            "equity": null,
            "current_ratio": null,
            "debt_ratio": null,
            "inventory_turnover_ratio": null,
            "account_receivable_turnover_ratio": null,
            "reinvestment_rate": null,
            "research_to_sale_ratio": null,
            "price_fair": 0,
            "eps_avg_yearly": 0,
            "eps_latest_yearly": 0,
            "eps_growth_yearly": 0
        },
        "20034": {
            "year_quarter": 20034,
            "year": 2003,
            "quarter": 4,
            "eps": null,
            "eps_growth_year": null,
            "eps_4q": null,
            "eps_4q_growth_year": null,
            "roe": null,
            "roe_4q": 0,
            "gross_profit": null,
            "gross_margin": null,
            "gross_margin_4q_avg": 0,
            "net_income": null,
            "net_income_4q": null,
            "revenue": null,
            "revenue_4q": null,
            "common_shares": 105000,
            "book_valuer_per_share": 10.12,
            "book_valuer_per_share_4q_avg": 2.53,
            "equity": 106292,
            "current_ratio": 226.68,
            "debt_ratio": 52.27,
            "inventory_turnover_ratio": null,
            "account_receivable_turnover_ratio": null,
            "reinvestment_rate": null,
            "research_to_sale_ratio": null,
            "price_fair": 0,
            "eps_avg_yearly": 0,
            "eps_latest_yearly": 0,
            "eps_growth_yearly": 0
        },
        "20041": {
            "year_quarter": 20041,
            "year": 2004,
            "quarter": 1,
            "eps": null,
            "eps_growth_year": null,
            "eps_4q": null,
            "eps_4q_growth_year": null,
            "roe": null,
            "roe_4q": 0,
            "gross_profit": null,
            "gross_margin": null,
            "gross_margin_4q_avg": 0,
            "net_income": null,
            "net_income_4q": null,
            "revenue": null,
            "revenue_4q": null,
            "common_shares": null,
            "book_valuer_per_share": null,
            "book_valuer_per_share_4q_avg": 2.53,
            "equity": null,
            "current_ratio": null,
            "debt_ratio": null,
            "inventory_turnover_ratio": null,
            "account_receivable_turnover_ratio": null,
            "reinvestment_rate": null,
            "research_to_sale_ratio": null,
            "price_fair": 0,
            "eps_avg_yearly": 0,
            "eps_latest_yearly": 0,
            "eps_growth_yearly": 0
        },
        "20042": {
            "year_quarter": 20042,
            "year": 2004,
            "quarter": 2,
            "eps": null,
            "eps_growth_year": null,
            "eps_4q": null,
            "eps_4q_growth_year": null,
            "roe": null,
            "roe_4q": 0,
            "gross_profit": null,
            "gross_margin": null,
            "gross_margin_4q_avg": 0,
            "net_income": null,
            "net_income_4q": null,
            "revenue": null,
            "revenue_4q": null,
            "common_shares": null,
            "book_valuer_per_share": null,
            "book_valuer_per_share_4q_avg": 2.53,
            "equity": null,
            "current_ratio": null,
            "debt_ratio": null,
            "inventory_turnover_ratio": null,
            "account_receivable_turnover_ratio": null,
            "reinvestment_rate": null,
            "research_to_sale_ratio": null,
            "price_fair": 0,
            "eps_avg_yearly": 0,
            "eps_latest_yearly": 0,
            "eps_growth_yearly": 0
        },
        "20043": {
            "year_quarter": 20043,
            "year": 2004,
            "quarter": 3,
            "eps": null,
            "eps_growth_year": null,
            "eps_4q": null,
            "eps_4q_growth_year": null,
            "roe": null,
            "roe_4q": 0,
            "gross_profit": null,
            "gross_margin": null,
            "gross_margin_4q_avg": 0,
            "net_income": null,
            "net_income_4q": null,
            "revenue": null,
            "revenue_4q": null,
            "common_shares": null,
            "book_valuer_per_share": null,
            "book_valuer_per_share_4q_avg": 2.53,
            "equity": null,
            "current_ratio": null,
            "debt_ratio": null,
            "inventory_turnover_ratio": null,
            "account_receivable_turnover_ratio": null,
            "reinvestment_rate": null,
            "research_to_sale_ratio": null,
            "price_fair": 0,
            "eps_avg_yearly": 0,
            "eps_latest_yearly": 0,
            "eps_growth_yearly": 0
        },
        "20044": {
            "year_quarter": 20044,
            "year": 2004,
            "quarter": 4,
            "eps": null,
            "eps_growth_year": null,
            "eps_4q": null,
            "eps_4q_growth_year": null,
            "roe": null,
            "roe_4q": 0,
            "gross_profit": null,
            "gross_margin": null,
            "gross_margin_4q_avg": 0,
            "net_income": null,
            "net_income_4q": null,
            "revenue": null,
            "revenue_4q": null,
            "common_shares": 105000,
            "book_valuer_per_share": 19.06,
            "book_valuer_per_share_4q_avg": 4.77,
            "equity": 200130,
            "current_ratio": 237.81,
            "debt_ratio": 51.72,
            "inventory_turnover_ratio": null,
            "account_receivable_turnover_ratio": null,
            "reinvestment_rate": null,
            "research_to_sale_ratio": null,
            "price_fair": 0,
            "eps_avg_yearly": 0,
            "eps_latest_yearly": 0,
            "eps_growth_yearly": 0
        },
        "20051": {
            "year_quarter": 20051,
            "year": 2005,
            "quarter": 1,
            "eps": -0.15,
            "eps_growth_year": null,
            "eps_4q": null,
            "eps_4q_growth_year": null,
            "roe": -0.79,
            "roe_4q": -0.79,
            "gross_profit": 32920,
            "gross_margin": 49.31,
            "gross_margin_4q_avg": 12.33,
            "net_income": -1569,
            "net_income_4q": null,
            "revenue": 66758,
            "revenue_4q": null,
            "common_shares": 105000,
            "book_valuer_per_share": 18.91,
            "book_valuer_per_share_4q_avg": 9.49,
            "equity": 198561,
            "current_ratio": 251.34,
            "debt_ratio": 49.76,
            "inventory_turnover_ratio": 0.34,
            "account_receivable_turnover_ratio": null,
            "reinvestment_rate": null,
            "research_to_sale_ratio": null,
            "price_fair": 0,
            "eps_avg_yearly": 0,
            "eps_latest_yearly": 0,
            "eps_growth_yearly": 0
        },
        "20052": {
            "year_quarter": 20052,
            "year": 2005,
            "quarter": 2,
            "eps": 0.24,
            "eps_growth_year": null,
            "eps_4q": null,
            "eps_4q_growth_year": null,
            "roe": 1.26,
            "roe_4q": 0.47,
            "gross_profit": 50330,
            "gross_margin": 39.69,
            "gross_margin_4q_avg": 22.25,
            "net_income": 2511,
            "net_income_4q": null,
            "revenue": 126797,
            "revenue_4q": null,
            "common_shares": 105000,
            "book_valuer_per_share": 18.92,
            "book_valuer_per_share_4q_avg": 14.22,
            "equity": 198706,
            "current_ratio": 206.63,
            "debt_ratio": 55.7,
            "inventory_turnover_ratio": 0.71,
            "account_receivable_turnover_ratio": null,
            "reinvestment_rate": null,
            "research_to_sale_ratio": null,
            "price_fair": 0,
            "eps_avg_yearly": 0,
            "eps_latest_yearly": 0,
            "eps_growth_yearly": 0
        },
        "20053": {
            "year_quarter": 20053,
            "year": 2005,
            "quarter": 3,
            "eps": null,
            "eps_growth_year": null,
            "eps_4q": null,
            "eps_4q_growth_year": null,
            "roe": null,
            "roe_4q": 0.47,
            "gross_profit": null,
            "gross_margin": null,
            "gross_margin_4q_avg": 22.25,
            "net_income": null,
            "net_income_4q": null,
            "revenue": null,
            "revenue_4q": null,
            "common_shares": null,
            "book_valuer_per_share": null,
            "book_valuer_per_share_4q_avg": 14.22,
            "equity": null,
            "current_ratio": null,
            "debt_ratio": null,
            "inventory_turnover_ratio": null,
            "account_receivable_turnover_ratio": null,
            "reinvestment_rate": null,
            "research_to_sale_ratio": null,
            "price_fair": 0,
            "eps_avg_yearly": 0,
            "eps_latest_yearly": 0,
            "eps_growth_yearly": 0
        },
        "20054": {
            "year_quarter": 20054,
            "year": 2005,
            "quarter": 4,
            "eps": null,
            "eps_growth_year": null,
            "eps_4q": null,
            "eps_4q_growth_year": null,
            "roe": null,
            "roe_4q": 0.47,
            "gross_profit": null,
            "gross_margin": null,
            "gross_margin_4q_avg": 22.25,
            "net_income": null,
            "net_income_4q": null,
            "revenue": null,
            "revenue_4q": null,
            "common_shares": 189070,
            "book_valuer_per_share": 16.09,
            "book_valuer_per_share_4q_avg": 13.48,
            "equity": 304143,
            "current_ratio": 164.44,
            "debt_ratio": 61.83,
            "inventory_turnover_ratio": null,
            "account_receivable_turnover_ratio": null,
            "reinvestment_rate": null,
            "research_to_sale_ratio": null,
            "price_fair": 0,
            "eps_avg_yearly": 0,
            "eps_latest_yearly": 0,
            "eps_growth_yearly": 0
        },
        "20061": {
            "year_quarter": 20061,
            "year": 2006,
            "quarter": 1,
            "eps": 2.86,
            "eps_growth_year": null,
            "eps_4q": null,
            "eps_4q_growth_year": null,
            "roe": 16.34,
            "roe_4q": 17.6,
            "gross_profit": 129126,
            "gross_margin": 42.25,
            "gross_margin_4q_avg": 20.49,
            "net_income": 54103,
            "net_income_4q": null,
            "revenue": 305637,
            "revenue_4q": null,
            "common_shares": 189070,
            "book_valuer_per_share": 18.95,
            "book_valuer_per_share_4q_avg": 13.49,
            "equity": 358209,
            "current_ratio": 180.31,
            "debt_ratio": 56.57,
            "inventory_turnover_ratio": 0.71,
            "account_receivable_turnover_ratio": null,
            "reinvestment_rate": null,
            "research_to_sale_ratio": null,
            "price_fair": 0,
            "eps_avg_yearly": 0,
            "eps_latest_yearly": 0,
            "eps_growth_yearly": 0
        },
        "20062": {
            "year_quarter": 20062,
            "year": 2006,
            "quarter": 2,
            "eps": 3.3,
            "eps_growth_year": 1275,
            "eps_4q": null,
            "eps_4q_growth_year": null,
            "roe": 22.64,
            "roe_4q": 38.980000000000004,
            "gross_profit": 266822,
            "gross_margin": 44.39,
            "gross_margin_4q_avg": 21.66,
            "net_income": 91286,
            "net_income_4q": null,
            "revenue": 601118,
            "revenue_4q": null,
            "common_shares": 189070,
            "book_valuer_per_share": 23.71,
            "book_valuer_per_share_4q_avg": 14.69,
            "equity": 448224,
            "current_ratio": 151.02,
            "debt_ratio": 65.43,
            "inventory_turnover_ratio": 1.02,
            "account_receivable_turnover_ratio": null,
            "reinvestment_rate": null,
            "research_to_sale_ratio": null,
            "price_fair": 462,
            "eps_avg_yearly": 13.2,
            "eps_latest_yearly": 13.2,
            "eps_growth_yearly": 61.54
        },
        "20063": {
            "year_quarter": 20063,
            "year": 2006,
            "quarter": 3,
            "eps": 3.55,
            "eps_growth_year": null,
            "eps_4q": null,
            "eps_4q_growth_year": null,
            "roe": 19.78,
            "roe_4q": 58.760000000000005,
            "gross_profit": 264695,
            "gross_margin": 40.5,
            "gross_margin_4q_avg": 31.79,
            "net_income": 98377,
            "net_income_4q": null,
            "revenue": 653528,
            "revenue_4q": null,
            "common_shares": 278612,
            "book_valuer_per_share": 19.61,
            "book_valuer_per_share_4q_avg": 19.59,
            "equity": 546314,
            "current_ratio": 145.68,
            "debt_ratio": 66.75,
            "inventory_turnover_ratio": 0.95,
            "account_receivable_turnover_ratio": null,
            "reinvestment_rate": null,
            "research_to_sale_ratio": null,
            "price_fair": 479.5,
            "eps_avg_yearly": 13.7,
            "eps_latest_yearly": 14.2,
            "eps_growth_yearly": 45.92
        },
        "20064": {
            "year_quarter": 20064,
            "year": 2006,
            "quarter": 4,
            "eps": 1.44,
            "eps_growth_year": null,
            "eps_4q": 9.97,
            "eps_4q_growth_year": null,
            "roe": 5.1,
            "roe_4q": 63.86,
            "gross_profit": 128078,
            "gross_margin": 35.19,
            "gross_margin_4q_avg": 40.58,
            "net_income": 41134,
            "net_income_4q": null,
            "revenue": 363928,
            "revenue_4q": null,
            "common_shares": 326612,
            "book_valuer_per_share": 32.63,
            "book_valuer_per_share_4q_avg": 23.73,
            "equity": 1065862,
            "current_ratio": 327.93,
            "debt_ratio": 30.05,
            "inventory_turnover_ratio": 0.57,
            "account_receivable_turnover_ratio": null,
            "reinvestment_rate": null,
            "research_to_sale_ratio": null,
            "price_fair": 33.16,
            "eps_avg_yearly": 11.05,
            "eps_latest_yearly": 5.76,
            "eps_growth_yearly": -48.63
        },
        "20071": {
            "year_quarter": 20071,
            "year": 2007,
            "quarter": 1,
            "eps": 0.92,
            "eps_growth_year": -67.83,
            "eps_4q": 7.98,
            "eps_4q_growth_year": null,
            "roe": 2.78,
            "roe_4q": 50.3,
            "gross_profit": 139993,
            "gross_margin": 43.54,
            "gross_margin_4q_avg": 40.91,
            "net_income": 30089,
            "net_income_4q": null,
            "revenue": 321555,
            "revenue_4q": null,
            "common_shares": 326612,
            "book_valuer_per_share": 33.56,
            "book_valuer_per_share_4q_avg": 27.38,
            "equity": 1096061,
            "current_ratio": 314.3,
            "debt_ratio": 30.78,
            "inventory_turnover_ratio": 0.5,
            "account_receivable_turnover_ratio": null,
            "reinvestment_rate": null,
            "research_to_sale_ratio": null,
            "price_fair": 27.63,
            "eps_avg_yearly": 9.21,
            "eps_latest_yearly": 3.68,
            "eps_growth_yearly": -72.59
        },
        "20072": {
            "year_quarter": 20072,
            "year": 2007,
            "quarter": 2,
            "eps": 0.28,
            "eps_growth_year": -91.52,
            "eps_4q": 4.17,
            "eps_4q_growth_year": null,
            "roe": 1.17,
            "roe_4q": 28.83,
            "gross_profit": 138663,
            "gross_margin": 36.57,
            "gross_margin_4q_avg": 38.95,
            "net_income": 12203,
            "net_income_4q": null,
            "revenue": 379219,
            "revenue_4q": null,
            "common_shares": 326612,
            "book_valuer_per_share": 30.53,
            "book_valuer_per_share_4q_avg": 29.08,
            "equity": 997267,
            "current_ratio": 258.81,
            "debt_ratio": 40.18,
            "inventory_turnover_ratio": 0.64,
            "account_receivable_turnover_ratio": null,
            "reinvestment_rate": null,
            "research_to_sale_ratio": null,
            "price_fair": 22.78,
            "eps_avg_yearly": 7.59,
            "eps_latest_yearly": 1.12,
            "eps_growth_yearly": -113.72
        },
        "20073": {
            "year_quarter": 20073,
            "year": 2007,
            "quarter": 3,
            "eps": 0.59,
            "eps_growth_year": -83.38,
            "eps_4q": 2.48,
            "eps_4q_growth_year": null,
            "roe": 2.58,
            "roe_4q": 11.629999999999999,
            "gross_profit": 175664,
            "gross_margin": 45.96,
            "gross_margin_4q_avg": 40.32,
            "net_income": 26092,
            "net_income_4q": null,
            "revenue": 382223,
            "revenue_4q": null,
            "common_shares": 443635,
            "book_valuer_per_share": 23.09,
            "book_valuer_per_share_4q_avg": 29.95,
            "equity": 1024173,
            "current_ratio": 251.14,
            "debt_ratio": 40.76,
            "inventory_turnover_ratio": 0.5,
            "account_receivable_turnover_ratio": null,
            "reinvestment_rate": null,
            "research_to_sale_ratio": null,
            "price_fair": 20.16,
            "eps_avg_yearly": 6.72,
            "eps_latest_yearly": 2.36,
            "eps_growth_yearly": -20.96
        },
        "20074": {
            "year_quarter": 20074,
            "year": 2007,
            "quarter": 4,
            "eps": 1.76,
            "eps_growth_year": 22.22,
            "eps_4q": 3.31,
            "eps_4q_growth_year": -66.86,
            "roe": 6.68,
            "roe_4q": 13.209999999999999,
            "gross_profit": 239833,
            "gross_margin": 41.84,
            "gross_margin_4q_avg": 41.98,
            "net_income": 77865,
            "net_income_4q": null,
            "revenue": 573172,
            "revenue_4q": null,
            "common_shares": 502785,
            "book_valuer_per_share": 25.98,
            "book_valuer_per_share_4q_avg": 28.29,
            "equity": 1306231,
            "current_ratio": 357.07,
            "debt_ratio": 30.5,
            "inventory_turnover_ratio": 0.77,
            "account_receivable_turnover_ratio": null,
            "reinvestment_rate": null,
            "research_to_sale_ratio": null,
            "price_fair": 236.8,
            "eps_avg_yearly": 6.77,
            "eps_latest_yearly": 7.04,
            "eps_growth_yearly": 95.35
        },
        "20081": {
            "year_quarter": 20081,
            "year": 2008,
            "quarter": 1,
            "eps": 0.4,
            "eps_growth_year": -56.52,
            "eps_4q": 2.7,
            "eps_4q_growth_year": -66.21,
            "roe": 1.54,
            "roe_4q": 11.969999999999999,
            "gross_profit": 142193,
            "gross_margin": 33.22,
            "gross_margin_4q_avg": 39.4,
            "net_income": 20243,
            "net_income_4q": null,
            "revenue": 428050,
            "revenue_4q": null,
            "common_shares": 502785,
            "book_valuer_per_share": 26.37,
            "book_valuer_per_share_4q_avg": 26.49,
            "equity": 1325839,
            "current_ratio": 337.58,
            "debt_ratio": 31.81,
            "inventory_turnover_ratio": 0.65,
            "account_receivable_turnover_ratio": null,
            "reinvestment_rate": null,
            "research_to_sale_ratio": null,
            "price_fair": 214.2,
            "eps_avg_yearly": 6.12,
            "eps_latest_yearly": 1.6,
            "eps_growth_yearly": 44.8
        },
        "20082": {
            "year_quarter": 20082,
            "year": 2008,
            "quarter": 2,
            "eps": 0.79,
            "eps_growth_year": 182.14,
            "eps_4q": 3.22,
            "eps_4q_growth_year": -22.92,
            "roe": 3.13,
            "roe_4q": 13.93,
            "gross_profit": 180657,
            "gross_margin": 34.21,
            "gross_margin_4q_avg": 38.81,
            "net_income": 40455,
            "net_income_4q": null,
            "revenue": 528008,
            "revenue_4q": null,
            "common_shares": 502785,
            "book_valuer_per_share": 25.03,
            "book_valuer_per_share_4q_avg": 25.12,
            "equity": 1258407,
            "current_ratio": 292.19,
            "debt_ratio": 35.87,
            "inventory_turnover_ratio": 0.81,
            "account_receivable_turnover_ratio": null,
            "reinvestment_rate": null,
            "research_to_sale_ratio": null,
            "price_fair": 202.69,
            "eps_avg_yearly": 5.79,
            "eps_latest_yearly": 3.16,
            "eps_growth_yearly": 83.15
        },
        "20083": {
            "year_quarter": 20083,
            "year": 2008,
            "quarter": 3,
            "eps": 0.51,
            "eps_growth_year": -13.56,
            "eps_4q": 3.24,
            "eps_4q_growth_year": 30.69,
            "roe": 2.04,
            "roe_4q": 13.39,
            "gross_profit": 126523,
            "gross_margin": 40.08,
            "gross_margin_4q_avg": 37.34,
            "net_income": 25919,
            "net_income_4q": null,
            "revenue": 315713,
            "revenue_4q": null,
            "common_shares": 512320,
            "book_valuer_per_share": 25.09,
            "book_valuer_per_share_4q_avg": 25.62,
            "equity": 1285647,
            "current_ratio": 241.88,
            "debt_ratio": 42.09,
            "inventory_turnover_ratio": 0.38,
            "account_receivable_turnover_ratio": null,
            "reinvestment_rate": null,
            "research_to_sale_ratio": null,
            "price_fair": 189.56,
            "eps_avg_yearly": 5.42,
            "eps_latest_yearly": 2.04,
            "eps_growth_yearly": 60.66
        },
        "20084": {
            "year_quarter": 20084,
            "year": 2008,
            "quarter": 4,
            "eps": -0.05,
            "eps_growth_year": -102.84,
            "eps_4q": 1.64,
            "eps_4q_growth_year": -50.39,
            "roe": -0.18,
            "roe_4q": 6.53,
            "gross_profit": 139284,
            "gross_margin": 41.74,
            "gross_margin_4q_avg": 37.31,
            "net_income": -2349,
            "net_income_4q": null,
            "revenue": 333728,
            "revenue_4q": null,
            "common_shares": 512320,
            "book_valuer_per_share": 25.11,
            "book_valuer_per_share_4q_avg": 25.4,
            "equity": 1286237,
            "current_ratio": 187.64,
            "debt_ratio": 52.62,
            "inventory_turnover_ratio": 0.33,
            "account_receivable_turnover_ratio": 0.68,
            "reinvestment_rate": null,
            "research_to_sale_ratio": null,
            "price_fair": 189.56,
            "eps_avg_yearly": 5.42,
            "eps_latest_yearly": 2.04,
            "eps_growth_yearly": 60.66
        },
        "20091": {
            "year_quarter": 20091,
            "year": 2009,
            "quarter": 1,
            "eps": 0.03,
            "eps_growth_year": -92.5,
            "eps_4q": 1.24,
            "eps_4q_growth_year": -54.12,
            "roe": 0.12,
            "roe_4q": 5.109999999999999,
            "gross_profit": 69612,
            "gross_margin": 25.43,
            "gross_margin_4q_avg": 35.37,
            "net_income": 1592,
            "net_income_4q": null,
            "revenue": 273690,
            "revenue_4q": null,
            "common_shares": 512320,
            "book_valuer_per_share": 25.15,
            "book_valuer_per_share_4q_avg": 25.1,
            "equity": 1288410,
            "current_ratio": 200.97,
            "debt_ratio": 49.31,
            "inventory_turnover_ratio": 0.4,
            "account_receivable_turnover_ratio": 0.27,
            "reinvestment_rate": null,
            "research_to_sale_ratio": null,
            "price_fair": 189.56,
            "eps_avg_yearly": 5.42,
            "eps_latest_yearly": 2.04,
            "eps_growth_yearly": 60.66
        },
        "20092": {
            "year_quarter": 20092,
            "year": 2009,
            "quarter": 2,
            "eps": -0.69,
            "eps_growth_year": -187.34,
            "eps_4q": -0.2,
            "eps_4q_growth_year": -106.27,
            "roe": -2.79,
            "roe_4q": -0.81,
            "gross_profit": 79973,
            "gross_margin": 29.09,
            "gross_margin_4q_avg": 34.09,
            "net_income": -35495,
            "net_income_4q": null,
            "revenue": 274904,
            "revenue_4q": null,
            "common_shares": 512320,
            "book_valuer_per_share": 24.44,
            "book_valuer_per_share_4q_avg": 24.95,
            "equity": 1252314,
            "current_ratio": 223.48,
            "debt_ratio": 45.34,
            "inventory_turnover_ratio": 0.47,
            "account_receivable_turnover_ratio": 0.28,
            "reinvestment_rate": null,
            "research_to_sale_ratio": null,
            "price_fair": 189.56,
            "eps_avg_yearly": 5.42,
            "eps_latest_yearly": 2.04,
            "eps_growth_yearly": 60.66
        },
        "20093": {
            "year_quarter": 20093,
            "year": 2009,
            "quarter": 3,
            "eps": 0.02,
            "eps_growth_year": -96.08,
            "eps_4q": -0.73,
            "eps_4q_growth_year": -122.48,
            "roe": 0.08,
            "roe_4q": -2.77,
            "gross_profit": 55980,
            "gross_margin": 29.79,
            "gross_margin_4q_avg": 31.51,
            "net_income": 970,
            "net_income_4q": null,
            "revenue": 187911,
            "revenue_4q": null,
            "common_shares": 512320,
            "book_valuer_per_share": 24.45,
            "book_valuer_per_share_4q_avg": 24.79,
            "equity": 1252547,
            "current_ratio": 348.23,
            "debt_ratio": 30.88,
            "inventory_turnover_ratio": 0.36,
            "account_receivable_turnover_ratio": 0.21,
            "reinvestment_rate": null,
            "research_to_sale_ratio": null,
            "price_fair": 189.56,
            "eps_avg_yearly": 5.42,
            "eps_latest_yearly": 2.04,
            "eps_growth_yearly": 60.66
        },
        "20094": {
            "year_quarter": 20094,
            "year": 2009,
            "quarter": 4,
            "eps": -0.05,
            "eps_growth_year": null,
            "eps_4q": -0.69,
            "eps_4q_growth_year": -142.08,
            "roe": -0.19,
            "roe_4q": -2.78,
            "gross_profit": 27937,
            "gross_margin": 32.84,
            "gross_margin_4q_avg": 29.29,
            "net_income": -2422,
            "net_income_4q": null,
            "revenue": 85064,
            "revenue_4q": null,
            "common_shares": 512320,
            "book_valuer_per_share": 24.37,
            "book_valuer_per_share_4q_avg": 24.6,
            "equity": 1248556,
            "current_ratio": 329.56,
            "debt_ratio": 31.96,
            "inventory_turnover_ratio": 0.16,
            "account_receivable_turnover_ratio": 0.28,
            "reinvestment_rate": 14.77,
            "research_to_sale_ratio": null,
            "price_fair": 189.56,
            "eps_avg_yearly": 5.42,
            "eps_latest_yearly": 2.04,
            "eps_growth_yearly": 60.66
        },
        "20101": {
            "year_quarter": 20101,
            "year": 2010,
            "quarter": 1,
            "eps": 1.38,
            "eps_growth_year": 4500,
            "eps_4q": 0.65,
            "eps_4q_growth_year": -47.04,
            "roe": 5.49,
            "roe_4q": 2.59,
            "gross_profit": 162114,
            "gross_margin": 40.43,
            "gross_margin_4q_avg": 33.04,
            "net_income": 70602,
            "net_income_4q": null,
            "revenue": 400967,
            "revenue_4q": null,
            "common_shares": 513925,
            "book_valuer_per_share": 25.78,
            "book_valuer_per_share_4q_avg": 24.76,
            "equity": 1325093,
            "current_ratio": 351.83,
            "debt_ratio": 26.03,
            "inventory_turnover_ratio": 0.66,
            "account_receivable_turnover_ratio": 0.6,
            "reinvestment_rate": 13.39,
            "research_to_sale_ratio": 6.37,
            "price_fair": 189.56,
            "eps_avg_yearly": 5.42,
            "eps_latest_yearly": 2.04,
            "eps_growth_yearly": 60.66
        },
        "20102": {
            "year_quarter": 20102,
            "year": 2010,
            "quarter": 2,
            "eps": 1.23,
            "eps_growth_year": null,
            "eps_4q": 2.57,
            "eps_4q_growth_year": null,
            "roe": 4.76,
            "roe_4q": 10.14,
            "gross_profit": 185491,
            "gross_margin": 48.31,
            "gross_margin_4q_avg": 37.84,
            "net_income": 63620,
            "net_income_4q": null,
            "revenue": 383987,
            "revenue_4q": null,
            "common_shares": 516858,
            "book_valuer_per_share": 26.09,
            "book_valuer_per_share_4q_avg": 25.17,
            "equity": 1348701,
            "current_ratio": 285.08,
            "debt_ratio": 31.34,
            "inventory_turnover_ratio": 0.54,
            "account_receivable_turnover_ratio": 0.49,
            "reinvestment_rate": 12.35,
            "research_to_sale_ratio": 9.53,
            "price_fair": 160.58,
            "eps_avg_yearly": 4.59,
            "eps_latest_yearly": 4.92,
            "eps_growth_yearly": 50.16
        },
        "20103": {
            "year_quarter": 20103,
            "year": 2010,
            "quarter": 3,
            "eps": 1.95,
            "eps_growth_year": 9645.7,
            "eps_4q": 4.48,
            "eps_4q_growth_year": null,
            "roe": 7.21,
            "roe_4q": 17.27,
            "gross_profit": 240183,
            "gross_margin": 45.49,
            "gross_margin_4q_avg": 41.77,
            "net_income": 101351,
            "net_income_4q": null,
            "revenue": 528034,
            "revenue_4q": null,
            "common_shares": 519978,
            "book_valuer_per_share": 28.09,
            "book_valuer_per_share_4q_avg": 26.08,
            "equity": 1460845,
            "current_ratio": 316.94,
            "debt_ratio": 28.51,
            "inventory_turnover_ratio": 0.71,
            "account_receivable_turnover_ratio": 0.66,
            "reinvestment_rate": 7.54,
            "research_to_sale_ratio": 6.71,
            "price_fair": 138.18,
            "eps_avg_yearly": 3.95,
            "eps_latest_yearly": 7.8,
            "eps_growth_yearly": 70.54
        },
        "20104": {
            "year_quarter": 20104,
            "year": 2010,
            "quarter": 4,
            "eps": 0.85,
            "eps_growth_year": null,
            "eps_4q": 5.37,
            "eps_4q_growth_year": null,
            "roe": 2.96,
            "roe_4q": 20.42,
            "gross_profit": 165772,
            "gross_margin": 46.49,
            "gross_margin_4q_avg": 45.18,
            "net_income": 43970,
            "net_income_4q": null,
            "revenue": 356586,
            "revenue_4q": null,
            "common_shares": 520308,
            "book_valuer_per_share": 28.94,
            "book_valuer_per_share_4q_avg": 27.23,
            "equity": 1505674,
            "current_ratio": 293.39,
            "debt_ratio": 30.96,
            "inventory_turnover_ratio": 0.43,
            "account_receivable_turnover_ratio": 0.5,
            "reinvestment_rate": -3.15,
            "research_to_sale_ratio": 11.65,
            "price_fair": 129.92,
            "eps_avg_yearly": 3.71,
            "eps_latest_yearly": 3.4,
            "eps_growth_yearly": 71.75
        },
        "20111": {
            "year_quarter": 20111,
            "year": 2011,
            "quarter": 1,
            "eps": 1.52,
            "eps_growth_year": 10.14,
            "eps_4q": 5.5,
            "eps_4q_growth_year": 740.35,
            "roe": 5.09,
            "roe_4q": 20.020000000000003,
            "gross_profit": 157828,
            "gross_margin": 40.88,
            "gross_margin_4q_avg": 45.29,
            "net_income": 78898,
            "net_income_4q": null,
            "revenue": 386040,
            "revenue_4q": null,
            "common_shares": 523048,
            "book_valuer_per_share": 30.51,
            "book_valuer_per_share_4q_avg": 28.41,
            "equity": 1596045,
            "current_ratio": 334.31,
            "debt_ratio": 27.01,
            "inventory_turnover_ratio": 0.48,
            "account_receivable_turnover_ratio": 0.54,
            "reinvestment_rate": -8.16,
            "research_to_sale_ratio": 8.75,
            "price_fair": 138.32,
            "eps_avg_yearly": 3.95,
            "eps_latest_yearly": 6.08,
            "eps_growth_yearly": 117.73
        },
        "20112": {
            "year_quarter": 20112,
            "year": 2011,
            "quarter": 2,
            "eps": -0.12,
            "eps_growth_year": -110.03,
            "eps_4q": 3.59,
            "eps_4q_growth_year": 39.89,
            "roe": -0.44,
            "roe_4q": 14.82,
            "gross_profit": 144348,
            "gross_margin": 32.64,
            "gross_margin_4q_avg": 41.38,
            "net_income": -7449,
            "net_income_4q": null,
            "revenue": 442191,
            "revenue_4q": null,
            "common_shares": 603248,
            "book_valuer_per_share": 30.26,
            "book_valuer_per_share_4q_avg": 29.45,
            "equity": 1825450,
            "current_ratio": 324.55,
            "debt_ratio": 28.5,
            "inventory_turnover_ratio": 0.69,
            "account_receivable_turnover_ratio": 0.59,
            "reinvestment_rate": -8.73,
            "research_to_sale_ratio": 10.73,
            "price_fair": 149.33,
            "eps_avg_yearly": 4.27,
            "eps_latest_yearly": 6.08,
            "eps_growth_yearly": 161.73
        },
        "20113": {
            "year_quarter": 20113,
            "year": 2011,
            "quarter": 3,
            "eps": 0.5,
            "eps_growth_year": -74.38,
            "eps_4q": 2.41,
            "eps_4q_growth_year": -46.2,
            "roe": 1.63,
            "roe_4q": 9.239999999999998,
            "gross_profit": 156360,
            "gross_margin": 40.73,
            "gross_margin_4q_avg": 40.19,
            "net_income": 30120,
            "net_income_4q": null,
            "revenue": 383867,
            "revenue_4q": null,
            "common_shares": 603273,
            "book_valuer_per_share": 30.85,
            "book_valuer_per_share_4q_avg": 30.14,
            "equity": 1860800,
            "current_ratio": 426.5,
            "debt_ratio": 21.51,
            "inventory_turnover_ratio": 0.63,
            "account_receivable_turnover_ratio": 0.51,
            "reinvestment_rate": -2.56,
            "research_to_sale_ratio": 11.29,
            "price_fair": 157.68,
            "eps_avg_yearly": 4.51,
            "eps_latest_yearly": 6.08,
            "eps_growth_yearly": 126.58
        },
        "20114": {
            "year_quarter": 20114,
            "year": 2011,
            "quarter": 4,
            "eps": -0.04,
            "eps_growth_year": -104.81,
            "eps_4q": 1.64,
            "eps_4q_growth_year": -69.42,
            "roe": -0.13,
            "roe_4q": 6.15,
            "gross_profit": 162916,
            "gross_margin": 46.7,
            "gross_margin_4q_avg": 40.24,
            "net_income": -2450,
            "net_income_4q": null,
            "revenue": 348851,
            "revenue_4q": null,
            "common_shares": 603273,
            "book_valuer_per_share": 30.85,
            "book_valuer_per_share_4q_avg": 30.62,
            "equity": 1861253,
            "current_ratio": 526.6,
            "debt_ratio": 23.22,
            "inventory_turnover_ratio": 0.6,
            "account_receivable_turnover_ratio": 0.45,
            "reinvestment_rate": -3.86,
            "research_to_sale_ratio": 16.44,
            "price_fair": 145,
            "eps_avg_yearly": 4.14,
            "eps_latest_yearly": 6.08,
            "eps_growth_yearly": 31.35
        },
        "20121": {
            "year_quarter": 20121,
            "year": 2012,
            "quarter": 1,
            "eps": -0.95,
            "eps_growth_year": -162.5,
            "eps_4q": -0.61,
            "eps_4q_growth_year": -111.11,
            "roe": -3.12,
            "roe_4q": -2.06,
            "gross_profit": 53721,
            "gross_margin": 41.01,
            "gross_margin_4q_avg": 40.27,
            "net_income": -57249,
            "net_income_4q": null,
            "revenue": 131003,
            "revenue_4q": null,
            "common_shares": 605828,
            "book_valuer_per_share": 29.88,
            "book_valuer_per_share_4q_avg": 30.46,
            "equity": 1810304,
            "current_ratio": 627.02,
            "debt_ratio": 20.61,
            "inventory_turnover_ratio": 0.28,
            "account_receivable_turnover_ratio": 0.17,
            "reinvestment_rate": -11.72,
            "research_to_sale_ratio": 34.44,
            "price_fair": 159.83,
            "eps_avg_yearly": 4.57,
            "eps_latest_yearly": 6.08,
            "eps_growth_yearly": 88.09
        },
        "20122": {
            "year_quarter": 20122,
            "year": 2012,
            "quarter": 2,
            "eps": -1.45,
            "eps_growth_year": null,
            "eps_4q": -1.94,
            "eps_4q_growth_year": -153.85,
            "roe": -5.05,
            "roe_4q": -6.670000000000001,
            "gross_profit": 62697,
            "gross_margin": 52.1,
            "gross_margin_4q_avg": 45.14,
            "net_income": -87664,
            "net_income_4q": null,
            "revenue": 120340,
            "revenue_4q": null,
            "common_shares": 605903,
            "book_valuer_per_share": 27.46,
            "book_valuer_per_share_4q_avg": 29.76,
            "equity": 1663961,
            "current_ratio": 466.17,
            "debt_ratio": 25.57,
            "inventory_turnover_ratio": 0.19,
            "account_receivable_turnover_ratio": 0.17,
            "reinvestment_rate": -16.87,
            "research_to_sale_ratio": 50.85,
            "price_fair": 169.68,
            "eps_avg_yearly": 4.85,
            "eps_latest_yearly": 6.08,
            "eps_growth_yearly": 27.71
        },
        "20123": {
            "year_quarter": 20123,
            "year": 2012,
            "quarter": 3,
            "eps": -0.98,
            "eps_growth_year": -295.35,
            "eps_4q": -3.41,
            "eps_4q_growth_year": -241.24,
            "roe": -3.61,
            "roe_4q": -11.910000000000002,
            "gross_profit": 65621,
            "gross_margin": 40.08,
            "gross_margin_4q_avg": 44.97,
            "net_income": -59095,
            "net_income_4q": null,
            "revenue": 163716,
            "revenue_4q": null,
            "common_shares": 605903,
            "book_valuer_per_share": 26.51,
            "book_valuer_per_share_4q_avg": 28.68,
            "equity": 1606273,
            "current_ratio": 370.35,
            "debt_ratio": 30.51,
            "inventory_turnover_ratio": 0.27,
            "account_receivable_turnover_ratio": 0.25,
            "reinvestment_rate": -11.53,
            "research_to_sale_ratio": 23.79,
            "price_fair": 194.25,
            "eps_avg_yearly": 5.55,
            "eps_latest_yearly": 6.08,
            "eps_growth_yearly": 70.08
        },
        "20124": {
            "year_quarter": 20124,
            "year": 2012,
            "quarter": 4,
            "eps": -0.12,
            "eps_growth_year": null,
            "eps_4q": -3.49,
            "eps_4q_growth_year": -312.44,
            "roe": -0.47,
            "roe_4q": -12.25,
            "gross_profit": 157923,
            "gross_margin": 40.77,
            "gross_margin_4q_avg": 43.49,
            "net_income": -7479,
            "net_income_4q": null,
            "revenue": 387334,
            "revenue_4q": null,
            "common_shares": 605903,
            "book_valuer_per_share": 26.37,
            "book_valuer_per_share_4q_avg": 27.56,
            "equity": 1597919,
            "current_ratio": 478.97,
            "debt_ratio": 24.6,
            "inventory_turnover_ratio": 0.71,
            "account_receivable_turnover_ratio": 0.62,
            "reinvestment_rate": 46.28,
            "research_to_sale_ratio": 12.76,
            "price_fair": 194.25,
            "eps_avg_yearly": 5.55,
            "eps_latest_yearly": 6.08,
            "eps_growth_yearly": 70.08
        },
        "20131": {
            "year_quarter": 20131,
            "year": 2013,
            "quarter": 1,
            "eps": 0.03,
            "eps_growth_year": null,
            "eps_4q": -2.51,
            "eps_4q_growth_year": null,
            "roe": 0.1,
            "roe_4q": -9.03,
            "gross_profit": 88506,
            "gross_margin": 40.01,
            "gross_margin_4q_avg": 43.24,
            "net_income": 1520,
            "net_income_4q": null,
            "revenue": 221235,
            "revenue_4q": null,
            "common_shares": 607355,
            "book_valuer_per_share": 25.7,
            "book_valuer_per_share_4q_avg": 26.51,
            "equity": 1560973,
            "current_ratio": 482.13,
            "debt_ratio": 24.16,
            "inventory_turnover_ratio": 0.54,
            "account_receivable_turnover_ratio": 0.36,
            "reinvestment_rate": 127.43,
            "research_to_sale_ratio": 14.28,
            "price_fair": 194.25,
            "eps_avg_yearly": 5.55,
            "eps_latest_yearly": 6.08,
            "eps_growth_yearly": 70.08
        },
        "20132": {
            "year_quarter": 20132,
            "year": 2013,
            "quarter": 2,
            "eps": -0.78,
            "eps_growth_year": null,
            "eps_4q": -1.85,
            "eps_4q_growth_year": null,
            "roe": -3.08,
            "roe_4q": -7.0600000000000005,
            "gross_profit": 123643,
            "gross_margin": 47.98,
            "gross_margin_4q_avg": 42.21,
            "net_income": -47423,
            "net_income_4q": null,
            "revenue": 257691,
            "revenue_4q": null,
            "common_shares": 607475,
            "book_valuer_per_share": 24.93,
            "book_valuer_per_share_4q_avg": 25.88,
            "equity": 1514686,
            "current_ratio": 265,
            "debt_ratio": 37.68,
            "inventory_turnover_ratio": 0.38,
            "account_receivable_turnover_ratio": 0.44,
            "reinvestment_rate": 145.1,
            "research_to_sale_ratio": 24.71,
            "price_fair": 194.25,
            "eps_avg_yearly": 5.55,
            "eps_latest_yearly": 6.08,
            "eps_growth_yearly": 70.08
        },
        "20133": {
            "year_quarter": 20133,
            "year": 2013,
            "quarter": 3,
            "eps": -0.94,
            "eps_growth_year": null,
            "eps_4q": -1.82,
            "eps_4q_growth_year": null,
            "roe": -3.84,
            "roe_4q": -7.29,
            "gross_profit": 110056,
            "gross_margin": 35.15,
            "gross_margin_4q_avg": 40.98,
            "net_income": -57059,
            "net_income_4q": null,
            "revenue": 313090,
            "revenue_4q": null,
            "common_shares": 607475,
            "book_valuer_per_share": 24,
            "book_valuer_per_share_4q_avg": 25.25,
            "equity": 1457728,
            "current_ratio": 243.06,
            "debt_ratio": 40.34,
            "inventory_turnover_ratio": 0.43,
            "account_receivable_turnover_ratio": 0.57,
            "reinvestment_rate": 302.86,
            "research_to_sale_ratio": 16.3,
            "price_fair": 194.25,
            "eps_avg_yearly": 5.55,
            "eps_latest_yearly": 6.08,
            "eps_growth_yearly": 70.08
        },
        "20134": {
            "year_quarter": 20134,
            "year": 2013,
            "quarter": 4,
            "eps": 0.7,
            "eps_growth_year": null,
            "eps_4q": -0.99,
            "eps_4q_growth_year": null,
            "roe": 2.89,
            "roe_4q": -3.9299999999999993,
            "gross_profit": 156335,
            "gross_margin": 32.42,
            "gross_margin_4q_avg": 38.89,
            "net_income": 42740,
            "net_income_4q": null,
            "revenue": 482180,
            "revenue_4q": null,
            "common_shares": 607575,
            "book_valuer_per_share": 24.69,
            "book_valuer_per_share_4q_avg": 24.83,
            "equity": 1499940,
            "current_ratio": 283.6,
            "debt_ratio": 35.41,
            "inventory_turnover_ratio": 0.83,
            "account_receivable_turnover_ratio": 0.9,
            "reinvestment_rate": 177.54,
            "research_to_sale_ratio": 11.09,
            "price_fair": 194.25,
            "eps_avg_yearly": 5.55,
            "eps_latest_yearly": 6.08,
            "eps_growth_yearly": 70.08
        },
        "20141": {
            "year_quarter": 20141,
            "year": 2014,
            "quarter": 1,
            "eps": -1.17,
            "eps_growth_year": -4000,
            "eps_4q": -2.18,
            "eps_4q_growth_year": null,
            "roe": -4.83,
            "roe_4q": -8.86,
            "gross_profit": 47174,
            "gross_margin": 43.01,
            "gross_margin_4q_avg": 39.64,
            "net_income": -70802,
            "net_income_4q": null,
            "revenue": 109690,
            "revenue_4q": null,
            "common_shares": 608688,
            "book_valuer_per_share": 23.48,
            "book_valuer_per_share_4q_avg": 24.28,
            "equity": 1429447,
            "current_ratio": 234.61,
            "debt_ratio": 41.07,
            "inventory_turnover_ratio": 0.15,
            "account_receivable_turnover_ratio": 0.2,
            "reinvestment_rate": null,
            "research_to_sale_ratio": 38.12,
            "price_fair": 194.25,
            "eps_avg_yearly": 5.55,
            "eps_latest_yearly": 6.08,
            "eps_growth_yearly": 70.08
        },
        "20142": {
            "year_quarter": 20142,
            "year": 2014,
            "quarter": 2,
            "eps": -0.32,
            "eps_growth_year": null,
            "eps_4q": -1.72,
            "eps_4q_growth_year": null,
            "roe": -1.36,
            "roe_4q": -7.140000000000001,
            "gross_profit": 128249,
            "gross_margin": 38.38,
            "gross_margin_4q_avg": 37.24,
            "net_income": -19271,
            "net_income_4q": null,
            "revenue": 334161,
            "revenue_4q": null,
            "common_shares": 608688,
            "book_valuer_per_share": 23.15,
            "book_valuer_per_share_4q_avg": 23.83,
            "equity": 1409321,
            "current_ratio": 219.95,
            "debt_ratio": 43.38,
            "inventory_turnover_ratio": 0.38,
            "account_receivable_turnover_ratio": 0.67,
            "reinvestment_rate": null,
            "research_to_sale_ratio": 12.55,
            "price_fair": 201.6,
            "eps_avg_yearly": 5.76,
            "eps_latest_yearly": 6.08,
            "eps_growth_yearly": 107.93
        },
        "20143": {
            "year_quarter": 20143,
            "year": 2014,
            "quarter": 3,
            "eps": 0.98,
            "eps_growth_year": null,
            "eps_4q": 0.21,
            "eps_4q_growth_year": null,
            "roe": 4.16,
            "roe_4q": 0.8599999999999999,
            "gross_profit": 166304,
            "gross_margin": 37.27,
            "gross_margin_4q_avg": 37.77,
            "net_income": 59858,
            "net_income_4q": null,
            "revenue": 446263,
            "revenue_4q": null,
            "common_shares": 608688,
            "book_valuer_per_share": 24.16,
            "book_valuer_per_share_4q_avg": 23.87,
            "equity": 1470939,
            "current_ratio": 250.57,
            "debt_ratio": 38.53,
            "inventory_turnover_ratio": 0.55,
            "account_receivable_turnover_ratio": 0.87,
            "reinvestment_rate": null,
            "research_to_sale_ratio": 10.03,
            "price_fair": 165.9,
            "eps_avg_yearly": 4.74,
            "eps_latest_yearly": 6.08,
            "eps_growth_yearly": 44.83
        },
        "20144": {
            "year_quarter": 20144,
            "year": 2014,
            "quarter": 4,
            "eps": 2.5,
            "eps_growth_year": 256.09,
            "eps_4q": 2.01,
            "eps_4q_growth_year": null,
            "roe": 9.87,
            "roe_4q": 7.84,
            "gross_profit": 301659,
            "gross_margin": 48.78,
            "gross_margin_4q_avg": 41.86,
            "net_income": 152811,
            "net_income_4q": null,
            "revenue": 618436,
            "revenue_4q": null,
            "common_shares": 610037,
            "book_valuer_per_share": 26.67,
            "book_valuer_per_share_4q_avg": 24.37,
            "equity": 1626956,
            "current_ratio": 318.84,
            "debt_ratio": 31.62,
            "inventory_turnover_ratio": 0.86,
            "account_receivable_turnover_ratio": 0.97,
            "reinvestment_rate": null,
            "research_to_sale_ratio": 9.84,
            "price_fair": 281.4,
            "eps_avg_yearly": 8.04,
            "eps_latest_yearly": 10,
            "eps_growth_yearly": 467.85
        },
        "20151": {
            "year_quarter": 20151,
            "year": 2015,
            "quarter": 1,
            "eps": -0.18,
            "eps_growth_year": null,
            "eps_4q": 2.99,
            "eps_4q_growth_year": null,
            "roe": -0.68,
            "roe_4q": 11.99,
            "gross_profit": 92736,
            "gross_margin": 48.39,
            "gross_margin_4q_avg": 43.21,
            "net_income": -11126,
            "net_income_4q": null,
            "revenue": 191657,
            "revenue_4q": null,
            "common_shares": 610037,
            "book_valuer_per_share": 26.64,
            "book_valuer_per_share_4q_avg": 25.16,
            "equity": 1625116,
            "current_ratio": 327.48,
            "debt_ratio": 30.39,
            "inventory_turnover_ratio": 0.32,
            "account_receivable_turnover_ratio": 0.27,
            "reinvestment_rate": null,
            "research_to_sale_ratio": 17.97,
            "price_fair": 350,
            "eps_avg_yearly": 10,
            "eps_latest_yearly": 10,
            "eps_growth_yearly": 620.41
        },
        "20152": {
            "year_quarter": 20152,
            "year": 2015,
            "quarter": 2,
            "eps": 0.73,
            "eps_growth_year": null,
            "eps_4q": 4.03,
            "eps_4q_growth_year": null,
            "roe": 2.72,
            "roe_4q": 16.07,
            "gross_profit": 170553,
            "gross_margin": 51.96,
            "gross_margin_4q_avg": 46.6,
            "net_income": 44495,
            "net_income_4q": null,
            "revenue": 328233,
            "revenue_4q": null,
            "common_shares": 610787,
            "book_valuer_per_share": 26.85,
            "book_valuer_per_share_4q_avg": 26.08,
            "equity": 1640532,
            "current_ratio": 326.74,
            "debt_ratio": 30.15,
            "inventory_turnover_ratio": 0.49,
            "account_receivable_turnover_ratio": 0.5,
            "reinvestment_rate": null,
            "research_to_sale_ratio": 11.06,
            "price_fair": 350,
            "eps_avg_yearly": 10,
            "eps_latest_yearly": 10,
            "eps_growth_yearly": 620.41
        },
        "20153": {
            "year_quarter": 20153,
            "year": 2015,
            "quarter": 3,
            "eps": 1.32,
            "eps_growth_year": 34.69,
            "eps_4q": 4.37,
            "eps_4q_growth_year": 2023.06,
            "roe": 4.8,
            "roe_4q": 16.71,
            "gross_profit": 165047,
            "gross_margin": 52.95,
            "gross_margin_4q_avg": 50.52,
            "net_income": 80694,
            "net_income_4q": null,
            "revenue": 311731,
            "revenue_4q": null,
            "common_shares": 611087,
            "book_valuer_per_share": 28.2,
            "book_valuer_per_share_4q_avg": 27.09,
            "equity": 1723456,
            "current_ratio": 323.47,
            "debt_ratio": 30.55,
            "inventory_turnover_ratio": 0.44,
            "account_receivable_turnover_ratio": 0.47,
            "reinvestment_rate": null,
            "research_to_sale_ratio": 12.16,
            "price_fair": 267.4,
            "eps_avg_yearly": 7.64,
            "eps_latest_yearly": 5.28,
            "eps_growth_yearly": 471.85
        },
        "20154": {
            "year_quarter": 20154,
            "year": 2015,
            "quarter": 4,
            "eps": 1.19,
            "eps_growth_year": -52.34,
            "eps_4q": 3.06,
            "eps_4q_growth_year": 52.22,
            "roe": 4.15,
            "roe_4q": 10.99,
            "gross_profit": 310253,
            "gross_margin": 53,
            "gross_margin_4q_avg": 51.58,
            "net_income": 72999,
            "net_income_4q": null,
            "revenue": 585381,
            "revenue_4q": null,
            "common_shares": 611087,
            "book_valuer_per_share": 29.38,
            "book_valuer_per_share_4q_avg": 27.77,
            "equity": 1796507,
            "current_ratio": 352.29,
            "debt_ratio": 28.01,
            "inventory_turnover_ratio": 0.82,
            "account_receivable_turnover_ratio": 0.73,
            "reinvestment_rate": 491.26,
            "research_to_sale_ratio": 11.59,
            "price_fair": 233.8,
            "eps_avg_yearly": 6.68,
            "eps_latest_yearly": 4.76,
            "eps_growth_yearly": 301.43
        },
        "20161": {
            "year_quarter": 20161,
            "year": 2016,
            "quarter": 1,
            "eps": -0.51,
            "eps_growth_year": null,
            "eps_4q": 2.72,
            "eps_4q_growth_year": -8.84,
            "roe": -1.77,
            "roe_4q": 9.9,
            "gross_profit": 112520,
            "gross_margin": 46.95,
            "gross_margin_4q_avg": 51.22,
            "net_income": -31473,
            "net_income_4q": null,
            "revenue": 239680,
            "revenue_4q": null,
            "common_shares": 612087,
            "book_valuer_per_share": 28.85,
            "book_valuer_per_share_4q_avg": 28.32,
            "equity": 1765900,
            "current_ratio": 295.11,
            "debt_ratio": 32.42,
            "inventory_turnover_ratio": 0.4,
            "account_receivable_turnover_ratio": 0.31,
            "reinvestment_rate": 336.64,
            "research_to_sale_ratio": 15.55,
            "price_fair": 233.8,
            "eps_avg_yearly": 6.68,
            "eps_latest_yearly": 4.76,
            "eps_growth_yearly": 301.43
        },
        "20162": {
            "year_quarter": 20162,
            "year": 2016,
            "quarter": 2,
            "eps": -0.45,
            "eps_growth_year": -161.64,
            "eps_4q": 1.55,
            "eps_4q_growth_year": -61.58,
            "roe": -1.64,
            "roe_4q": 5.54,
            "gross_profit": 108384,
            "gross_margin": 46.04,
            "gross_margin_4q_avg": 49.74,
            "net_income": -27543,
            "net_income_4q": null,
            "revenue": 235435,
            "revenue_4q": null,
            "common_shares": 612087,
            "book_valuer_per_share": 25.87,
            "book_valuer_per_share_4q_avg": 28.08,
            "equity": 1583719,
            "current_ratio": 194.97,
            "debt_ratio": 47.35,
            "inventory_turnover_ratio": 0.27,
            "account_receivable_turnover_ratio": 0.37,
            "reinvestment_rate": 167.54,
            "research_to_sale_ratio": 14.9,
            "price_fair": 233.8,
            "eps_avg_yearly": 6.68,
            "eps_latest_yearly": 4.76,
            "eps_growth_yearly": 301.43
        },
        "20163": {
            "year_quarter": 20163,
            "year": 2016,
            "quarter": 3,
            "eps": 1.48,
            "eps_growth_year": 12.12,
            "eps_4q": 1.7,
            "eps_4q_growth_year": -60.98,
            "roe": 5.55,
            "roe_4q": 6.290000000000001,
            "gross_profit": 281712,
            "gross_margin": 49.09,
            "gross_margin_4q_avg": 48.77,
            "net_income": 90320,
            "net_income_4q": null,
            "revenue": 573902,
            "revenue_4q": null,
            "common_shares": 612087,
            "book_valuer_per_share": 27.3,
            "book_valuer_per_share_4q_avg": 27.85,
            "equity": 1671162,
            "current_ratio": 167.19,
            "debt_ratio": 54.35,
            "inventory_turnover_ratio": 0.42,
            "account_receivable_turnover_ratio": 0.93,
            "reinvestment_rate": 71.26,
            "research_to_sale_ratio": 6.39,
            "price_fair": 233.8,
            "eps_avg_yearly": 6.68,
            "eps_latest_yearly": 4.76,
            "eps_growth_yearly": 301.43
        },
        "20164": {
            "year_quarter": 20164,
            "year": 2016,
            "quarter": 4,
            "eps": 3.53,
            "eps_growth_year": 195.96,
            "eps_4q": 4.04,
            "eps_4q_growth_year": 32.16,
            "roe": 12.18,
            "roe_4q": 14.32,
            "gross_profit": 487938,
            "gross_margin": 50.33,
            "gross_margin_4q_avg": 48.1,
            "net_income": 216933,
            "net_income_4q": null,
            "revenue": 969465,
            "revenue_4q": null,
            "common_shares": 612137,
            "book_valuer_per_share": 30.82,
            "book_valuer_per_share_4q_avg": 28.21,
            "equity": 1892380,
            "current_ratio": 175.21,
            "debt_ratio": 51.98,
            "inventory_turnover_ratio": 0.68,
            "account_receivable_turnover_ratio": 1.38,
            "reinvestment_rate": 24.78,
            "research_to_sale_ratio": 10.03,
            "price_fair": 298.9,
            "eps_avg_yearly": 8.54,
            "eps_latest_yearly": 14.12,
            "eps_growth_yearly": 364.59
        },
        "20171": {
            "year_quarter": 20171,
            "year": 2017,
            "quarter": 1,
            "eps": -1.41,
            "eps_growth_year": null,
            "eps_4q": 3.14,
            "eps_4q_growth_year": 15.24,
            "roe": -4.7,
            "roe_4q": 11.389999999999999,
            "gross_profit": 169539,
            "gross_margin": 42.02,
            "gross_margin_4q_avg": 46.87,
            "net_income": -86797,
            "net_income_4q": null,
            "revenue": 403450,
            "revenue_4q": null,
            "common_shares": 614387,
            "book_valuer_per_share": 29.34,
            "book_valuer_per_share_4q_avg": 28.33,
            "equity": 1803000,
            "current_ratio": 155.31,
            "debt_ratio": 58.69,
            "inventory_turnover_ratio": 0.3,
            "account_receivable_turnover_ratio": 0.51,
            "reinvestment_rate": 5.65,
            "research_to_sale_ratio": 15.55,
            "price_fair": 298.9,
            "eps_avg_yearly": 8.54,
            "eps_latest_yearly": 14.12,
            "eps_growth_yearly": 364.59
        },
        "20172": {
            "year_quarter": 20172,
            "year": 2017,
            "quarter": 2,
            "eps": 1.84,
            "eps_growth_year": null,
            "eps_4q": 5.42,
            "eps_4q_growth_year": 250.72,
            "roe": 6.45,
            "roe_4q": 19.48,
            "gross_profit": 275616,
            "gross_margin": 37.51,
            "gross_margin_4q_avg": 44.74,
            "net_income": 112985,
            "net_income_4q": null,
            "revenue": 734719,
            "revenue_4q": null,
            "common_shares": 614587,
            "book_valuer_per_share": 27.7,
            "book_valuer_per_share_4q_avg": 28.79,
            "equity": 1702827,
            "current_ratio": 147.78,
            "debt_ratio": 61.25,
            "inventory_turnover_ratio": 0.53,
            "account_receivable_turnover_ratio": 0.87,
            "reinvestment_rate": 5,
            "research_to_sale_ratio": 5.23,
            "price_fair": 298.9,
            "eps_avg_yearly": 8.54,
            "eps_latest_yearly": 14.12,
            "eps_growth_yearly": 364.59
        },
        "20173": {
            "year_quarter": 20173,
            "year": 2017,
            "quarter": 3,
            "eps": 0.58,
            "eps_growth_year": -60.81,
            "eps_4q": 4.54,
            "eps_4q_growth_year": 166.35,
            "roe": 2.08,
            "roe_4q": 16.01,
            "gross_profit": 246542,
            "gross_margin": 40.64,
            "gross_margin_4q_avg": 42.63,
            "net_income": 35845,
            "net_income_4q": null,
            "revenue": 606665,
            "revenue_4q": null,
            "common_shares": 614687,
            "book_valuer_per_share": 28.3,
            "book_valuer_per_share_4q_avg": 29.04,
            "equity": 1739804,
            "current_ratio": 147.33,
            "debt_ratio": 61.43,
            "inventory_turnover_ratio": 0.37,
            "account_receivable_turnover_ratio": 0.65,
            "reinvestment_rate": 3.48,
            "research_to_sale_ratio": 10.9,
            "price_fair": 255.36,
            "eps_avg_yearly": 7.3,
            "eps_latest_yearly": 2.32,
            "eps_growth_yearly": 236.89
        },
        "20174": {
            "year_quarter": 20174,
            "year": 2017,
            "quarter": 4,
            "eps": 1.74,
            "eps_growth_year": -50.65,
            "eps_4q": 2.75,
            "eps_4q_growth_year": -31.91,
            "roe": 5.98,
            "roe_4q": 9.810000000000002,
            "gross_profit": 376741,
            "gross_margin": 35.49,
            "gross_margin_4q_avg": 38.92,
            "net_income": 107184,
            "net_income_4q": null,
            "revenue": 1061549,
            "revenue_4q": null,
            "common_shares": 614687,
            "book_valuer_per_share": 30.06,
            "book_valuer_per_share_4q_avg": 28.85,
            "equity": 1847709,
            "current_ratio": 179,
            "debt_ratio": 49.06,
            "inventory_turnover_ratio": 0.69,
            "account_receivable_turnover_ratio": 1.01,
            "reinvestment_rate": 9.34,
            "research_to_sale_ratio": 6.57,
            "price_fair": 253.4,
            "eps_avg_yearly": 7.24,
            "eps_latest_yearly": 6.96,
            "eps_growth_yearly": 330.74
        },
        "20181": {
            "year_quarter": 20181,
            "year": 2018,
            "quarter": 1,
            "eps": 0.05,
            "eps_growth_year": null,
            "eps_4q": 4.21,
            "eps_4q_growth_year": 34.17,
            "roe": 0.16,
            "roe_4q": 14.670000000000002,
            "gross_profit": 186212,
            "gross_margin": 42.57,
            "gross_margin_4q_avg": 39.05,
            "net_income": 2864,
            "net_income_4q": null,
            "revenue": 437427,
            "revenue_4q": null,
            "common_shares": 614687,
            "book_valuer_per_share": 29.86,
            "book_valuer_per_share_4q_avg": 28.98,
            "equity": 1835216,
            "current_ratio": 153.63,
            "debt_ratio": 52.68,
            "inventory_turnover_ratio": 0.24,
            "account_receivable_turnover_ratio": 0.39,
            "reinvestment_rate": 1.46,
            "research_to_sale_ratio": 12.16,
            "price_fair": 218.2,
            "eps_avg_yearly": 6.23,
            "eps_latest_yearly": 0.2,
            "eps_growth_yearly": 227.99
        },
        "20182": {
            "year_quarter": 20182,
            "year": 2018,
            "quarter": 2,
            "eps": 1.33,
            "eps_growth_year": -27.72,
            "eps_4q": 3.71,
            "eps_4q_growth_year": -31.7,
            "roe": 4.47,
            "roe_4q": 12.69,
            "gross_profit": 295685,
            "gross_margin": 38.15,
            "gross_margin_4q_avg": 39.21,
            "net_income": 81864,
            "net_income_4q": null,
            "revenue": 775114,
            "revenue_4q": null,
            "common_shares": 614687,
            "book_valuer_per_share": 29.68,
            "book_valuer_per_share_4q_avg": 29.48,
            "equity": 1824393,
            "current_ratio": 154.59,
            "debt_ratio": 52.5,
            "inventory_turnover_ratio": 0.41,
            "account_receivable_turnover_ratio": 0.66,
            "reinvestment_rate": 1.55,
            "research_to_sale_ratio": 6.81,
            "price_fair": 214.2,
            "eps_avg_yearly": 6.12,
            "eps_latest_yearly": 5.32,
            "eps_growth_yearly": 1479.49
        },
        "20183": {
            "year_quarter": 20183,
            "year": 2018,
            "quarter": 3,
            "eps": 1.91,
            "eps_growth_year": 229.31,
            "eps_4q": 5.05,
            "eps_4q_growth_year": 11.36,
            "roe": 6.32,
            "roe_4q": 16.93,
            "gross_profit": 364045,
            "gross_margin": 42.88,
            "gross_margin_4q_avg": 39.77,
            "net_income": 117088,
            "net_income_4q": null,
            "revenue": 848947,
            "revenue_4q": null,
            "common_shares": 614687,
            "book_valuer_per_share": 30.78,
            "book_valuer_per_share_4q_avg": 30.1,
            "equity": 1882092,
            "current_ratio": 153.41,
            "debt_ratio": 54.38,
            "inventory_turnover_ratio": 0.42,
            "account_receivable_turnover_ratio": 0.65,
            "reinvestment_rate": 1.33,
            "research_to_sale_ratio": 6.51,
            "price_fair": 220.11,
            "eps_avg_yearly": 6.29,
            "eps_latest_yearly": 7.64,
            "eps_growth_yearly": 1334.49
        },
        "20184": {
            "year_quarter": 20184,
            "year": 2018,
            "quarter": 4,
            "eps": 1.5,
            "eps_growth_year": -14.23,
            "eps_4q": 4.87,
            "eps_4q_growth_year": 76.82,
            "roe": 4.65,
            "roe_4q": 15.600000000000001,
            "gross_profit": 417316,
            "gross_margin": 39.58,
            "gross_margin_4q_avg": 40.8,
            "net_income": 89514,
            "net_income_4q": null,
            "revenue": 1054274,
            "revenue_4q": null,
            "common_shares": 614687,
            "book_valuer_per_share": 32.94,
            "book_valuer_per_share_4q_avg": 30.82,
            "equity": 1971469,
            "current_ratio": 161.69,
            "debt_ratio": 49.39,
            "inventory_turnover_ratio": 0.63,
            "account_receivable_turnover_ratio": 0.71,
            "reinvestment_rate": 1.65,
            "research_to_sale_ratio": 8.11,
            "price_fair": 204.56,
            "eps_avg_yearly": 5.84,
            "eps_latest_yearly": 6,
            "eps_growth_yearly": 1256.01
        },
        "20191": {
            "year_quarter": 20191,
            "year": 2019,
            "quarter": 1,
            "eps": 1.76,
            "eps_growth_year": 3420,
            "eps_4q": 6.58,
            "eps_4q_growth_year": 56.15,
            "roe": 5.2,
            "roe_4q": 20.64,
            "gross_profit": 285466,
            "gross_margin": 49.53,
            "gross_margin_4q_avg": 42.54,
            "net_income": 105120,
            "net_income_4q": null,
            "revenue": 576294,
            "revenue_4q": null,
            "common_shares": 614687,
            "book_valuer_per_share": 34.66,
            "book_valuer_per_share_4q_avg": 32.02,
            "equity": 2074297,
            "current_ratio": 159.88,
            "debt_ratio": 49.7,
            "inventory_turnover_ratio": 0.32,
            "account_receivable_turnover_ratio": 0.36,
            "reinvestment_rate": 43.5,
            "research_to_sale_ratio": 10.62,
            "price_fair": 208.74,
            "eps_avg_yearly": 5.96,
            "eps_latest_yearly": 7.04,
            "eps_growth_yearly": 1137.34
        },
        "20192": {
            "year_quarter": 20192,
            "year": 2019,
            "quarter": 2,
            "eps": 3.21,
            "eps_growth_year": 141.35,
            "eps_4q": 8.42,
            "eps_4q_growth_year": 127.26,
            "roe": 9.24,
            "roe_4q": 25.410000000000004,
            "gross_profit": 341617,
            "gross_margin": 47.92,
            "gross_margin_4q_avg": 44.98,
            "net_income": 192254,
            "net_income_4q": null,
            "revenue": 712954,
            "revenue_4q": null,
            "common_shares": 614687,
            "book_valuer_per_share": 34.86,
            "book_valuer_per_share_4q_avg": 33.31,
            "equity": 2086105,
            "current_ratio": 200.91,
            "debt_ratio": 51.21,
            "inventory_turnover_ratio": 0.39,
            "account_receivable_turnover_ratio": 0.41,
            "reinvestment_rate": 20.79,
            "research_to_sale_ratio": 10.05,
            "price_fair": 230.62,
            "eps_avg_yearly": 6.59,
            "eps_latest_yearly": 12.84,
            "eps_growth_yearly": 1063.91
        },
        "20193": {
            "year_quarter": 20193,
            "year": 2019,
            "quarter": 3,
            "eps": 1.59,
            "eps_growth_year": -16.75,
            "eps_4q": 8.05,
            "eps_4q_growth_year": 59.3,
            "roe": 4.45,
            "roe_4q": 23.54,
            "gross_profit": 323793,
            "gross_margin": 47.37,
            "gross_margin_4q_avg": 46.1,
            "net_income": 94968,
            "net_income_4q": null,
            "revenue": 683549,
            "revenue_4q": null,
            "common_shares": 614687,
            "book_valuer_per_share": 36.4,
            "book_valuer_per_share_4q_avg": 34.72,
            "equity": 2178585,
            "current_ratio": 184.62,
            "debt_ratio": 45.97,
            "inventory_turnover_ratio": 0.4,
            "account_receivable_turnover_ratio": 0.36,
            "reinvestment_rate": 20.5,
            "research_to_sale_ratio": 11.66,
            "price_fair": 234.05,
            "eps_avg_yearly": 6.69,
            "eps_latest_yearly": 6.36,
            "eps_growth_yearly": 1016.17
        },
        "20194": {
            "year_quarter": 20194,
            "year": 2019,
            "quarter": 4,
            "eps": -0.47,
            "eps_growth_year": -131.14,
            "eps_4q": 6.09,
            "eps_4q_growth_year": 25.1,
            "roe": -1.29,
            "roe_4q": 17.6,
            "gross_profit": 188438,
            "gross_margin": 42.49,
            "gross_margin_4q_avg": 46.83,
            "net_income": -27877,
            "net_income_4q": null,
            "revenue": 443463,
            "revenue_4q": null,
            "common_shares": 614687,
            "book_valuer_per_share": 35.62,
            "book_valuer_per_share_4q_avg": 35.39,
            "equity": 2131668,
            "current_ratio": 184.81,
            "debt_ratio": 45.72,
            "inventory_turnover_ratio": 0.29,
            "account_receivable_turnover_ratio": 0.24,
            "reinvestment_rate": 20.74,
            "research_to_sale_ratio": 14.55,
            "price_fair": 240.8,
            "eps_avg_yearly": 6.88,
            "eps_latest_yearly": 6.36,
            "eps_growth_yearly": 1121.72
        },
        "20201": {
            "year_quarter": 20201,
            "year": 2020,
            "quarter": 1,
            "eps": -0.27,
            "eps_growth_year": -115.34,
            "eps_4q": 4.07,
            "eps_4q_growth_year": -38.18,
            "roe": -0.79,
            "roe_4q": 11.61,
            "gross_profit": 105362,
            "gross_margin": 43.08,
            "gross_margin_4q_avg": 45.22,
            "net_income": -16025,
            "net_income_4q": null,
            "revenue": 244600,
            "revenue_4q": null,
            "common_shares": 614687,
            "book_valuer_per_share": 32.34,
            "book_valuer_per_share_4q_avg": 34.81,
            "equity": 1935820,
            "current_ratio": 148.53,
            "debt_ratio": 56.24,
            "inventory_turnover_ratio": 0.14,
            "account_receivable_turnover_ratio": 0.14,
            "reinvestment_rate": 25.74,
            "research_to_sale_ratio": 22.17,
            "price_fair": 240.8,
            "eps_avg_yearly": 6.88,
            "eps_latest_yearly": 6.36,
            "eps_growth_yearly": 1121.72
        },
        "20202": {
            "year_quarter": 20202,
            "year": 2020,
            "quarter": 2,
            "eps": 0.5,
            "eps_growth_year": -84.42,
            "eps_4q": 1.35,
            "eps_4q_growth_year": -83.92,
            "roe": 1.54,
            "roe_4q": 3.91,
            "gross_profit": 245520,
            "gross_margin": 50.1,
            "gross_margin_4q_avg": 45.76,
            "net_income": 29976,
            "net_income_4q": null,
            "revenue": 490078,
            "revenue_4q": null,
            "common_shares": 614687,
            "book_valuer_per_share": 32.81,
            "book_valuer_per_share_4q_avg": 34.29,
            "equity": 1963758,
            "current_ratio": 161.88,
            "debt_ratio": 52.9,
            "inventory_turnover_ratio": 0.23,
            "account_receivable_turnover_ratio": 0.28,
            "reinvestment_rate": 24.58,
            "research_to_sale_ratio": 13.48,
            "price_fair": 240.8,
            "eps_avg_yearly": 6.88,
            "eps_latest_yearly": 6.36,
            "eps_growth_yearly": 1121.72
        },
        "20203": {
            "year_quarter": 20203,
            "year": 2020,
            "quarter": 3,
            "eps": 1.78,
            "eps_growth_year": 11.95,
            "eps_4q": 1.54,
            "eps_4q_growth_year": -80.85,
            "roe": 5.26,
            "roe_4q": 4.72,
            "gross_profit": 294893,
            "gross_margin": 38.57,
            "gross_margin_4q_avg": 43.56,
            "net_income": 106186,
            "net_income_4q": null,
            "revenue": 764609,
            "revenue_4q": null,
            "common_shares": 614687,
            "book_valuer_per_share": 34.59,
            "book_valuer_per_share_4q_avg": 33.84,
            "equity": 2070296,
            "current_ratio": 180.28,
            "debt_ratio": 47.82,
            "inventory_turnover_ratio": 0.48,
            "account_receivable_turnover_ratio": 0.44,
            "reinvestment_rate": 30.07,
            "research_to_sale_ratio": 6.85,
            "price_fair": 241.56,
            "eps_avg_yearly": 6.9,
            "eps_latest_yearly": 7.12,
            "eps_growth_yearly": 1112.84
        },
        "20204": {
            "year_quarter": 20204,
            "year": 2020,
            "quarter": 4,
            "eps": 2.02,
            "eps_growth_year": null,
            "eps_4q": 4.03,
            "eps_4q_growth_year": -33.79,
            "roe": 5.67,
            "roe_4q": 11.68,
            "gross_profit": 423589,
            "gross_margin": 52.67,
            "gross_margin_4q_avg": 46.11,
            "net_income": 121162,
            "net_income_4q": null,
            "revenue": 804201,
            "revenue_4q": null,
            "common_shares": 614687,
            "book_valuer_per_share": 36.86,
            "book_valuer_per_share_4q_avg": 34.15,
            "equity": 2206133,
            "current_ratio": 195.02,
            "debt_ratio": 43.79,
            "inventory_turnover_ratio": 0.44,
            "account_receivable_turnover_ratio": 0.48,
            "reinvestment_rate": 34.67,
            "research_to_sale_ratio": 8.72,
            "price_fair": 222.35,
            "eps_avg_yearly": 6.35,
            "eps_latest_yearly": 8.08,
            "eps_growth_yearly": 1067.37
        },
        "20211": {
            "year_quarter": 20211,
            "year": 2021,
            "quarter": 1,
            "eps": 0.68,
            "eps_growth_year": null,
            "eps_4q": 4.98,
            "eps_4q_growth_year": 22.42,
            "roe": 1.92,
            "roe_4q": 14.39,
            "gross_profit": 185994,
            "gross_margin": 42.65,
            "gross_margin_4q_avg": 46,
            "net_income": 40550,
            "net_income_4q": null,
            "revenue": 436096,
            "revenue_4q": null,
            "common_shares": 614687,
            "book_valuer_per_share": 33.54,
            "book_valuer_per_share_4q_avg": 34.45,
            "equity": 2007360,
            "current_ratio": 170.21,
            "debt_ratio": 48.8,
            "inventory_turnover_ratio": 0.27,
            "account_receivable_turnover_ratio": 0.28,
            "reinvestment_rate": 32.24,
            "research_to_sale_ratio": 12.36,
            "price_fair": 211.75,
            "eps_avg_yearly": 6.05,
            "eps_latest_yearly": 2.72,
            "eps_growth_yearly": 956.31
        },
        "20212": {
            "year_quarter": 20212,
            "year": 2021,
            "quarter": 2,
            "eps": 1.45,
            "eps_growth_year": 190,
            "eps_4q": 5.93,
            "eps_4q_growth_year": 337.74,
            "roe": 4.24,
            "roe_4q": 17.09,
            "gross_profit": 302631,
            "gross_margin": 51.19,
            "gross_margin_4q_avg": 46.27,
            "net_income": 86855,
            "net_income_4q": null,
            "revenue": 591232,
            "revenue_4q": null,
            "common_shares": 614687,
            "book_valuer_per_share": 34.95,
            "book_valuer_per_share_4q_avg": 34.99,
            "equity": 2091893,
            "current_ratio": 171.63,
            "debt_ratio": 49.6,
            "inventory_turnover_ratio": 0.26,
            "account_receivable_turnover_ratio": 0.39,
            "reinvestment_rate": 33.15,
            "research_to_sale_ratio": 9.67,
            "price_fair": 211.08,
            "eps_avg_yearly": 6.03,
            "eps_latest_yearly": 5.8,
            "eps_growth_yearly": 917.59
        },
        "20213": {
            "year_quarter": 20213,
            "year": 2021,
            "quarter": 3,
            "eps": 2.61,
            "eps_growth_year": 46.63,
            "eps_4q": 6.76,
            "eps_4q_growth_year": 338.62,
            "roe": 7.19,
            "roe_4q": 19.02,
            "gross_profit": 446338,
            "gross_margin": 55.95,
            "gross_margin_4q_avg": 50.62,
            "net_income": 156102,
            "net_income_4q": null,
            "revenue": 797684,
            "revenue_4q": null,
            "common_shares": 614687,
            "book_valuer_per_share": 37.55,
            "book_valuer_per_share_4q_avg": 35.73,
            "equity": 2247659,
            "current_ratio": 196.07,
            "debt_ratio": 43.4,
            "inventory_turnover_ratio": 0.31,
            "account_receivable_turnover_ratio": 0.52,
            "reinvestment_rate": 30.15,
            "research_to_sale_ratio": 11.57,
            "price_fair": 232.94,
            "eps_avg_yearly": 6.66,
            "eps_latest_yearly": 10.44,
            "eps_growth_yearly": 963.28
        },
        "20214": {
            "year_quarter": 20214,
            "year": 2021,
            "quarter": 4,
            "eps": 2.76,
            "eps_growth_year": 36.57,
            "eps_4q": 7.5,
            "eps_4q_growth_year": 86.07,
            "roe": 7.09,
            "roe_4q": 20.440000000000005,
            "gross_profit": 460849,
            "gross_margin": 49.17,
            "gross_margin_4q_avg": 49.74,
            "net_income": 165471,
            "net_income_4q": null,
            "revenue": 937341,
            "revenue_4q": null,
            "common_shares": 598507,
            "book_valuer_per_share": 40.39,
            "book_valuer_per_share_4q_avg": 36.61,
            "equity": 2417260,
            "current_ratio": 209.77,
            "debt_ratio": 40.79,
            "inventory_turnover_ratio": 0.49,
            "account_receivable_turnover_ratio": 0.59,
            "reinvestment_rate": 26.12,
            "research_to_sale_ratio": 8.52,
            "price_fair": 243.92,
            "eps_avg_yearly": 6.97,
            "eps_latest_yearly": 11.04,
            "eps_growth_yearly": 903.51
        },
        "20221": {
            "year_quarter": 20221,
            "year": 2022,
            "quarter": 1,
            "eps": 1.29,
            "eps_growth_year": 89.71,
            "eps_4q": 8.12,
            "eps_4q_growth_year": 63.1,
            "roe": 3.38,
            "roe_4q": 21.9,
            "gross_profit": 219497,
            "gross_margin": 50.48,
            "gross_margin_4q_avg": 51.7,
            "net_income": 77411,
            "net_income_4q": null,
            "revenue": 434812,
            "revenue_4q": null,
            "common_shares": 598507,
            "book_valuer_per_share": 36.24,
            "book_valuer_per_share_4q_avg": 37.28,
            "equity": 2169163,
            "current_ratio": 164.47,
            "debt_ratio": 50.9,
            "inventory_turnover_ratio": 0.22,
            "account_receivable_turnover_ratio": 0.28,
            "reinvestment_rate": 28.75,
            "research_to_sale_ratio": 13.26,
            "price_fair": 257.28,
            "eps_avg_yearly": 7.35,
            "eps_latest_yearly": 5.16,
            "eps_growth_yearly": 917
        },
        "20222": {
            "year_quarter": 20222,
            "year": 2022,
            "quarter": 2,
            "eps": 3.21,
            "eps_growth_year": 121.38,
            "eps_4q": 9.87,
            "eps_4q_growth_year": 66.58,
            "roe": 8.48,
            "roe_4q": 26.14,
            "gross_profit": 448583,
            "gross_margin": 57.9,
            "gross_margin_4q_avg": 53.38,
            "net_income": 191954,
            "net_income_4q": null,
            "revenue": 774699,
            "revenue_4q": null,
            "common_shares": 598507,
            "book_valuer_per_share": 39.43,
            "book_valuer_per_share_4q_avg": 38.4,
            "equity": 2360211,
            "current_ratio": 158.31,
            "debt_ratio": 51.61,
            "inventory_turnover_ratio": 0.28,
            "account_receivable_turnover_ratio": 0.5,
            "reinvestment_rate": 27.26,
            "research_to_sale_ratio": 8.91,
            "price_fair": 277.52,
            "eps_avg_yearly": 7.93,
            "eps_latest_yearly": 12.84,
            "eps_growth_yearly": 175.11
        },
        "20223": {
            "year_quarter": 20223,
            "year": 2022,
            "quarter": 3,
            "eps": 4.28,
            "eps_growth_year": 63.98,
            "eps_4q": 11.54,
            "eps_4q_growth_year": 70.7,
            "roe": 10.28,
            "roe_4q": 29.229999999999997,
            "gross_profit": 519780,
            "gross_margin": 55.43,
            "gross_margin_4q_avg": 53.25,
            "net_income": 255935,
            "net_income_4q": null,
            "revenue": 937665,
            "revenue_4q": null,
            "common_shares": 598507,
            "book_valuer_per_share": 43.77,
            "book_valuer_per_share_4q_avg": 39.96,
            "equity": 2619659,
            "current_ratio": 186.09,
            "debt_ratio": 49.67,
            "inventory_turnover_ratio": 0.35,
            "account_receivable_turnover_ratio": 0.55,
            "reinvestment_rate": 66.68,
            "research_to_sale_ratio": 9.34,
            "price_fair": 303.05,
            "eps_avg_yearly": 8.66,
            "eps_latest_yearly": 17.12,
            "eps_growth_yearly": 171.95
        },
        "20224": {
            "year_quarter": 20224,
            "year": 2022,
            "quarter": 4,
            "eps": 3.77,
            "eps_growth_year": 36.31,
            "eps_4q": 12.55,
            "eps_4q_growth_year": 67.24,
            "roe": 8.25,
            "roe_4q": 30.39,
            "gross_profit": 585708,
            "gross_margin": 58.44,
            "gross_margin_4q_avg": 55.56,
            "net_income": 225549,
            "net_income_4q": null,
            "revenue": 1002221,
            "revenue_4q": null,
            "common_shares": 598507,
            "book_valuer_per_share": 47.58,
            "book_valuer_per_share_4q_avg": 41.76,
            "equity": 2847741,
            "current_ratio": 221.27,
            "debt_ratio": 43.48,
            "inventory_turnover_ratio": 0.39,
            "account_receivable_turnover_ratio": 0.59,
            "reinvestment_rate": 61.49,
            "research_to_sale_ratio": 10.14,
            "price_fair": 327.49,
            "eps_avg_yearly": 9.36,
            "eps_latest_yearly": 15.08,
            "eps_growth_yearly": 174.88
        },
        "20231": {
            "year_quarter": 20231,
            "year": 2023,
            "quarter": 1,
            "eps": 0.32,
            "eps_growth_year": -75.19,
            "eps_4q": 11.57,
            "eps_4q_growth_year": 42.58,
            "roe": 0.74,
            "roe_4q": 27.75,
            "gross_profit": 220497,
            "gross_margin": 55.51,
            "gross_margin_4q_avg": 56.82,
            "net_income": 19260,
            "net_income_4q": null,
            "revenue": 397217,
            "revenue_4q": null,
            "common_shares": 598507,
            "book_valuer_per_share": 39.4,
            "book_valuer_per_share_4q_avg": 42.55,
            "equity": 2358172,
            "current_ratio": 174.1,
            "debt_ratio": 50.91,
            "inventory_turnover_ratio": 0.18,
            "account_receivable_turnover_ratio": 0.27,
            "reinvestment_rate": 39.69,
            "research_to_sale_ratio": 15.47,
            "price_fair": 311.98,
            "eps_avg_yearly": 8.91,
            "eps_latest_yearly": 1.28,
            "eps_growth_yearly": 141.39
        },
        "20232": {
            "year_quarter": 20232,
            "year": 2023,
            "quarter": 2,
            "eps": 0.18,
            "eps_growth_year": -94.39,
            "eps_4q": 8.55,
            "eps_4q_growth_year": -13.45,
            "roe": 0.45,
            "roe_4q": 19.72,
            "gross_profit": 221434,
            "gross_margin": 58.76,
            "gross_margin_4q_avg": 57.04,
            "net_income": 10693,
            "net_income_4q": null,
            "revenue": 376856,
            "revenue_4q": null,
            "common_shares": 598507,
            "book_valuer_per_share": 39.55,
            "book_valuer_per_share_4q_avg": 42.58,
            "equity": 2367168,
            "current_ratio": 181.62,
            "debt_ratio": 51.23,
            "inventory_turnover_ratio": 0.16,
            "account_receivable_turnover_ratio": 0.3,
            "reinvestment_rate": 56.92,
            "research_to_sale_ratio": 14.71,
            "price_fair": 279.35,
            "eps_avg_yearly": 7.98,
            "eps_latest_yearly": 0.72,
            "eps_growth_yearly": 102.58
        },
        "20233": {
            "year_quarter": 20233,
            "year": 2023,
            "quarter": 3,
            "eps": 1.86,
            "eps_growth_year": -56.54,
            "eps_4q": 6.13,
            "eps_4q_growth_year": -46.88,
            "roe": 4.6,
            "roe_4q": 14.04,
            "gross_profit": 257931,
            "gross_margin": 62.16,
            "gross_margin_4q_avg": 58.72,
            "net_income": 111411,
            "net_income_4q": null,
            "revenue": 414927,
            "revenue_4q": null,
            "common_shares": 598507,
            "book_valuer_per_share": 41.46,
            "book_valuer_per_share_4q_avg": 42,
            "equity": 2481382,
            "current_ratio": 206.49,
            "debt_ratio": 46.3,
            "inventory_turnover_ratio": 0.15,
            "account_receivable_turnover_ratio": 0.34,
            "reinvestment_rate": 56.53,
            "research_to_sale_ratio": 16,
            "price_fair": 282.26,
            "eps_avg_yearly": 8.06,
            "eps_latest_yearly": 7.44,
            "eps_growth_yearly": 405.29
        },
        "20234": {
            "year_quarter": 20234,
            "year": 2023,
            "quarter": 4,
            "eps": 2.89,
            "eps_growth_year": -23.36,
            "eps_4q": 5.25,
            "eps_4q_growth_year": -58.15,
            "roe": 6.73,
            "roe_4q": 12.52,
            "gross_profit": 470902,
            "gross_margin": 57.37,
            "gross_margin_4q_avg": 58.45,
            "net_income": 172865,
            "net_income_4q": null,
            "revenue": 820810,
            "revenue_4q": null,
            "common_shares": 598507,
            "book_valuer_per_share": 44.32,
            "book_valuer_per_share_4q_avg": 41.18,
            "equity": 2652823,
            "current_ratio": 232.18,
            "debt_ratio": 42.28,
            "inventory_turnover_ratio": 0.35,
            "account_receivable_turnover_ratio": 0.64,
            "reinvestment_rate": 50.53,
            "research_to_sale_ratio": 6.92,
            "price_fair": 291,
            "eps_avg_yearly": 8.31,
            "eps_latest_yearly": 11.56,
            "eps_growth_yearly": 392.16
        }
    },
    "months": {
        "2004-12": {
            "month": "2004-12",
            "price": "55.00",
            "revenue": 42890
        },
        "2005-01": {
            "month": "2005-01",
            "price": "58.15",
            "revenue": 23158
        },
        "2005-02": {
            "month": "2005-02",
            "price": "57.25",
            "revenue": 20071
        },
        "2005-03": {
            "month": "2005-03",
            "price": "63.33",
            "revenue": 23529
        },
        "2005-04": {
            "month": "2005-04",
            "price": "64.28",
            "revenue": 2052
        },
        "2005-05": {
            "month": "2005-05",
            "price": "61.76",
            "revenue": 65464
        },
        "2005-06": {
            "month": "2005-06",
            "price": "61.50",
            "revenue": 59282
        },
        "2005-07": {
            "month": "2005-07",
            "price": "60.00",
            "revenue": 31252
        },
        "2005-08": {
            "month": "2005-08",
            "price": "46.92",
            "revenue": 29044
        },
        "2005-09": {
            "month": "2005-09",
            "price": "29.95",
            "revenue": 65415
        },
        "2005-10": {
            "month": "2005-10",
            "price": "37.55",
            "revenue": 115661
        },
        "2005-11": {
            "month": "2005-11",
            "price": "41.62",
            "revenue": 129095
        },
        "2005-12": {
            "month": "2005-12",
            "price": "45.56",
            "revenue": 181380
        },
        "2006-01": {
            "month": "2006-01",
            "price": "66.99",
            "revenue": 71801
        },
        "2006-02": {
            "month": "2006-02",
            "price": "78.20",
            "revenue": 90243
        },
        "2006-03": {
            "month": "2006-03",
            "price": "102.89",
            "revenue": 143593
        },
        "2006-04": {
            "month": "2006-04",
            "price": "149.34",
            "revenue": 207775
        },
        "2006-05": {
            "month": "2006-05",
            "price": "184.73",
            "revenue": 200167
        },
        "2006-06": {
            "month": "2006-06",
            "price": "156.42",
            "revenue": 193176
        },
        "2006-07": {
            "month": "2006-07",
            "price": "128.80",
            "revenue": 181893
        },
        "2006-08": {
            "month": "2006-08",
            "price": "118.74",
            "revenue": 110574
        },
        "2006-09": {
            "month": "2006-09",
            "price": "117.23",
            "revenue": 368554
        },
        "2006-10": {
            "month": "2006-10",
            "price": "114.73",
            "revenue": 158658
        },
        "2006-11": {
            "month": "2006-11",
            "price": "106.87",
            "revenue": 118474
        },
        "2006-12": {
            "month": "2006-12",
            "price": "106.99",
            "revenue": 84327
        },
        "2007-01": {
            "month": "2007-01",
            "price": "102.47",
            "revenue": 135492
        },
        "2007-02": {
            "month": "2007-02",
            "price": "101.17",
            "revenue": 90678
        },
        "2007-03": {
            "month": "2007-03",
            "price": "95.85",
            "revenue": 94179
        },
        "2007-04": {
            "month": "2007-04",
            "price": "103.79",
            "revenue": 63843
        },
        "2007-05": {
            "month": "2007-05",
            "price": "103.39",
            "revenue": 110514
        },
        "2007-06": {
            "month": "2007-06",
            "price": "109.17",
            "revenue": 205742
        },
        "2007-07": {
            "month": "2007-07",
            "price": "112.91",
            "revenue": 175997
        },
        "2007-08": {
            "month": "2007-08",
            "price": "86.31",
            "revenue": 128364
        },
        "2007-09": {
            "month": "2007-09",
            "price": "62.72",
            "revenue": 78355
        },
        "2007-10": {
            "month": "2007-10",
            "price": "55.94",
            "revenue": 100594
        },
        "2007-11": {
            "month": "2007-11",
            "price": "47.62",
            "revenue": 281805
        },
        "2007-12": {
            "month": "2007-12",
            "price": "37.03",
            "revenue": 201630
        },
        "2008-01": {
            "month": "2008-01",
            "price": "35.20",
            "revenue": 171257
        },
        "2008-02": {
            "month": "2008-02",
            "price": "34.75",
            "revenue": 117679
        },
        "2008-03": {
            "month": "2008-03",
            "price": "34.63",
            "revenue": 141898
        },
        "2008-04": {
            "month": "2008-04",
            "price": "37.59",
            "revenue": 217421
        },
        "2008-05": {
            "month": "2008-05",
            "price": "40.52",
            "revenue": 137168
        },
        "2008-06": {
            "month": "2008-06",
            "price": "38.29",
            "revenue": 171938
        },
        "2008-07": {
            "month": "2008-07",
            "price": "29.94",
            "revenue": 115508
        },
        "2008-08": {
            "month": "2008-08",
            "price": "27.79",
            "revenue": 104094
        },
        "2008-09": {
            "month": "2008-09",
            "price": "20.97",
            "revenue": 93091
        },
        "2008-10": {
            "month": "2008-10",
            "price": "14.33",
            "revenue": 79527
        },
        "2008-11": {
            "month": "2008-11",
            "price": "11.52",
            "revenue": 43359
        },
        "2008-12": {
            "month": "2008-12",
            "price": "10.80",
            "revenue": 215804
        },
        "2009-01": {
            "month": "2009-01",
            "price": "10.83",
            "revenue": 2270
        },
        "2009-02": {
            "month": "2009-02",
            "price": "10.96",
            "revenue": 38452
        },
        "2009-03": {
            "month": "2009-03",
            "price": "14.03",
            "revenue": 219042
        },
        "2009-04": {
            "month": "2009-04",
            "price": "18.18",
            "revenue": 151062
        },
        "2009-05": {
            "month": "2009-05",
            "price": "17.70",
            "revenue": 73295
        },
        "2009-06": {
            "month": "2009-06",
            "price": "15.64",
            "revenue": 63966
        },
        "2009-07": {
            "month": "2009-07",
            "price": "15.86",
            "revenue": 77306
        },
        "2009-08": {
            "month": "2009-08",
            "price": "15.90",
            "revenue": 18009
        },
        "2009-09": {
            "month": "2009-09",
            "price": "15.83",
            "revenue": 91753
        },
        "2009-10": {
            "month": "2009-10",
            "price": "18.60",
            "revenue": 12135
        },
        "2009-11": {
            "month": "2009-11",
            "price": "18.83",
            "revenue": 25252
        },
        "2009-12": {
            "month": "2009-12",
            "price": "21.38",
            "revenue": 46135
        },
        "2010-01": {
            "month": "2010-01",
            "price": "24.89",
            "revenue": 214772
        },
        "2010-02": {
            "month": "2010-02",
            "price": "25.94",
            "revenue": 103097
        },
        "2010-03": {
            "month": "2010-03",
            "price": "37.64",
            "revenue": 82075
        },
        "2010-04": {
            "month": "2010-04",
            "price": "42.45",
            "revenue": 72394
        },
        "2010-05": {
            "month": "2010-05",
            "price": "42.39",
            "revenue": 157017
        },
        "2010-06": {
            "month": "2010-06",
            "price": "44.15",
            "revenue": 150838
        },
        "2010-07": {
            "month": "2010-07",
            "price": "44.95",
            "revenue": 225546
        },
        "2010-08": {
            "month": "2010-08",
            "price": "46.14",
            "revenue": 169458
        },
        "2010-09": {
            "month": "2010-09",
            "price": "53.08",
            "revenue": 131737
        },
        "2010-10": {
            "month": "2010-10",
            "price": "48.85",
            "revenue": 125653
        },
        "2010-11": {
            "month": "2010-11",
            "price": "48.12",
            "revenue": 120515
        },
        "2010-12": {
            "month": "2010-12",
            "price": "60.61",
            "revenue": 111965
        },
        "2011-01": {
            "month": "2011-01",
            "price": "72.26",
            "revenue": 107124
        },
        "2011-02": {
            "month": "2011-02",
            "price": "67.37",
            "revenue": 144627
        },
        "2011-03": {
            "month": "2011-03",
            "price": "69.81",
            "revenue": 134312
        },
        "2011-04": {
            "month": "2011-04",
            "price": "65.78",
            "revenue": 151821
        },
        "2011-05": {
            "month": "2011-05",
            "price": "65.34",
            "revenue": 103310
        },
        "2011-06": {
            "month": "2011-06",
            "price": "62.68",
            "revenue": 200687
        },
        "2011-07": {
            "month": "2011-07",
            "price": "61.29",
            "revenue": 111717
        },
        "2011-08": {
            "month": "2011-08",
            "price": "47.16",
            "revenue": 118978
        },
        "2011-09": {
            "month": "2011-09",
            "price": "31.87",
            "revenue": 134735
        },
        "2011-10": {
            "month": "2011-10",
            "price": "33.17",
            "revenue": 69501
        },
        "2011-11": {
            "month": "2011-11",
            "price": "30.22",
            "revenue": 118226
        },
        "2011-12": {
            "month": "2011-12",
            "price": "23.61",
            "revenue": 159395
        },
        "2012-01": {
            "month": "2012-01",
            "price": "26.25",
            "revenue": 6865
        },
        "2012-02": {
            "month": "2012-02",
            "price": "32.72",
            "revenue": 65687
        },
        "2012-03": {
            "month": "2012-03",
            "price": "31.91",
            "revenue": 58101
        },
        "2012-04": {
            "month": "2012-04",
            "price": "25.58",
            "revenue": 55375
        },
        "2012-05": {
            "month": "2012-05",
            "price": "21.92",
            "revenue": 32188
        },
        "2012-06": {
            "month": "2012-06",
            "price": "20.98",
            "revenue": 32022
        },
        "2012-07": {
            "month": "2012-07",
            "price": "20.93",
            "revenue": 77063
        },
        "2012-08": {
            "month": "2012-08",
            "price": "20.94",
            "revenue": 70564
        },
        "2012-09": {
            "month": "2012-09",
            "price": "21.12",
            "revenue": 15888
        },
        "2012-10": {
            "month": "2012-10",
            "price": "18.02",
            "revenue": 173627
        },
        "2012-11": {
            "month": "2012-11",
            "price": "16.32",
            "revenue": 120687
        },
        "2012-12": {
            "month": "2012-12",
            "price": "17.52",
            "revenue": 91604
        },
        "2013-01": {
            "month": "2013-01",
            "price": "18.90",
            "revenue": 104562
        },
        "2013-02": {
            "month": "2013-02",
            "price": "20.42",
            "revenue": 54905
        },
        "2013-03": {
            "month": "2013-03",
            "price": "28.51",
            "revenue": 61768
        },
        "2013-04": {
            "month": "2013-04",
            "price": "32.06",
            "revenue": 109494
        },
        "2013-05": {
            "month": "2013-05",
            "price": "30.50",
            "revenue": 67287
        },
        "2013-06": {
            "month": "2013-06",
            "price": "29.88",
            "revenue": 80911
        },
        "2013-07": {
            "month": "2013-07",
            "price": "27.88",
            "revenue": 22679
        },
        "2013-08": {
            "month": "2013-08",
            "price": "24.52",
            "revenue": 224887
        },
        "2013-09": {
            "month": "2013-09",
            "price": "26.24",
            "revenue": 65523
        },
        "2013-10": {
            "month": "2013-10",
            "price": "28.45",
            "revenue": 158755
        },
        "2013-11": {
            "month": "2013-11",
            "price": "25.15",
            "revenue": 155488
        },
        "2013-12": {
            "month": "2013-12",
            "price": "24.78",
            "revenue": 167937
        },
        "2014-01": {
            "month": "2014-01",
            "price": "27.52",
            "revenue": 51307
        },
        "2014-02": {
            "month": "2014-02",
            "price": "26.99",
            "revenue": 13527
        },
        "2014-03": {
            "month": "2014-03",
            "price": "26.41",
            "revenue": 44856
        },
        "2014-04": {
            "month": "2014-04",
            "price": "25.90",
            "revenue": 58193
        },
        "2014-05": {
            "month": "2014-05",
            "price": "22.83",
            "revenue": 111509
        },
        "2014-06": {
            "month": "2014-06",
            "price": "24.30",
            "revenue": 164459
        },
        "2014-07": {
            "month": "2014-07",
            "price": "26.72",
            "revenue": 99283
        },
        "2014-08": {
            "month": "2014-08",
            "price": "27.14",
            "revenue": 210335
        },
        "2014-09": {
            "month": "2014-09",
            "price": "29.19",
            "revenue": 136645
        },
        "2014-10": {
            "month": "2014-10",
            "price": "27.17",
            "revenue": 240227
        },
        "2014-11": {
            "month": "2014-11",
            "price": "28.04",
            "revenue": 195941
        },
        "2014-12": {
            "month": "2014-12",
            "price": "29.28",
            "revenue": 182268
        },
        "2015-01": {
            "month": "2015-01",
            "price": "28.54",
            "revenue": 84877
        },
        "2015-02": {
            "month": "2015-02",
            "price": "28.30",
            "revenue": 54841
        },
        "2015-03": {
            "month": "2015-03",
            "price": "29.84",
            "revenue": 51939
        },
        "2015-04": {
            "month": "2015-04",
            "price": "40.23",
            "revenue": 72650
        },
        "2015-05": {
            "month": "2015-05",
            "price": "33.01",
            "revenue": 123226
        },
        "2015-06": {
            "month": "2015-06",
            "price": "30.33",
            "revenue": 132357
        },
        "2015-07": {
            "month": "2015-07",
            "price": "26.66",
            "revenue": 114617
        },
        "2015-08": {
            "month": "2015-08",
            "price": "22.95",
            "revenue": 106090
        },
        "2015-09": {
            "month": "2015-09",
            "price": "25.15",
            "revenue": 91024
        },
        "2015-10": {
            "month": "2015-10",
            "price": "27.90",
            "revenue": 115753
        },
        "2015-11": {
            "month": "2015-11",
            "price": "28.26",
            "revenue": 151642
        },
        "2015-12": {
            "month": "2015-12",
            "price": "28.63",
            "revenue": 317986
        },
        "2016-01": {
            "month": "2016-01",
            "price": "30.99",
            "revenue": 47007
        },
        "2016-02": {
            "month": "2016-02",
            "price": "34.65",
            "revenue": 60154
        },
        "2016-03": {
            "month": "2016-03",
            "price": "35.54",
            "revenue": 132519
        },
        "2016-04": {
            "month": "2016-04",
            "price": "35.01",
            "revenue": 33980
        },
        "2016-05": {
            "month": "2016-05",
            "price": "30.15",
            "revenue": 96379
        },
        "2016-06": {
            "month": "2016-06",
            "price": "30.40",
            "revenue": 105076
        },
        "2016-07": {
            "month": "2016-07",
            "price": "32.26",
            "revenue": 156573
        },
        "2016-08": {
            "month": "2016-08",
            "price": "34.75",
            "revenue": 209099
        },
        "2016-09": {
            "month": "2016-09",
            "price": "36.21",
            "revenue": 208230
        },
        "2016-10": {
            "month": "2016-10",
            "price": "36.04",
            "revenue": 243023
        },
        "2016-11": {
            "month": "2016-11",
            "price": "35.65",
            "revenue": 351793
        },
        "2016-12": {
            "month": "2016-12",
            "price": "45.55",
            "revenue": 374649
        },
        "2017-01": {
            "month": "2017-01",
            "price": "44.68",
            "revenue": 72274
        },
        "2017-02": {
            "month": "2017-02",
            "price": "47.77",
            "revenue": 123699
        },
        "2017-03": {
            "month": "2017-03",
            "price": "55.06",
            "revenue": 207477
        },
        "2017-04": {
            "month": "2017-04",
            "price": "52.76",
            "revenue": 209393
        },
        "2017-05": {
            "month": "2017-05",
            "price": "52.66",
            "revenue": 290515
        },
        "2017-06": {
            "month": "2017-06",
            "price": "51.62",
            "revenue": 234811
        },
        "2017-07": {
            "month": "2017-07",
            "price": "53.52",
            "revenue": 201919
        },
        "2017-08": {
            "month": "2017-08",
            "price": "54.80",
            "revenue": 199848
        },
        "2017-09": {
            "month": "2017-09",
            "price": "52.84",
            "revenue": 204898
        },
        "2017-10": {
            "month": "2017-10",
            "price": "51.75",
            "revenue": 275753
        },
        "2017-11": {
            "month": "2017-11",
            "price": "52.35",
            "revenue": 360308
        },
        "2017-12": {
            "month": "2017-12",
            "price": "48.13",
            "revenue": 425488
        },
        "2018-01": {
            "month": "2018-01",
            "price": "49.63",
            "revenue": 136630
        },
        "2018-02": {
            "month": "2018-02",
            "price": "45.12",
            "revenue": 113791
        },
        "2018-03": {
            "month": "2018-03",
            "price": "44.20",
            "revenue": 187006
        },
        "2018-04": {
            "month": "2018-04",
            "price": "42.43",
            "revenue": 219186
        },
        "2018-05": {
            "month": "2018-05",
            "price": "41.83",
            "revenue": 309926
        },
        "2018-06": {
            "month": "2018-06",
            "price": "45.01",
            "revenue": 246002
        },
        "2018-07": {
            "month": "2018-07",
            "price": "49.28",
            "revenue": 248091
        },
        "2018-08": {
            "month": "2018-08",
            "price": "50.09",
            "revenue": 248468
        },
        "2018-09": {
            "month": "2018-09",
            "price": "47.30",
            "revenue": 352388
        },
        "2018-10": {
            "month": "2018-10",
            "price": "49.99",
            "revenue": 363623
        },
        "2018-11": {
            "month": "2018-11",
            "price": "61.29",
            "revenue": 410059
        },
        "2018-12": {
            "month": "2018-12",
            "price": "71.59",
            "revenue": 280592
        },
        "2019-01": {
            "month": "2019-01",
            "price": "64.76",
            "revenue": 194372
        },
        "2019-02": {
            "month": "2019-02",
            "price": "67.85",
            "revenue": 175075
        },
        "2019-03": {
            "month": "2019-03",
            "price": "75.54",
            "revenue": 206847
        },
        "2019-04": {
            "month": "2019-04",
            "price": "76.25",
            "revenue": 225060
        },
        "2019-05": {
            "month": "2019-05",
            "price": "69.27",
            "revenue": 273243
        },
        "2019-06": {
            "month": "2019-06",
            "price": "69.36",
            "revenue": 214651
        },
        "2019-07": {
            "month": "2019-07",
            "price": "72.18",
            "revenue": 229926
        },
        "2019-08": {
            "month": "2019-08",
            "price": "73.58",
            "revenue": 239963
        },
        "2019-09": {
            "month": "2019-09",
            "price": "70.26",
            "revenue": 213660
        },
        "2019-10": {
            "month": "2019-10",
            "price": "62.43",
            "revenue": 121277
        },
        "2019-11": {
            "month": "2019-11",
            "price": "61.32",
            "revenue": 192142
        },
        "2019-12": {
            "month": "2019-12",
            "price": "61.48",
            "revenue": 130044
        },
        "2020-01": {
            "month": "2020-01",
            "price": "59.40",
            "revenue": 46702
        },
        "2020-02": {
            "month": "2020-02",
            "price": "53.54",
            "revenue": 93626
        },
        "2020-03": {
            "month": "2020-03",
            "price": "44.63",
            "revenue": 104272
        },
        "2020-04": {
            "month": "2020-04",
            "price": "46.84",
            "revenue": 107693
        },
        "2020-05": {
            "month": "2020-05",
            "price": "46.81",
            "revenue": 175203
        },
        "2020-06": {
            "month": "2020-06",
            "price": "48.14",
            "revenue": 207182
        },
        "2020-07": {
            "month": "2020-07",
            "price": "50.18",
            "revenue": 222976
        },
        "2020-08": {
            "month": "2020-08",
            "price": "50.80",
            "revenue": 258353
        },
        "2020-09": {
            "month": "2020-09",
            "price": "51.60",
            "revenue": 283280
        },
        "2020-10": {
            "month": "2020-10",
            "price": "49.58",
            "revenue": 301434
        },
        "2020-11": {
            "month": "2020-11",
            "price": "53.24",
            "revenue": 266553
        },
        "2020-12": {
            "month": "2020-12",
            "price": "55.63",
            "revenue": 236214
        },
        "2021-01": {
            "month": "2021-01",
            "price": "53.39",
            "revenue": 125612
        },
        "2021-02": {
            "month": "2021-02",
            "price": "56.53",
            "revenue": 136976
        },
        "2021-03": {
            "month": "2021-03",
            "price": "57.95",
            "revenue": 173508
        },
        "2021-04": {
            "month": "2021-04",
            "price": "65.35",
            "revenue": 189353
        },
        "2021-05": {
            "month": "2021-05",
            "price": "57.55",
            "revenue": 200596
        },
        "2021-06": {
            "month": "2021-06",
            "price": "59.00",
            "revenue": 201283
        },
        "2021-07": {
            "month": "2021-07",
            "price": "60.35",
            "revenue": 240919
        },
        "2021-08": {
            "month": "2021-08",
            "price": "60.22",
            "revenue": 271750
        },
        "2021-09": {
            "month": "2021-09",
            "price": "57.08",
            "revenue": 285015
        },
        "2021-10": {
            "month": "2021-10",
            "price": "57.46",
            "revenue": 326255
        },
        "2021-11": {
            "month": "2021-11",
            "price": "69.98",
            "revenue": 305100
        },
        "2021-12": {
            "month": "2021-12",
            "price": "76.04",
            "revenue": 305986
        },
        "2022-01": {
            "month": "2022-01",
            "price": "100.27",
            "revenue": 144199
        },
        "2022-02": {
            "month": "2022-02",
            "price": "102.15",
            "revenue": 142105
        },
        "2022-03": {
            "month": "2022-03",
            "price": "96.83",
            "revenue": 148508
        },
        "2022-04": {
            "month": "2022-04",
            "price": "90.41",
            "revenue": 198738
        },
        "2022-05": {
            "month": "2022-05",
            "price": "82.98",
            "revenue": 283504
        },
        "2022-06": {
            "month": "2022-06",
            "price": "80.64",
            "revenue": 292457
        },
        "2022-07": {
            "month": "2022-07",
            "price": "76.94",
            "revenue": 308337
        },
        "2022-08": {
            "month": "2022-08",
            "price": "87.01",
            "revenue": 310163
        },
        "2022-09": {
            "month": "2022-09",
            "price": "82.83",
            "revenue": 319165
        },
        "2022-10": {
            "month": "2022-10",
            "price": "77.26",
            "revenue": 324803
        },
        "2022-11": {
            "month": "2022-11",
            "price": "83.40",
            "revenue": 329158
        },
        "2022-12": {
            "month": "2022-12",
            "price": "84.03",
            "revenue": 348260
        },
        "2023-01": {
            "month": "2023-01",
            "price": "84.17",
            "revenue": 143496
        },
        "2023-02": {
            "month": "2023-02",
            "price": "88.73",
            "revenue": 127525
        },
        "2023-03": {
            "month": "2023-03",
            "price": "92.60",
            "revenue": 126196
        },
        "2023-04": {
            "month": "2023-04",
            "price": "90.09",
            "revenue": 122718
        },
        "2023-05": {
            "month": "2023-05",
            "price": "85.60",
            "revenue": 130939
        },
        "2023-06": {
            "month": "2023-06",
            "price": "84.50",
            "revenue": 123199
        },
        "2023-07": {
            "month": "2023-07",
            "price": "82.02",
            "revenue": 125891
        },
        "2023-08": {
            "month": "2023-08",
            "price": "79.18",
            "revenue": 144185
        },
        "2023-09": {
            "month": "2023-09",
            "price": "70.22",
            "revenue": 144851
        },
        "2023-10": {
            "month": "2023-10",
            "price": "69.98",
            "revenue": 204811
        },
        "2023-11": {
            "month": "2023-11",
            "price": "71.85",
            "revenue": 245333
        },
        "2023-12": {
            "month": "2023-12",
            "price": "73.76",
            "revenue": 370666
        },
        "2024-01": {
            "month": "2024-01",
            "price": "74.57",
            "revenue": 114960
        },
        "2024-02": {
            "month": "2024-02",
            "price": "74.77",
            "revenue": 105135
        }
    }
}
