{
    "summary": {
        "stock_name": "進泰電子",
        "stock_id": "3465",
        "category": "電子零組件",
        "main_business": "揚聲器音響組合之設計研發、製造及買賣",
        "website_url": "https://www.naeaudio.com",
        "ceo": "邢家蓁",
        "pe_ratio": -153,
        "report_year_from": 2004,
        "report_year_to": 2023,
        "age": 20,
        "eps_negative_percentage": 61,
        "eps_growth_avg": {
            "last_all": -26.19,
            "last_2y": -19.05,
            "last_4y": -19.05,
            "last_8y": -19.05,
            "last_12y": -39.29,
            "last_16y": -26.19,
            "last_20y": null,
            "at_2006_last_3y": null,
            "at_2007_last_3y": null,
            "at_2008_last_3y": null,
            "at_2009_last_3y": null,
            "at_2010_last_3y": 0,
            "at_2011_last_3y": -100,
            "at_2012_last_3y": null,
            "at_2013_last_3y": -100,
            "at_2014_last_3y": -100,
            "at_2015_last_3y": -100,
            "at_2016_last_3y": -100,
            "at_2017_last_3y": null,
            "at_2018_last_3y": null,
            "at_2019_last_3y": null,
            "at_2020_last_3y": null,
            "at_2021_last_3y": 100,
            "at_2022_last_3y": 10.5,
            "at_2023_last_3y": -19.05,
            "at_2024_last_3y": -19.05,
            "at_2006_last_all": null,
            "at_2007_last_all": null,
            "at_2008_last_all": 0,
            "at_2009_last_all": 0,
            "at_2010_last_all": 0,
            "at_2011_last_all": 0,
            "at_2012_last_all": 0,
            "at_2013_last_all": -33.33,
            "at_2014_last_all": -33.33,
            "at_2015_last_all": -33.33,
            "at_2016_last_all": -33.33,
            "at_2017_last_all": -33.33,
            "at_2018_last_all": -33.33,
            "at_2019_last_all": -33.33,
            "at_2020_last_all": -33.33,
            "at_2021_last_all": 0,
            "at_2022_last_all": -15.8,
            "at_2023_last_all": -26.19,
            "at_2024_last_all": -26.19
        },
        "latest_eps": -0.49,
        "latest_price": 74.9,
        "latest_roe": -0.8,
        "latest_gross_margin": 22.64,
        "latest_equity": 944524,
        "latest_revenue": 364233,
        "latest_gross_profit": 82468,
        "latest_net_income": 29968,
        "latest_debt_ratio": 47.21,
        "latest_current_ratio": 255.4,
        "latest_account_receivable_turnover_ratio": 2.51,
        "latest_inventory_turnover_ratio": 0.78,
        "latest_reinvestment_rate": 63.06,
        "latest_research_to_sale_ratio": 2.39
    },
    "eps_dividends": {
        "2001": {
            "cash": 0,
            "stock": 0,
            "eps": 0
        },
        "2002": {
            "cash": 0,
            "stock": 0,
            "eps": 0
        },
        "2003": {
            "cash": 0,
            "stock": 0,
            "eps": 0
        },
        "2004": {
            "cash": 0,
            "stock": 0,
            "eps": 0
        },
        "2005": {
            "cash": 0,
            "stock": 0,
            "eps": 0
        },
        "2006": {
            "cash": 0,
            "stock": 1.9,
            "eps": 0.19
        },
        "2007": {
            "cash": 0.5,
            "stock": 0,
            "eps": 0.99
        },
        "2008": {
            "cash": 0.1,
            "stock": 0.65,
            "eps": -1.86
        },
        "2009": {
            "cash": 0,
            "stock": 0,
            "eps": -3.35
        },
        "2010": {
            "cash": 0,
            "stock": 0,
            "eps": -1.02
        },
        "2011": {
            "cash": 0,
            "stock": 0,
            "eps": -0.37
        },
        "2012": {
            "cash": 0,
            "stock": 0,
            "eps": 0.31
        },
        "2013": {
            "cash": 0,
            "stock": 0,
            "eps": -0.6
        },
        "2014": {
            "cash": 0,
            "stock": 0,
            "eps": -2.45
        },
        "2015": {
            "cash": 0,
            "stock": 0,
            "eps": -3.2
        },
        "2016": {
            "cash": 0,
            "stock": 0,
            "eps": -0.62
        },
        "2017": {
            "cash": 0,
            "stock": 0,
            "eps": -2.43
        },
        "2018": {
            "cash": 0,
            "stock": 0,
            "eps": -1.21
        },
        "2019": {
            "cash": 0,
            "stock": 0,
            "eps": -1.82
        },
        "2020": {
            "cash": 0,
            "stock": 0,
            "eps": 1.31
        },
        "2021": {
            "cash": 4,
            "stock": 0,
            "eps": 16.34
        },
        "2022": {
            "cash": 6.5,
            "stock": 0,
            "eps": 3.43
        },
        "2023": {
            "cash": 4,
            "stock": 0,
            "eps": 0.75
        }
    },
    "dividends": {
        "2006-04-11": {
            "cash": 0,
            "stock": 1.9
        },
        "2007-04-18": {
            "cash": 0.5,
            "stock": 0
        },
        "2008-04-29": {
            "cash": 0.1,
            "stock": 0.65
        },
        "2021-10-01": {
            "cash": 4,
            "stock": 0
        },
        "2022-04-29": {
            "cash": 4.5,
            "stock": 0
        },
        "2022-10-27": {
            "cash": 2,
            "stock": 0
        },
        "2023-08-04": {
            "cash": 2,
            "stock": 0
        },
        "2023-12-29": {
            "cash": 2,
            "stock": 0
        }
    },
    "prices": {
        "200101": "無",
        "200102": "無",
        "200103": "無",
        "200104": "無",
        "200105": "無",
        "200106": "無",
        "200107": "無",
        "200108": "無",
        "200109": "無",
        "200110": "無",
        "200111": "無",
        "200112": "無",
        "200201": "無",
        "200202": "無",
        "200203": "無",
        "200204": "無",
        "200205": "無",
        "200206": "無",
        "200207": "無",
        "200208": "無",
        "200209": "無",
        "200210": "無",
        "200211": "無",
        "200212": "無",
        "200301": "無",
        "200302": "無",
        "200303": "無",
        "200304": "無",
        "200305": "無",
        "200306": "無",
        "200307": "無",
        "200308": "無",
        "200309": "無",
        "200310": "無",
        "200311": "無",
        "200312": "無",
        "200401": "無",
        "200402": "無",
        "200403": "無",
        "200404": "無",
        "200405": "無",
        "200406": "無",
        "200407": "無",
        "200408": "無",
        "200409": "無",
        "200410": "無",
        "200411": "無",
        "200412": "無",
        "200501": "無",
        "200502": "無",
        "200503": "無",
        "200504": "無",
        "200505": "無",
        "200506": "無",
        "200507": "無",
        "200508": "無",
        "200509": "無",
        "200510": "無",
        "200511": "30.00",
        "200512": "26.75",
        "200601": "24.73",
        "200602": "22.31",
        "200603": "25.05",
        "200604": "26.16",
        "200605": "27.87",
        "200606": "30.31",
        "200607": "31.22",
        "200608": "29.48",
        "200609": "27.72",
        "200610": "23.83",
        "200611": "21.48",
        "200612": "21.02",
        "200701": "19.87",
        "200702": "20.00",
        "200703": "20.28",
        "200704": "21.74",
        "200705": "23.44",
        "200706": "25.00",
        "200707": "24.47",
        "200708": "30.68",
        "200709": "28.98",
        "200710": "28.30",
        "200711": "25.10",
        "200712": "23.05",
        "200801": "15.89",
        "200802": "14.90",
        "200803": "14.84",
        "200804": "15.44",
        "200805": "16.16",
        "200806": "14.01",
        "200807": "10.67",
        "200808": "9.27",
        "200809": "8.67",
        "200810": "8.54",
        "200811": "7.37",
        "200812": "6.28",
        "200901": "5.88",
        "200902": "5.91",
        "200903": "6.89",
        "200904": "7.42",
        "200905": "9.90",
        "200906": "13.10",
        "200907": "10.22",
        "200908": "9.68",
        "200909": "8.54",
        "200910": "9.16",
        "200911": "9.27",
        "200912": "9.69",
        "201001": "10.85",
        "201002": "11.40",
        "201003": "13.56",
        "201004": "14.72",
        "201005": "11.52",
        "201006": "11.53",
        "201007": "12.51",
        "201008": "12.59",
        "201009": "10.93",
        "201010": "10.30",
        "201011": "9.62",
        "201012": "9.64",
        "201101": "9.14",
        "201102": "8.75",
        "201103": "8.14",
        "201104": "8.08",
        "201105": "8.55",
        "201106": "8.37",
        "201107": "7.88",
        "201108": "6.70",
        "201109": "5.56",
        "201110": "5.34",
        "201111": "5.27",
        "201112": "4.91",
        "201201": "4.79",
        "201202": "5.57",
        "201203": "5.72",
        "201204": "5.07",
        "201205": "4.81",
        "201206": "4.81",
        "201207": "5.11",
        "201208": "5.89",
        "201209": "5.83",
        "201210": "5.55",
        "201211": "5.55",
        "201212": "5.39",
        "201301": "5.49",
        "201302": "5.70",
        "201303": "5.59",
        "201304": "5.28",
        "201305": "5.49",
        "201306": "5.54",
        "201307": "5.23",
        "201308": "5.31",
        "201309": "5.23",
        "201310": "5.76",
        "201311": "6.86",
        "201312": "6.87",
        "201401": "7.82",
        "201402": "8.02",
        "201403": "7.14",
        "201404": "5.18",
        "201405": "4.80",
        "201406": "4.99",
        "201407": "4.99",
        "201408": "5.38",
        "201409": "6.64",
        "201410": "6.57",
        "201411": "5.53",
        "201412": "5.08",
        "201501": "4.94",
        "201502": "4.92",
        "201503": "9.27",
        "201504": "10.33",
        "201505": "11.42",
        "201506": "11.65",
        "201507": "13.85",
        "201508": "13.28",
        "201509": "13.00",
        "201510": "10.43",
        "201511": "10.13",
        "201512": "9.79",
        "201601": "9.81",
        "201602": "9.73",
        "201603": "10.23",
        "201604": "9.59",
        "201605": "7.08",
        "201606": "6.85",
        "201607": "7.11",
        "201608": "7.25",
        "201609": "7.00",
        "201610": "6.27",
        "201611": "6.45",
        "201612": "9.05",
        "201701": "9.44",
        "201702": "15.30",
        "201703": "17.95",
        "201704": "18.37",
        "201705": "17.47",
        "201706": "16.35",
        "201707": "15.35",
        "201708": "15.25",
        "201709": "14.40",
        "201710": "14.09",
        "201711": "13.08",
        "201712": "14.18",
        "201801": "14.00",
        "201802": "13.35",
        "201803": "13.14",
        "201804": "13.58",
        "201805": "12.42",
        "201806": "11.31",
        "201807": "12.46",
        "201808": "15.42",
        "201809": "21.16",
        "201810": "21.49",
        "201811": "20.80",
        "201812": "21.28",
        "201901": "23.86",
        "201902": "34.79",
        "201903": "29.67",
        "201904": "32.08",
        "201905": "29.97",
        "201906": "29.90",
        "201907": "31.80",
        "201908": "37.10",
        "201909": "35.53",
        "201910": "31.89",
        "201911": "32.54",
        "201912": "35.18",
        "202001": "35.00",
        "202002": "32.11",
        "202003": "32.00",
        "202004": "45.50",
        "202005": "50.73",
        "202006": "59.48",
        "202007": "70.61",
        "202008": "85.49",
        "202009": "130.74",
        "202010": "148.50",
        "202011": "140.02",
        "202012": "160.26",
        "202101": "181.48",
        "202102": "182.69",
        "202103": "177.57",
        "202104": "214.74",
        "202105": "194.05",
        "202106": "184.33",
        "202107": "187.11",
        "202108": "177.75",
        "202109": "171.39",
        "202110": "180.75",
        "202111": "201.64",
        "202112": "238.07",
        "202201": "203.44",
        "202202": "180.83",
        "202203": "153.46",
        "202204": "117.89",
        "202205": "97.48",
        "202206": "112.17",
        "202207": "99.70",
        "202208": "102.85",
        "202209": "100.13",
        "202210": "89.06",
        "202211": "81.54",
        "202212": "82.19",
        "202301": "91.35",
        "202302": "98.64",
        "202303": "91.98",
        "202304": "91.78",
        "202305": "90.91",
        "202306": "86.06",
        "202307": "85.93",
        "202308": "76.75",
        "202309": "72.09",
        "202310": "70.04",
        "202311": "68.30",
        "202312": "78.26"
    },
    "quarters": {
        "20011": {
            "year_quarter": 20011,
            "year": 2001,
            "quarter": 1,
            "eps": null,
            "eps_growth_year": null,
            "eps_4q": null,
            "eps_4q_growth_year": null,
            "roe": null,
            "roe_4q": 0,
            "gross_profit": null,
            "gross_margin": null,
            "gross_margin_4q_avg": 0,
            "net_income": null,
            "net_income_4q": null,
            "revenue": null,
            "revenue_4q": null,
            "common_shares": null,
            "book_valuer_per_share": null,
            "book_valuer_per_share_4q_avg": 0,
            "equity": null,
            "current_ratio": null,
            "debt_ratio": null,
            "inventory_turnover_ratio": null,
            "account_receivable_turnover_ratio": null,
            "reinvestment_rate": null,
            "research_to_sale_ratio": null,
            "price_fair": 0,
            "eps_avg_yearly": 0,
            "eps_latest_yearly": 0,
            "eps_growth_yearly": 0
        },
        "20012": {
            "year_quarter": 20012,
            "year": 2001,
            "quarter": 2,
            "eps": null,
            "eps_growth_year": null,
            "eps_4q": null,
            "eps_4q_growth_year": null,
            "roe": null,
            "roe_4q": 0,
            "gross_profit": null,
            "gross_margin": null,
            "gross_margin_4q_avg": 0,
            "net_income": null,
            "net_income_4q": null,
            "revenue": null,
            "revenue_4q": null,
            "common_shares": null,
            "book_valuer_per_share": null,
            "book_valuer_per_share_4q_avg": 0,
            "equity": null,
            "current_ratio": null,
            "debt_ratio": null,
            "inventory_turnover_ratio": null,
            "account_receivable_turnover_ratio": null,
            "reinvestment_rate": null,
            "research_to_sale_ratio": null,
            "price_fair": 0,
            "eps_avg_yearly": 0,
            "eps_latest_yearly": 0,
            "eps_growth_yearly": 0
        },
        "20013": {
            "year_quarter": 20013,
            "year": 2001,
            "quarter": 3,
            "eps": null,
            "eps_growth_year": null,
            "eps_4q": null,
            "eps_4q_growth_year": null,
            "roe": null,
            "roe_4q": 0,
            "gross_profit": null,
            "gross_margin": null,
            "gross_margin_4q_avg": 0,
            "net_income": null,
            "net_income_4q": null,
            "revenue": null,
            "revenue_4q": null,
            "common_shares": null,
            "book_valuer_per_share": null,
            "book_valuer_per_share_4q_avg": 0,
            "equity": null,
            "current_ratio": null,
            "debt_ratio": null,
            "inventory_turnover_ratio": null,
            "account_receivable_turnover_ratio": null,
            "reinvestment_rate": null,
            "research_to_sale_ratio": null,
            "price_fair": 0,
            "eps_avg_yearly": 0,
            "eps_latest_yearly": 0,
            "eps_growth_yearly": 0
        },
        "20014": {
            "year_quarter": 20014,
            "year": 2001,
            "quarter": 4,
            "eps": null,
            "eps_growth_year": null,
            "eps_4q": null,
            "eps_4q_growth_year": null,
            "roe": null,
            "roe_4q": 0,
            "gross_profit": null,
            "gross_margin": null,
            "gross_margin_4q_avg": 0,
            "net_income": null,
            "net_income_4q": null,
            "revenue": null,
            "revenue_4q": null,
            "common_shares": 30000,
            "book_valuer_per_share": 15.21,
            "book_valuer_per_share_4q_avg": 3.8,
            "equity": 45628,
            "current_ratio": 135.97,
            "debt_ratio": 67.18,
            "inventory_turnover_ratio": null,
            "account_receivable_turnover_ratio": null,
            "reinvestment_rate": null,
            "research_to_sale_ratio": null,
            "price_fair": 0,
            "eps_avg_yearly": 0,
            "eps_latest_yearly": 0,
            "eps_growth_yearly": 0
        },
        "20021": {
            "year_quarter": 20021,
            "year": 2002,
            "quarter": 1,
            "eps": null,
            "eps_growth_year": null,
            "eps_4q": null,
            "eps_4q_growth_year": null,
            "roe": null,
            "roe_4q": 0,
            "gross_profit": null,
            "gross_margin": null,
            "gross_margin_4q_avg": 0,
            "net_income": null,
            "net_income_4q": null,
            "revenue": null,
            "revenue_4q": null,
            "common_shares": null,
            "book_valuer_per_share": null,
            "book_valuer_per_share_4q_avg": 3.8,
            "equity": null,
            "current_ratio": null,
            "debt_ratio": null,
            "inventory_turnover_ratio": null,
            "account_receivable_turnover_ratio": null,
            "reinvestment_rate": null,
            "research_to_sale_ratio": null,
            "price_fair": 0,
            "eps_avg_yearly": 0,
            "eps_latest_yearly": 0,
            "eps_growth_yearly": 0
        },
        "20022": {
            "year_quarter": 20022,
            "year": 2002,
            "quarter": 2,
            "eps": null,
            "eps_growth_year": null,
            "eps_4q": null,
            "eps_4q_growth_year": null,
            "roe": null,
            "roe_4q": 0,
            "gross_profit": null,
            "gross_margin": null,
            "gross_margin_4q_avg": 0,
            "net_income": null,
            "net_income_4q": null,
            "revenue": null,
            "revenue_4q": null,
            "common_shares": null,
            "book_valuer_per_share": null,
            "book_valuer_per_share_4q_avg": 3.8,
            "equity": null,
            "current_ratio": null,
            "debt_ratio": null,
            "inventory_turnover_ratio": null,
            "account_receivable_turnover_ratio": null,
            "reinvestment_rate": null,
            "research_to_sale_ratio": null,
            "price_fair": 0,
            "eps_avg_yearly": 0,
            "eps_latest_yearly": 0,
            "eps_growth_yearly": 0
        },
        "20023": {
            "year_quarter": 20023,
            "year": 2002,
            "quarter": 3,
            "eps": null,
            "eps_growth_year": null,
            "eps_4q": null,
            "eps_4q_growth_year": null,
            "roe": null,
            "roe_4q": 0,
            "gross_profit": null,
            "gross_margin": null,
            "gross_margin_4q_avg": 0,
            "net_income": null,
            "net_income_4q": null,
            "revenue": null,
            "revenue_4q": null,
            "common_shares": null,
            "book_valuer_per_share": null,
            "book_valuer_per_share_4q_avg": 3.8,
            "equity": null,
            "current_ratio": null,
            "debt_ratio": null,
            "inventory_turnover_ratio": null,
            "account_receivable_turnover_ratio": null,
            "reinvestment_rate": null,
            "research_to_sale_ratio": null,
            "price_fair": 0,
            "eps_avg_yearly": 0,
            "eps_latest_yearly": 0,
            "eps_growth_yearly": 0
        },
        "20024": {
            "year_quarter": 20024,
            "year": 2002,
            "quarter": 4,
            "eps": null,
            "eps_growth_year": null,
            "eps_4q": null,
            "eps_4q_growth_year": null,
            "roe": null,
            "roe_4q": 0,
            "gross_profit": null,
            "gross_margin": null,
            "gross_margin_4q_avg": 0,
            "net_income": null,
            "net_income_4q": null,
            "revenue": null,
            "revenue_4q": null,
            "common_shares": 41870,
            "book_valuer_per_share": 13.1,
            "book_valuer_per_share_4q_avg": 3.28,
            "equity": 54840,
            "current_ratio": 147.58,
            "debt_ratio": 57.55,
            "inventory_turnover_ratio": null,
            "account_receivable_turnover_ratio": null,
            "reinvestment_rate": null,
            "research_to_sale_ratio": null,
            "price_fair": 0,
            "eps_avg_yearly": 0,
            "eps_latest_yearly": 0,
            "eps_growth_yearly": 0
        },
        "20031": {
            "year_quarter": 20031,
            "year": 2003,
            "quarter": 1,
            "eps": null,
            "eps_growth_year": null,
            "eps_4q": null,
            "eps_4q_growth_year": null,
            "roe": null,
            "roe_4q": 0,
            "gross_profit": null,
            "gross_margin": null,
            "gross_margin_4q_avg": 0,
            "net_income": null,
            "net_income_4q": null,
            "revenue": null,
            "revenue_4q": null,
            "common_shares": null,
            "book_valuer_per_share": null,
            "book_valuer_per_share_4q_avg": 3.28,
            "equity": null,
            "current_ratio": null,
            "debt_ratio": null,
            "inventory_turnover_ratio": null,
            "account_receivable_turnover_ratio": null,
            "reinvestment_rate": null,
            "research_to_sale_ratio": null,
            "price_fair": 0,
            "eps_avg_yearly": 0,
            "eps_latest_yearly": 0,
            "eps_growth_yearly": 0
        },
        "20032": {
            "year_quarter": 20032,
            "year": 2003,
            "quarter": 2,
            "eps": null,
            "eps_growth_year": null,
            "eps_4q": null,
            "eps_4q_growth_year": null,
            "roe": null,
            "roe_4q": 0,
            "gross_profit": null,
            "gross_margin": null,
            "gross_margin_4q_avg": 0,
            "net_income": null,
            "net_income_4q": null,
            "revenue": null,
            "revenue_4q": null,
            "common_shares": null,
            "book_valuer_per_share": null,
            "book_valuer_per_share_4q_avg": 3.28,
            "equity": null,
            "current_ratio": null,
            "debt_ratio": null,
            "inventory_turnover_ratio": null,
            "account_receivable_turnover_ratio": null,
            "reinvestment_rate": null,
            "research_to_sale_ratio": null,
            "price_fair": 0,
            "eps_avg_yearly": 0,
            "eps_latest_yearly": 0,
            "eps_growth_yearly": 0
        },
        "20033": {
            "year_quarter": 20033,
            "year": 2003,
            "quarter": 3,
            "eps": null,
            "eps_growth_year": null,
            "eps_4q": null,
            "eps_4q_growth_year": null,
            "roe": null,
            "roe_4q": 0,
            "gross_profit": null,
            "gross_margin": null,
            "gross_margin_4q_avg": 0,
            "net_income": null,
            "net_income_4q": null,
            "revenue": null,
            "revenue_4q": null,
            "common_shares": null,
            "book_valuer_per_share": null,
            "book_valuer_per_share_4q_avg": 3.28,
            "equity": null,
            "current_ratio": null,
            "debt_ratio": null,
            "inventory_turnover_ratio": null,
            "account_receivable_turnover_ratio": null,
            "reinvestment_rate": null,
            "research_to_sale_ratio": null,
            "price_fair": 0,
            "eps_avg_yearly": 0,
            "eps_latest_yearly": 0,
            "eps_growth_yearly": 0
        },
        "20034": {
            "year_quarter": 20034,
            "year": 2003,
            "quarter": 4,
            "eps": null,
            "eps_growth_year": null,
            "eps_4q": null,
            "eps_4q_growth_year": null,
            "roe": null,
            "roe_4q": 0,
            "gross_profit": null,
            "gross_margin": null,
            "gross_margin_4q_avg": 0,
            "net_income": null,
            "net_income_4q": null,
            "revenue": null,
            "revenue_4q": null,
            "common_shares": 50000,
            "book_valuer_per_share": 13.5,
            "book_valuer_per_share_4q_avg": 3.38,
            "equity": 67786,
            "current_ratio": 141.15,
            "debt_ratio": 63.34,
            "inventory_turnover_ratio": null,
            "account_receivable_turnover_ratio": null,
            "reinvestment_rate": null,
            "research_to_sale_ratio": null,
            "price_fair": 0,
            "eps_avg_yearly": 0,
            "eps_latest_yearly": 0,
            "eps_growth_yearly": 0
        },
        "20041": {
            "year_quarter": 20041,
            "year": 2004,
            "quarter": 1,
            "eps": null,
            "eps_growth_year": null,
            "eps_4q": null,
            "eps_4q_growth_year": null,
            "roe": null,
            "roe_4q": 0,
            "gross_profit": null,
            "gross_margin": null,
            "gross_margin_4q_avg": 0,
            "net_income": null,
            "net_income_4q": null,
            "revenue": null,
            "revenue_4q": null,
            "common_shares": null,
            "book_valuer_per_share": null,
            "book_valuer_per_share_4q_avg": 3.38,
            "equity": null,
            "current_ratio": null,
            "debt_ratio": null,
            "inventory_turnover_ratio": null,
            "account_receivable_turnover_ratio": null,
            "reinvestment_rate": null,
            "research_to_sale_ratio": null,
            "price_fair": 0,
            "eps_avg_yearly": 0,
            "eps_latest_yearly": 0,
            "eps_growth_yearly": 0
        },
        "20042": {
            "year_quarter": 20042,
            "year": 2004,
            "quarter": 2,
            "eps": null,
            "eps_growth_year": null,
            "eps_4q": null,
            "eps_4q_growth_year": null,
            "roe": null,
            "roe_4q": 0,
            "gross_profit": null,
            "gross_margin": null,
            "gross_margin_4q_avg": 0,
            "net_income": null,
            "net_income_4q": null,
            "revenue": null,
            "revenue_4q": null,
            "common_shares": null,
            "book_valuer_per_share": null,
            "book_valuer_per_share_4q_avg": 3.38,
            "equity": null,
            "current_ratio": null,
            "debt_ratio": null,
            "inventory_turnover_ratio": null,
            "account_receivable_turnover_ratio": null,
            "reinvestment_rate": null,
            "research_to_sale_ratio": null,
            "price_fair": 0,
            "eps_avg_yearly": 0,
            "eps_latest_yearly": 0,
            "eps_growth_yearly": 0
        },
        "20043": {
            "year_quarter": 20043,
            "year": 2004,
            "quarter": 3,
            "eps": null,
            "eps_growth_year": null,
            "eps_4q": null,
            "eps_4q_growth_year": null,
            "roe": null,
            "roe_4q": 0,
            "gross_profit": null,
            "gross_margin": null,
            "gross_margin_4q_avg": 0,
            "net_income": null,
            "net_income_4q": null,
            "revenue": null,
            "revenue_4q": null,
            "common_shares": null,
            "book_valuer_per_share": null,
            "book_valuer_per_share_4q_avg": 3.38,
            "equity": null,
            "current_ratio": null,
            "debt_ratio": null,
            "inventory_turnover_ratio": null,
            "account_receivable_turnover_ratio": null,
            "reinvestment_rate": null,
            "research_to_sale_ratio": null,
            "price_fair": 0,
            "eps_avg_yearly": 0,
            "eps_latest_yearly": 0,
            "eps_growth_yearly": 0
        },
        "20044": {
            "year_quarter": 20044,
            "year": 2004,
            "quarter": 4,
            "eps": null,
            "eps_growth_year": null,
            "eps_4q": null,
            "eps_4q_growth_year": null,
            "roe": null,
            "roe_4q": 0,
            "gross_profit": null,
            "gross_margin": null,
            "gross_margin_4q_avg": 0,
            "net_income": null,
            "net_income_4q": null,
            "revenue": null,
            "revenue_4q": null,
            "common_shares": 80000,
            "book_valuer_per_share": 13.19,
            "book_valuer_per_share_4q_avg": 3.3,
            "equity": 106095,
            "current_ratio": 163.42,
            "debt_ratio": 50.29,
            "inventory_turnover_ratio": null,
            "account_receivable_turnover_ratio": null,
            "reinvestment_rate": null,
            "research_to_sale_ratio": null,
            "price_fair": 0,
            "eps_avg_yearly": 0,
            "eps_latest_yearly": 0,
            "eps_growth_yearly": 0
        },
        "20051": {
            "year_quarter": 20051,
            "year": 2005,
            "quarter": 1,
            "eps": null,
            "eps_growth_year": null,
            "eps_4q": null,
            "eps_4q_growth_year": null,
            "roe": null,
            "roe_4q": 0,
            "gross_profit": null,
            "gross_margin": null,
            "gross_margin_4q_avg": 0,
            "net_income": null,
            "net_income_4q": null,
            "revenue": null,
            "revenue_4q": null,
            "common_shares": null,
            "book_valuer_per_share": null,
            "book_valuer_per_share_4q_avg": 3.3,
            "equity": null,
            "current_ratio": null,
            "debt_ratio": null,
            "inventory_turnover_ratio": null,
            "account_receivable_turnover_ratio": null,
            "reinvestment_rate": null,
            "research_to_sale_ratio": null,
            "price_fair": 0,
            "eps_avg_yearly": 0,
            "eps_latest_yearly": 0,
            "eps_growth_yearly": 0
        },
        "20052": {
            "year_quarter": 20052,
            "year": 2005,
            "quarter": 2,
            "eps": null,
            "eps_growth_year": null,
            "eps_4q": null,
            "eps_4q_growth_year": null,
            "roe": null,
            "roe_4q": 0,
            "gross_profit": null,
            "gross_margin": null,
            "gross_margin_4q_avg": 0,
            "net_income": null,
            "net_income_4q": null,
            "revenue": null,
            "revenue_4q": null,
            "common_shares": null,
            "book_valuer_per_share": null,
            "book_valuer_per_share_4q_avg": 3.3,
            "equity": null,
            "current_ratio": null,
            "debt_ratio": null,
            "inventory_turnover_ratio": null,
            "account_receivable_turnover_ratio": null,
            "reinvestment_rate": null,
            "research_to_sale_ratio": null,
            "price_fair": 0,
            "eps_avg_yearly": 0,
            "eps_latest_yearly": 0,
            "eps_growth_yearly": 0
        },
        "20053": {
            "year_quarter": 20053,
            "year": 2005,
            "quarter": 3,
            "eps": null,
            "eps_growth_year": null,
            "eps_4q": null,
            "eps_4q_growth_year": null,
            "roe": null,
            "roe_4q": 0,
            "gross_profit": null,
            "gross_margin": null,
            "gross_margin_4q_avg": 0,
            "net_income": null,
            "net_income_4q": null,
            "revenue": null,
            "revenue_4q": null,
            "common_shares": null,
            "book_valuer_per_share": null,
            "book_valuer_per_share_4q_avg": 3.3,
            "equity": null,
            "current_ratio": null,
            "debt_ratio": null,
            "inventory_turnover_ratio": null,
            "account_receivable_turnover_ratio": null,
            "reinvestment_rate": null,
            "research_to_sale_ratio": null,
            "price_fair": 0,
            "eps_avg_yearly": 0,
            "eps_latest_yearly": 0,
            "eps_growth_yearly": 0
        },
        "20054": {
            "year_quarter": 20054,
            "year": 2005,
            "quarter": 4,
            "eps": null,
            "eps_growth_year": null,
            "eps_4q": null,
            "eps_4q_growth_year": null,
            "roe": null,
            "roe_4q": 0,
            "gross_profit": null,
            "gross_margin": null,
            "gross_margin_4q_avg": 0,
            "net_income": null,
            "net_income_4q": null,
            "revenue": null,
            "revenue_4q": null,
            "common_shares": 147900,
            "book_valuer_per_share": 12.85,
            "book_valuer_per_share_4q_avg": 3.21,
            "equity": 189985,
            "current_ratio": 173.8,
            "debt_ratio": 43.97,
            "inventory_turnover_ratio": null,
            "account_receivable_turnover_ratio": null,
            "reinvestment_rate": null,
            "research_to_sale_ratio": null,
            "price_fair": 0,
            "eps_avg_yearly": 0,
            "eps_latest_yearly": 0,
            "eps_growth_yearly": 0
        },
        "20061": {
            "year_quarter": 20061,
            "year": 2006,
            "quarter": 1,
            "eps": null,
            "eps_growth_year": null,
            "eps_4q": null,
            "eps_4q_growth_year": null,
            "roe": null,
            "roe_4q": 0,
            "gross_profit": null,
            "gross_margin": null,
            "gross_margin_4q_avg": 0,
            "net_income": null,
            "net_income_4q": null,
            "revenue": null,
            "revenue_4q": null,
            "common_shares": null,
            "book_valuer_per_share": null,
            "book_valuer_per_share_4q_avg": 3.21,
            "equity": null,
            "current_ratio": null,
            "debt_ratio": null,
            "inventory_turnover_ratio": null,
            "account_receivable_turnover_ratio": null,
            "reinvestment_rate": null,
            "research_to_sale_ratio": null,
            "price_fair": 0,
            "eps_avg_yearly": 0,
            "eps_latest_yearly": 0,
            "eps_growth_yearly": 0
        },
        "20062": {
            "year_quarter": 20062,
            "year": 2006,
            "quarter": 2,
            "eps": null,
            "eps_growth_year": null,
            "eps_4q": null,
            "eps_4q_growth_year": null,
            "roe": null,
            "roe_4q": 0,
            "gross_profit": null,
            "gross_margin": null,
            "gross_margin_4q_avg": 0,
            "net_income": null,
            "net_income_4q": null,
            "revenue": null,
            "revenue_4q": null,
            "common_shares": null,
            "book_valuer_per_share": null,
            "book_valuer_per_share_4q_avg": 3.21,
            "equity": null,
            "current_ratio": null,
            "debt_ratio": null,
            "inventory_turnover_ratio": null,
            "account_receivable_turnover_ratio": null,
            "reinvestment_rate": null,
            "research_to_sale_ratio": null,
            "price_fair": 0,
            "eps_avg_yearly": 0,
            "eps_latest_yearly": 0,
            "eps_growth_yearly": 0
        },
        "20063": {
            "year_quarter": 20063,
            "year": 2006,
            "quarter": 3,
            "eps": 0.04,
            "eps_growth_year": null,
            "eps_4q": null,
            "eps_4q_growth_year": null,
            "roe": 0.33,
            "roe_4q": 0.33,
            "gross_profit": 16354,
            "gross_margin": 15.07,
            "gross_margin_4q_avg": 3.77,
            "net_income": 647,
            "net_income_4q": null,
            "revenue": 108526,
            "revenue_4q": null,
            "common_shares": 177000,
            "book_valuer_per_share": 11.24,
            "book_valuer_per_share_4q_avg": 6.02,
            "equity": 199005,
            "current_ratio": 200.55,
            "debt_ratio": 36.26,
            "inventory_turnover_ratio": 2.68,
            "account_receivable_turnover_ratio": null,
            "reinvestment_rate": null,
            "research_to_sale_ratio": null,
            "price_fair": 0,
            "eps_avg_yearly": 0,
            "eps_latest_yearly": 0,
            "eps_growth_yearly": 0
        },
        "20064": {
            "year_quarter": 20064,
            "year": 2006,
            "quarter": 4,
            "eps": 0.15,
            "eps_growth_year": null,
            "eps_4q": null,
            "eps_4q_growth_year": null,
            "roe": 1.28,
            "roe_4q": 1.61,
            "gross_profit": 21614,
            "gross_margin": 15.27,
            "gross_margin_4q_avg": 7.59,
            "net_income": 2569,
            "net_income_4q": null,
            "revenue": 141517,
            "revenue_4q": null,
            "common_shares": 177000,
            "book_valuer_per_share": 11.4,
            "book_valuer_per_share_4q_avg": 5.66,
            "equity": 201729,
            "current_ratio": 167.04,
            "debt_ratio": 47.8,
            "inventory_turnover_ratio": 1.9,
            "account_receivable_turnover_ratio": null,
            "reinvestment_rate": null,
            "research_to_sale_ratio": null,
            "price_fair": 21,
            "eps_avg_yearly": 0.6,
            "eps_latest_yearly": 0.6,
            "eps_growth_yearly": 1100
        },
        "20071": {
            "year_quarter": 20071,
            "year": 2007,
            "quarter": 1,
            "eps": 0.49,
            "eps_growth_year": null,
            "eps_4q": null,
            "eps_4q_growth_year": null,
            "roe": 4.17,
            "roe_4q": 5.78,
            "gross_profit": 26372,
            "gross_margin": 15.93,
            "gross_margin_4q_avg": 11.57,
            "net_income": 8607,
            "net_income_4q": null,
            "revenue": 165583,
            "revenue_4q": null,
            "common_shares": 177000,
            "book_valuer_per_share": 11.95,
            "book_valuer_per_share_4q_avg": 8.65,
            "equity": 211520,
            "current_ratio": 172.62,
            "debt_ratio": 40.02,
            "inventory_turnover_ratio": 2.19,
            "account_receivable_turnover_ratio": null,
            "reinvestment_rate": null,
            "research_to_sale_ratio": null,
            "price_fair": 44.8,
            "eps_avg_yearly": 1.28,
            "eps_latest_yearly": 1.96,
            "eps_growth_yearly": 1003.33
        },
        "20072": {
            "year_quarter": 20072,
            "year": 2007,
            "quarter": 2,
            "eps": 0.16,
            "eps_growth_year": null,
            "eps_4q": 0.83,
            "eps_4q_growth_year": null,
            "roe": 1.36,
            "roe_4q": 7.140000000000001,
            "gross_profit": 25269,
            "gross_margin": 19.63,
            "gross_margin_4q_avg": 16.48,
            "net_income": 2839,
            "net_income_4q": null,
            "revenue": 128724,
            "revenue_4q": null,
            "common_shares": 177000,
            "book_valuer_per_share": 11.62,
            "book_valuer_per_share_4q_avg": 11.55,
            "equity": 205680,
            "current_ratio": 156.24,
            "debt_ratio": 40.92,
            "inventory_turnover_ratio": 2.91,
            "account_receivable_turnover_ratio": null,
            "reinvestment_rate": null,
            "research_to_sale_ratio": null,
            "price_fair": 37.33,
            "eps_avg_yearly": 1.07,
            "eps_latest_yearly": 0.64,
            "eps_growth_yearly": 579.09
        },
        "20073": {
            "year_quarter": 20073,
            "year": 2007,
            "quarter": 3,
            "eps": 0.12,
            "eps_growth_year": 200,
            "eps_4q": 0.91,
            "eps_4q_growth_year": null,
            "roe": 1.03,
            "roe_4q": 7.840000000000001,
            "gross_profit": 22841,
            "gross_margin": 18.44,
            "gross_margin_4q_avg": 17.32,
            "net_income": 2127,
            "net_income_4q": null,
            "revenue": 123880,
            "revenue_4q": null,
            "common_shares": 177000,
            "book_valuer_per_share": 11.78,
            "book_valuer_per_share_4q_avg": 11.69,
            "equity": 208444,
            "current_ratio": 153.47,
            "debt_ratio": 42.26,
            "inventory_turnover_ratio": 3.04,
            "account_receivable_turnover_ratio": null,
            "reinvestment_rate": null,
            "research_to_sale_ratio": null,
            "price_fair": 32.2,
            "eps_avg_yearly": 0.92,
            "eps_latest_yearly": 0.48,
            "eps_growth_yearly": 409.32
        },
        "20074": {
            "year_quarter": 20074,
            "year": 2007,
            "quarter": 4,
            "eps": 0.22,
            "eps_growth_year": 46.67,
            "eps_4q": 1,
            "eps_4q_growth_year": null,
            "roe": 1.81,
            "roe_4q": 8.370000000000001,
            "gross_profit": 28695,
            "gross_margin": 18.45,
            "gross_margin_4q_avg": 18.11,
            "net_income": 3824,
            "net_income_4q": null,
            "revenue": 155498,
            "revenue_4q": null,
            "common_shares": 177000,
            "book_valuer_per_share": 12.1,
            "book_valuer_per_share_4q_avg": 11.86,
            "equity": 214134,
            "current_ratio": 125.65,
            "debt_ratio": 55.67,
            "inventory_turnover_ratio": 2.27,
            "account_receivable_turnover_ratio": null,
            "reinvestment_rate": null,
            "research_to_sale_ratio": null,
            "price_fair": 31.92,
            "eps_avg_yearly": 0.91,
            "eps_latest_yearly": 0.88,
            "eps_growth_yearly": 394.12
        },
        "20081": {
            "year_quarter": 20081,
            "year": 2008,
            "quarter": 1,
            "eps": -0.5,
            "eps_growth_year": -202.04,
            "eps_4q": -0.05,
            "eps_4q_growth_year": null,
            "roe": -4.29,
            "roe_4q": -0.08999999999999986,
            "gross_profit": 20575,
            "gross_margin": 19.11,
            "gross_margin_4q_avg": 18.91,
            "net_income": -9696,
            "net_income_4q": null,
            "revenue": 107658,
            "revenue_4q": null,
            "common_shares": 200600,
            "book_valuer_per_share": 11.85,
            "book_valuer_per_share_4q_avg": 11.84,
            "equity": 237764,
            "current_ratio": 139.38,
            "debt_ratio": 51.38,
            "inventory_turnover_ratio": 0.94,
            "account_receivable_turnover_ratio": null,
            "reinvestment_rate": null,
            "research_to_sale_ratio": null,
            "price_fair": 31.92,
            "eps_avg_yearly": 0.91,
            "eps_latest_yearly": 0.88,
            "eps_growth_yearly": 394.12
        },
        "20082": {
            "year_quarter": 20082,
            "year": 2008,
            "quarter": 2,
            "eps": 0.02,
            "eps_growth_year": -87.5,
            "eps_4q": -0.22,
            "eps_4q_growth_year": -126.63,
            "roe": 0.13,
            "roe_4q": -1.32,
            "gross_profit": 27071,
            "gross_margin": 18.61,
            "gross_margin_4q_avg": 18.65,
            "net_income": 312,
            "net_income_4q": null,
            "revenue": 145500,
            "revenue_4q": null,
            "common_shares": 200600,
            "book_valuer_per_share": 11.32,
            "book_valuer_per_share_4q_avg": 11.76,
            "equity": 227052,
            "current_ratio": 132.02,
            "debt_ratio": 54.16,
            "inventory_turnover_ratio": 1.05,
            "account_receivable_turnover_ratio": null,
            "reinvestment_rate": null,
            "research_to_sale_ratio": null,
            "price_fair": 31.92,
            "eps_avg_yearly": 0.91,
            "eps_latest_yearly": 0.88,
            "eps_growth_yearly": 394.12
        },
        "20083": {
            "year_quarter": 20083,
            "year": 2008,
            "quarter": 3,
            "eps": -0.06,
            "eps_growth_year": -150,
            "eps_4q": -0.32,
            "eps_4q_growth_year": -135.07,
            "roe": -0.56,
            "roe_4q": -2.9099999999999997,
            "gross_profit": 28859,
            "gross_margin": 16.25,
            "gross_margin_4q_avg": 18.11,
            "net_income": -1280,
            "net_income_4q": null,
            "revenue": 177564,
            "revenue_4q": null,
            "common_shares": 214183,
            "book_valuer_per_share": 10.85,
            "book_valuer_per_share_4q_avg": 11.53,
            "equity": 232338,
            "current_ratio": 129.43,
            "debt_ratio": 56.13,
            "inventory_turnover_ratio": 1.11,
            "account_receivable_turnover_ratio": null,
            "reinvestment_rate": null,
            "research_to_sale_ratio": null,
            "price_fair": 31.92,
            "eps_avg_yearly": 0.91,
            "eps_latest_yearly": 0.88,
            "eps_growth_yearly": 394.12
        },
        "20084": {
            "year_quarter": 20084,
            "year": 2008,
            "quarter": 4,
            "eps": -1.32,
            "eps_growth_year": -700,
            "eps_4q": -1.83,
            "eps_4q_growth_year": -282.84,
            "roe": -12.64,
            "roe_4q": -17.36,
            "gross_profit": -8310,
            "gross_margin": -6.72,
            "gross_margin_4q_avg": 11.81,
            "net_income": -27712,
            "net_income_4q": null,
            "revenue": 123753,
            "revenue_4q": null,
            "common_shares": 214183,
            "book_valuer_per_share": 9.63,
            "book_valuer_per_share_4q_avg": 10.91,
            "equity": 206291,
            "current_ratio": 118.12,
            "debt_ratio": 59.6,
            "inventory_turnover_ratio": 1.02,
            "account_receivable_turnover_ratio": 2.29,
            "reinvestment_rate": null,
            "research_to_sale_ratio": null,
            "price_fair": 31.92,
            "eps_avg_yearly": 0.91,
            "eps_latest_yearly": 0.88,
            "eps_growth_yearly": 394.12
        },
        "20091": {
            "year_quarter": 20091,
            "year": 2009,
            "quarter": 1,
            "eps": -0.3,
            "eps_growth_year": null,
            "eps_4q": -1.64,
            "eps_4q_growth_year": null,
            "roe": -3.15,
            "roe_4q": -16.220000000000002,
            "gross_profit": 14416,
            "gross_margin": 15.09,
            "gross_margin_4q_avg": 10.81,
            "net_income": -6436,
            "net_income_4q": null,
            "revenue": 95521,
            "revenue_4q": null,
            "common_shares": 214183,
            "book_valuer_per_share": 9.48,
            "book_valuer_per_share_4q_avg": 10.32,
            "equity": 202956,
            "current_ratio": 118.06,
            "debt_ratio": 58.59,
            "inventory_turnover_ratio": 0.78,
            "account_receivable_turnover_ratio": 0.89,
            "reinvestment_rate": null,
            "research_to_sale_ratio": null,
            "price_fair": 31.92,
            "eps_avg_yearly": 0.91,
            "eps_latest_yearly": 0.88,
            "eps_growth_yearly": 394.12
        },
        "20092": {
            "year_quarter": 20092,
            "year": 2009,
            "quarter": 2,
            "eps": -2.57,
            "eps_growth_year": -12950,
            "eps_4q": -3.79,
            "eps_4q_growth_year": null,
            "roe": -30.37,
            "roe_4q": -46.720000000000006,
            "gross_profit": -32990,
            "gross_margin": -41.14,
            "gross_margin_4q_avg": -4.13,
            "net_income": -56259,
            "net_income_4q": null,
            "revenue": 80184,
            "revenue_4q": null,
            "common_shares": 241657,
            "book_valuer_per_share": 6.93,
            "book_valuer_per_share_4q_avg": 9.22,
            "equity": 167528,
            "current_ratio": 116.69,
            "debt_ratio": 63.89,
            "inventory_turnover_ratio": 1.62,
            "account_receivable_turnover_ratio": 0.88,
            "reinvestment_rate": null,
            "research_to_sale_ratio": null,
            "price_fair": 31.92,
            "eps_avg_yearly": 0.91,
            "eps_latest_yearly": 0.88,
            "eps_growth_yearly": 394.12
        },
        "20093": {
            "year_quarter": 20093,
            "year": 2009,
            "quarter": 3,
            "eps": 0.31,
            "eps_growth_year": null,
            "eps_4q": -3.45,
            "eps_4q_growth_year": null,
            "roe": 4.06,
            "roe_4q": -42.1,
            "gross_profit": 32712,
            "gross_margin": 17.27,
            "gross_margin_4q_avg": -3.88,
            "net_income": 7460,
            "net_income_4q": null,
            "revenue": 189388,
            "revenue_4q": null,
            "common_shares": 288038,
            "book_valuer_per_share": 6.94,
            "book_valuer_per_share_4q_avg": 8.25,
            "equity": 199826,
            "current_ratio": 111.76,
            "debt_ratio": 59.06,
            "inventory_turnover_ratio": 2.67,
            "account_receivable_turnover_ratio": 1.87,
            "reinvestment_rate": null,
            "research_to_sale_ratio": null,
            "price_fair": 31.92,
            "eps_avg_yearly": 0.91,
            "eps_latest_yearly": 0.88,
            "eps_growth_yearly": 394.12
        },
        "20094": {
            "year_quarter": 20094,
            "year": 2009,
            "quarter": 4,
            "eps": -0.79,
            "eps_growth_year": null,
            "eps_4q": -2.65,
            "eps_4q_growth_year": null,
            "roe": -10.59,
            "roe_4q": -40.05,
            "gross_profit": 21635,
            "gross_margin": 30.89,
            "gross_margin_4q_avg": 5.53,
            "net_income": -20087,
            "net_income_4q": null,
            "revenue": 70040,
            "revenue_4q": null,
            "common_shares": 288038,
            "book_valuer_per_share": 6.32,
            "book_valuer_per_share_4q_avg": 7.42,
            "equity": 179490,
            "current_ratio": 102.39,
            "debt_ratio": 64.6,
            "inventory_turnover_ratio": 0.75,
            "account_receivable_turnover_ratio": 1.08,
            "reinvestment_rate": null,
            "research_to_sale_ratio": null,
            "price_fair": 31.92,
            "eps_avg_yearly": 0.91,
            "eps_latest_yearly": 0.88,
            "eps_growth_yearly": 394.12
        },
        "20101": {
            "year_quarter": 20101,
            "year": 2010,
            "quarter": 1,
            "eps": 0.03,
            "eps_growth_year": null,
            "eps_4q": -2.4,
            "eps_4q_growth_year": null,
            "roe": 0.45,
            "roe_4q": -36.45,
            "gross_profit": 33005,
            "gross_margin": 26.54,
            "gross_margin_4q_avg": 8.39,
            "net_income": 801,
            "net_income_4q": null,
            "revenue": 124381,
            "revenue_4q": null,
            "common_shares": 288038,
            "book_valuer_per_share": 6.35,
            "book_valuer_per_share_4q_avg": 6.64,
            "equity": 180274,
            "current_ratio": 103.8,
            "debt_ratio": 62.18,
            "inventory_turnover_ratio": 1.64,
            "account_receivable_turnover_ratio": 1.08,
            "reinvestment_rate": null,
            "research_to_sale_ratio": null,
            "price_fair": 31.92,
            "eps_avg_yearly": 0.91,
            "eps_latest_yearly": 0.88,
            "eps_growth_yearly": 394.12
        },
        "20102": {
            "year_quarter": 20102,
            "year": 2010,
            "quarter": 2,
            "eps": -0.12,
            "eps_growth_year": null,
            "eps_4q": -0.53,
            "eps_4q_growth_year": null,
            "roe": -1.86,
            "roe_4q": -7.94,
            "gross_profit": 20968,
            "gross_margin": 23.86,
            "gross_margin_4q_avg": 24.64,
            "net_income": -3338,
            "net_income_4q": null,
            "revenue": 87885,
            "revenue_4q": null,
            "common_shares": 288038,
            "book_valuer_per_share": 6.28,
            "book_valuer_per_share_4q_avg": 6.47,
            "equity": 178300,
            "current_ratio": 111.55,
            "debt_ratio": 62.73,
            "inventory_turnover_ratio": 1.16,
            "account_receivable_turnover_ratio": 0.83,
            "reinvestment_rate": null,
            "research_to_sale_ratio": null,
            "price_fair": 31.92,
            "eps_avg_yearly": 0.91,
            "eps_latest_yearly": 0.88,
            "eps_growth_yearly": 394.12
        },
        "20103": {
            "year_quarter": 20103,
            "year": 2010,
            "quarter": 3,
            "eps": -0.24,
            "eps_growth_year": -176.05,
            "eps_4q": -1.03,
            "eps_4q_growth_year": null,
            "roe": -3.83,
            "roe_4q": -15.83,
            "gross_profit": 23299,
            "gross_margin": 11.73,
            "gross_margin_4q_avg": 23.26,
            "net_income": -6698,
            "net_income_4q": null,
            "revenue": 198555,
            "revenue_4q": null,
            "common_shares": 288038,
            "book_valuer_per_share": 6.03,
            "book_valuer_per_share_4q_avg": 6.25,
            "equity": 171439,
            "current_ratio": 108.93,
            "debt_ratio": 64.69,
            "inventory_turnover_ratio": 3.13,
            "account_receivable_turnover_ratio": 1.46,
            "reinvestment_rate": null,
            "research_to_sale_ratio": null,
            "price_fair": 31.92,
            "eps_avg_yearly": 0.91,
            "eps_latest_yearly": 0.88,
            "eps_growth_yearly": 394.12
        },
        "20104": {
            "year_quarter": 20104,
            "year": 2010,
            "quarter": 4,
            "eps": -0.69,
            "eps_growth_year": null,
            "eps_4q": -1.02,
            "eps_4q_growth_year": null,
            "roe": -12.42,
            "roe_4q": -17.66,
            "gross_profit": 13670,
            "gross_margin": 12.44,
            "gross_margin_4q_avg": 18.64,
            "net_income": -19726,
            "net_income_4q": null,
            "revenue": 109868,
            "revenue_4q": null,
            "common_shares": 288038,
            "book_valuer_per_share": 5.15,
            "book_valuer_per_share_4q_avg": 5.95,
            "equity": 146311,
            "current_ratio": 102.6,
            "debt_ratio": 65.63,
            "inventory_turnover_ratio": 1.97,
            "account_receivable_turnover_ratio": 0.86,
            "reinvestment_rate": null,
            "research_to_sale_ratio": null,
            "price_fair": 34.65,
            "eps_avg_yearly": 0.99,
            "eps_latest_yearly": 0.88,
            "eps_growth_yearly": 217.65
        },
        "20111": {
            "year_quarter": 20111,
            "year": 2011,
            "quarter": 1,
            "eps": 0.02,
            "eps_growth_year": -33.33,
            "eps_4q": -1.03,
            "eps_4q_growth_year": null,
            "roe": 0.43,
            "roe_4q": -17.68,
            "gross_profit": 23109,
            "gross_margin": 24.15,
            "gross_margin_4q_avg": 18.05,
            "net_income": 628,
            "net_income_4q": null,
            "revenue": 95679,
            "revenue_4q": null,
            "common_shares": 288038,
            "book_valuer_per_share": 5.2,
            "book_valuer_per_share_4q_avg": 5.67,
            "equity": 147767,
            "current_ratio": 103.66,
            "debt_ratio": 64.82,
            "inventory_turnover_ratio": 1.45,
            "account_receivable_turnover_ratio": 1.05,
            "reinvestment_rate": null,
            "research_to_sale_ratio": null,
            "price_fair": 2,
            "eps_avg_yearly": 0.67,
            "eps_latest_yearly": 0.88,
            "eps_growth_yearly": -12.02
        },
        "20112": {
            "year_quarter": 20112,
            "year": 2011,
            "quarter": 2,
            "eps": -0.07,
            "eps_growth_year": null,
            "eps_4q": -0.98,
            "eps_4q_growth_year": null,
            "roe": -1.39,
            "roe_4q": -17.21,
            "gross_profit": 21218,
            "gross_margin": 18.22,
            "gross_margin_4q_avg": 16.64,
            "net_income": -2033,
            "net_income_4q": null,
            "revenue": 116444,
            "revenue_4q": null,
            "common_shares": 284098,
            "book_valuer_per_share": 5.09,
            "book_valuer_per_share_4q_avg": 5.37,
            "equity": 144666,
            "current_ratio": 102.18,
            "debt_ratio": 66.02,
            "inventory_turnover_ratio": 1.65,
            "account_receivable_turnover_ratio": 1.23,
            "reinvestment_rate": null,
            "research_to_sale_ratio": null,
            "price_fair": 23.8,
            "eps_avg_yearly": 0.68,
            "eps_latest_yearly": 0.88,
            "eps_growth_yearly": 116.67
        },
        "20113": {
            "year_quarter": 20113,
            "year": 2011,
            "quarter": 3,
            "eps": -0.09,
            "eps_growth_year": null,
            "eps_4q": -0.84,
            "eps_4q_growth_year": null,
            "roe": -1.79,
            "roe_4q": -15.17,
            "gross_profit": 17033,
            "gross_margin": 15.6,
            "gross_margin_4q_avg": 17.6,
            "net_income": -2615,
            "net_income_4q": null,
            "revenue": 109193,
            "revenue_4q": null,
            "common_shares": 284098,
            "book_valuer_per_share": 5.19,
            "book_valuer_per_share_4q_avg": 5.16,
            "equity": 147445,
            "current_ratio": 93.52,
            "debt_ratio": 67.19,
            "inventory_turnover_ratio": 1.46,
            "account_receivable_turnover_ratio": 1.04,
            "reinvestment_rate": null,
            "research_to_sale_ratio": null,
            "price_fair": 30.8,
            "eps_avg_yearly": 0.88,
            "eps_latest_yearly": 0.88,
            "eps_growth_yearly": 333.33
        },
        "20114": {
            "year_quarter": 20114,
            "year": 2011,
            "quarter": 4,
            "eps": -0.23,
            "eps_growth_year": null,
            "eps_4q": -0.37,
            "eps_4q_growth_year": null,
            "roe": -4.57,
            "roe_4q": -7.32,
            "gross_profit": 26675,
            "gross_margin": 19.79,
            "gross_margin_4q_avg": 19.44,
            "net_income": -6574,
            "net_income_4q": null,
            "revenue": 134795,
            "revenue_4q": null,
            "common_shares": 284098,
            "book_valuer_per_share": 4.93,
            "book_valuer_per_share_4q_avg": 5.1,
            "equity": 140023,
            "current_ratio": 93.58,
            "debt_ratio": 71.3,
            "inventory_turnover_ratio": 1.42,
            "account_receivable_turnover_ratio": 1.21,
            "reinvestment_rate": null,
            "research_to_sale_ratio": null,
            "price_fair": 0,
            "eps_avg_yearly": 0,
            "eps_latest_yearly": 0,
            "eps_growth_yearly": 0
        },
        "20121": {
            "year_quarter": 20121,
            "year": 2012,
            "quarter": 1,
            "eps": -0.12,
            "eps_growth_year": -700,
            "eps_4q": -0.52,
            "eps_4q_growth_year": null,
            "roe": -2.56,
            "roe_4q": -10.310000000000002,
            "gross_profit": 23653,
            "gross_margin": 17.74,
            "gross_margin_4q_avg": 17.84,
            "net_income": -3522,
            "net_income_4q": null,
            "revenue": 133340,
            "revenue_4q": null,
            "common_shares": 284098,
            "book_valuer_per_share": 4.75,
            "book_valuer_per_share_4q_avg": 4.99,
            "equity": 134812,
            "current_ratio": 93.21,
            "debt_ratio": 72.24,
            "inventory_turnover_ratio": 1.24,
            "account_receivable_turnover_ratio": 1.11,
            "reinvestment_rate": null,
            "research_to_sale_ratio": null,
            "price_fair": 0,
            "eps_avg_yearly": 0,
            "eps_latest_yearly": 0,
            "eps_growth_yearly": 0
        },
        "20122": {
            "year_quarter": 20122,
            "year": 2012,
            "quarter": 2,
            "eps": -0.05,
            "eps_growth_year": null,
            "eps_4q": -0.5,
            "eps_4q_growth_year": null,
            "roe": -1.13,
            "roe_4q": -10.05,
            "gross_profit": 23955,
            "gross_margin": 18.09,
            "gross_margin_4q_avg": 17.81,
            "net_income": -1521,
            "net_income_4q": null,
            "revenue": 132388,
            "revenue_4q": null,
            "common_shares": 284098,
            "book_valuer_per_share": 4.7,
            "book_valuer_per_share_4q_avg": 4.89,
            "equity": 133522,
            "current_ratio": 94.32,
            "debt_ratio": 72.77,
            "inventory_turnover_ratio": 1.29,
            "account_receivable_turnover_ratio": 1.03,
            "reinvestment_rate": null,
            "research_to_sale_ratio": null,
            "price_fair": 0,
            "eps_avg_yearly": 0,
            "eps_latest_yearly": 0,
            "eps_growth_yearly": 0
        },
        "20123": {
            "year_quarter": 20123,
            "year": 2012,
            "quarter": 3,
            "eps": 0.51,
            "eps_growth_year": null,
            "eps_4q": 0.1,
            "eps_4q_growth_year": null,
            "roe": 10.41,
            "roe_4q": 2.1500000000000004,
            "gross_profit": 21231,
            "gross_margin": 16.52,
            "gross_margin_4q_avg": 18.04,
            "net_income": 14589,
            "net_income_4q": null,
            "revenue": 128495,
            "revenue_4q": null,
            "common_shares": 284098,
            "book_valuer_per_share": 5.16,
            "book_valuer_per_share_4q_avg": 4.89,
            "equity": 146717,
            "current_ratio": 108.8,
            "debt_ratio": 64.69,
            "inventory_turnover_ratio": 1.38,
            "account_receivable_turnover_ratio": 1.01,
            "reinvestment_rate": null,
            "research_to_sale_ratio": null,
            "price_fair": 0,
            "eps_avg_yearly": 0,
            "eps_latest_yearly": 0,
            "eps_growth_yearly": 0
        },
        "20124": {
            "year_quarter": 20124,
            "year": 2012,
            "quarter": 4,
            "eps": -0.03,
            "eps_growth_year": null,
            "eps_4q": 0.3,
            "eps_4q_growth_year": null,
            "roe": -0.61,
            "roe_4q": 6.110000000000001,
            "gross_profit": 30030,
            "gross_margin": 23.39,
            "gross_margin_4q_avg": 18.94,
            "net_income": -896,
            "net_income_4q": null,
            "revenue": 128407,
            "revenue_4q": null,
            "common_shares": 284098,
            "book_valuer_per_share": 5.16,
            "book_valuer_per_share_4q_avg": 4.94,
            "equity": 146573,
            "current_ratio": 109.17,
            "debt_ratio": 66.64,
            "inventory_turnover_ratio": 1.18,
            "account_receivable_turnover_ratio": 1.07,
            "reinvestment_rate": null,
            "research_to_sale_ratio": null,
            "price_fair": 0,
            "eps_avg_yearly": 0,
            "eps_latest_yearly": 0,
            "eps_growth_yearly": 0
        },
        "20131": {
            "year_quarter": 20131,
            "year": 2013,
            "quarter": 1,
            "eps": 0.03,
            "eps_growth_year": null,
            "eps_4q": 0.46,
            "eps_4q_growth_year": null,
            "roe": 0.53,
            "roe_4q": 9.2,
            "gross_profit": 26564,
            "gross_margin": 21.22,
            "gross_margin_4q_avg": 19.81,
            "net_income": 785,
            "net_income_4q": null,
            "revenue": 125194,
            "revenue_4q": null,
            "common_shares": 284098,
            "book_valuer_per_share": 5.18,
            "book_valuer_per_share_4q_avg": 5.05,
            "equity": 147266,
            "current_ratio": 108.59,
            "debt_ratio": 65.51,
            "inventory_turnover_ratio": 1.12,
            "account_receivable_turnover_ratio": 1.23,
            "reinvestment_rate": null,
            "research_to_sale_ratio": null,
            "price_fair": 0,
            "eps_avg_yearly": 0,
            "eps_latest_yearly": 0,
            "eps_growth_yearly": 0
        },
        "20132": {
            "year_quarter": 20132,
            "year": 2013,
            "quarter": 2,
            "eps": 0.01,
            "eps_growth_year": null,
            "eps_4q": 0.52,
            "eps_4q_growth_year": null,
            "roe": 0.12,
            "roe_4q": 10.45,
            "gross_profit": 28595,
            "gross_margin": 22.07,
            "gross_margin_4q_avg": 20.8,
            "net_income": 173,
            "net_income_4q": null,
            "revenue": 129563,
            "revenue_4q": null,
            "common_shares": 284098,
            "book_valuer_per_share": 5.21,
            "book_valuer_per_share_4q_avg": 5.18,
            "equity": 147991,
            "current_ratio": 107.8,
            "debt_ratio": 65.3,
            "inventory_turnover_ratio": 1.1,
            "account_receivable_turnover_ratio": 1.46,
            "reinvestment_rate": null,
            "research_to_sale_ratio": null,
            "price_fair": 0.12,
            "eps_avg_yearly": 0.04,
            "eps_latest_yearly": 0.04,
            "eps_growth_yearly": -266.67
        },
        "20133": {
            "year_quarter": 20133,
            "year": 2013,
            "quarter": 3,
            "eps": -0.15,
            "eps_growth_year": -129.21,
            "eps_4q": -0.15,
            "eps_4q_growth_year": -245.86,
            "roe": -3.03,
            "roe_4q": -2.9899999999999998,
            "gross_profit": 25071,
            "gross_margin": 21.31,
            "gross_margin_4q_avg": 22,
            "net_income": -4397,
            "net_income_4q": null,
            "revenue": 117660,
            "revenue_4q": null,
            "common_shares": 284098,
            "book_valuer_per_share": 5,
            "book_valuer_per_share_4q_avg": 5.14,
            "equity": 142131,
            "current_ratio": 106.14,
            "debt_ratio": 66.69,
            "inventory_turnover_ratio": 0.92,
            "account_receivable_turnover_ratio": 1.33,
            "reinvestment_rate": null,
            "research_to_sale_ratio": null,
            "price_fair": 0.12,
            "eps_avg_yearly": 0.04,
            "eps_latest_yearly": 0.04,
            "eps_growth_yearly": -266.67
        },
        "20134": {
            "year_quarter": 20134,
            "year": 2013,
            "quarter": 4,
            "eps": -0.49,
            "eps_growth_year": null,
            "eps_4q": -0.61,
            "eps_4q_growth_year": -300.75,
            "roe": -10.32,
            "roe_4q": -12.700000000000001,
            "gross_profit": 23462,
            "gross_margin": 17.87,
            "gross_margin_4q_avg": 20.62,
            "net_income": -13926,
            "net_income_4q": null,
            "revenue": 131309,
            "revenue_4q": null,
            "common_shares": 284098,
            "book_valuer_per_share": 4.5,
            "book_valuer_per_share_4q_avg": 4.97,
            "equity": 127854,
            "current_ratio": 102.72,
            "debt_ratio": 69.92,
            "inventory_turnover_ratio": 1.03,
            "account_receivable_turnover_ratio": 1.42,
            "reinvestment_rate": null,
            "research_to_sale_ratio": null,
            "price_fair": 0.12,
            "eps_avg_yearly": 0.04,
            "eps_latest_yearly": 0.04,
            "eps_growth_yearly": -266.67
        },
        "20141": {
            "year_quarter": 20141,
            "year": 2014,
            "quarter": 1,
            "eps": -0.33,
            "eps_growth_year": -1200,
            "eps_4q": -0.96,
            "eps_4q_growth_year": -310.47,
            "roe": -7.43,
            "roe_4q": -20.66,
            "gross_profit": 22168,
            "gross_margin": 20.2,
            "gross_margin_4q_avg": 20.36,
            "net_income": -9334,
            "net_income_4q": null,
            "revenue": 109751,
            "revenue_4q": null,
            "common_shares": 286315,
            "book_valuer_per_share": 4.31,
            "book_valuer_per_share_4q_avg": 4.76,
            "equity": 123448,
            "current_ratio": 100.25,
            "debt_ratio": 73.57,
            "inventory_turnover_ratio": 0.78,
            "account_receivable_turnover_ratio": 1.21,
            "reinvestment_rate": null,
            "research_to_sale_ratio": 4.55,
            "price_fair": 0.12,
            "eps_avg_yearly": 0.04,
            "eps_latest_yearly": 0.04,
            "eps_growth_yearly": -266.67
        },
        "20142": {
            "year_quarter": 20142,
            "year": 2014,
            "quarter": 2,
            "eps": -0.58,
            "eps_growth_year": -5900,
            "eps_4q": -1.53,
            "eps_4q_growth_year": -396.81,
            "roe": -14.44,
            "roe_4q": -35.22,
            "gross_profit": 13919,
            "gross_margin": 13.5,
            "gross_margin_4q_avg": 18.22,
            "net_income": -16677,
            "net_income_4q": null,
            "revenue": 103116,
            "revenue_4q": null,
            "common_shares": 289641,
            "book_valuer_per_share": 3.71,
            "book_valuer_per_share_4q_avg": 4.38,
            "equity": 107514,
            "current_ratio": 97.46,
            "debt_ratio": 75.65,
            "inventory_turnover_ratio": 0.77,
            "account_receivable_turnover_ratio": 1.26,
            "reinvestment_rate": null,
            "research_to_sale_ratio": 5.01,
            "price_fair": 0.12,
            "eps_avg_yearly": 0.04,
            "eps_latest_yearly": 0.04,
            "eps_growth_yearly": -266.67
        },
        "20143": {
            "year_quarter": 20143,
            "year": 2014,
            "quarter": 3,
            "eps": -1.22,
            "eps_growth_year": null,
            "eps_4q": -2.6,
            "eps_4q_growth_year": null,
            "roe": -39.06,
            "roe_4q": -71.25,
            "gross_profit": 19468,
            "gross_margin": 16.71,
            "gross_margin_4q_avg": 17.07,
            "net_income": -35432,
            "net_income_4q": null,
            "revenue": 116530,
            "revenue_4q": null,
            "common_shares": 289641,
            "book_valuer_per_share": 2.55,
            "book_valuer_per_share_4q_avg": 3.77,
            "equity": 73887,
            "current_ratio": 94.39,
            "debt_ratio": 81.56,
            "inventory_turnover_ratio": 0.9,
            "account_receivable_turnover_ratio": 1.46,
            "reinvestment_rate": null,
            "research_to_sale_ratio": null,
            "price_fair": 0.12,
            "eps_avg_yearly": 0.04,
            "eps_latest_yearly": 0.04,
            "eps_growth_yearly": -266.67
        },
        "20144": {
            "year_quarter": 20144,
            "year": 2014,
            "quarter": 4,
            "eps": -0.32,
            "eps_growth_year": null,
            "eps_4q": -3.87,
            "eps_4q_growth_year": null,
            "roe": -7.81,
            "roe_4q": -68.74000000000001,
            "gross_profit": 21825,
            "gross_margin": 18.62,
            "gross_margin_4q_avg": 17.26,
            "net_income": -5627,
            "net_income_4q": null,
            "revenue": 117211,
            "revenue_4q": null,
            "common_shares": 173326,
            "book_valuer_per_share": 4.05,
            "book_valuer_per_share_4q_avg": 3.66,
            "equity": 70272,
            "current_ratio": 94.1,
            "debt_ratio": 82.8,
            "inventory_turnover_ratio": 0.98,
            "account_receivable_turnover_ratio": 1.38,
            "reinvestment_rate": null,
            "research_to_sale_ratio": null,
            "price_fair": 0.12,
            "eps_avg_yearly": 0.04,
            "eps_latest_yearly": 0.04,
            "eps_growth_yearly": -266.67
        },
        "20151": {
            "year_quarter": 20151,
            "year": 2015,
            "quarter": 1,
            "eps": -1.56,
            "eps_growth_year": null,
            "eps_4q": -4.89,
            "eps_4q_growth_year": null,
            "roe": -48.29,
            "roe_4q": -109.6,
            "gross_profit": 3325,
            "gross_margin": 6.98,
            "gross_margin_4q_avg": 13.95,
            "net_income": -27076,
            "net_income_4q": null,
            "revenue": 47602,
            "revenue_4q": null,
            "common_shares": 173326,
            "book_valuer_per_share": 2.42,
            "book_valuer_per_share_4q_avg": 3.18,
            "equity": 41867,
            "current_ratio": 79.15,
            "debt_ratio": 85.95,
            "inventory_turnover_ratio": 0.52,
            "account_receivable_turnover_ratio": 0.72,
            "reinvestment_rate": null,
            "research_to_sale_ratio": 6.3,
            "price_fair": 0.12,
            "eps_avg_yearly": 0.04,
            "eps_latest_yearly": 0.04,
            "eps_growth_yearly": -266.67
        },
        "20152": {
            "year_quarter": 20152,
            "year": 2015,
            "quarter": 2,
            "eps": -0.62,
            "eps_growth_year": null,
            "eps_4q": -3.13,
            "eps_4q_growth_year": null,
            "roe": -18.71,
            "roe_4q": -113.87,
            "gross_profit": 3816,
            "gross_margin": 7.3,
            "gross_margin_4q_avg": 12.4,
            "net_income": -14235,
            "net_income_4q": null,
            "revenue": 52263,
            "revenue_4q": null,
            "common_shares": 263207,
            "book_valuer_per_share": 4.19,
            "book_valuer_per_share_4q_avg": 3.3,
            "equity": 110265,
            "current_ratio": 133.91,
            "debt_ratio": 59.03,
            "inventory_turnover_ratio": 0.66,
            "account_receivable_turnover_ratio": 1.24,
            "reinvestment_rate": null,
            "research_to_sale_ratio": 5.79,
            "price_fair": 0.12,
            "eps_avg_yearly": 0.04,
            "eps_latest_yearly": 0.04,
            "eps_growth_yearly": -266.67
        },
        "20153": {
            "year_quarter": 20153,
            "year": 2015,
            "quarter": 3,
            "eps": -0.86,
            "eps_growth_year": null,
            "eps_4q": -2.64,
            "eps_4q_growth_year": null,
            "roe": -22.66,
            "roe_4q": -97.47,
            "gross_profit": -4931,
            "gross_margin": -13.81,
            "gross_margin_4q_avg": 4.77,
            "net_income": -22674,
            "net_income_4q": null,
            "revenue": 35706,
            "revenue_4q": null,
            "common_shares": 263207,
            "book_valuer_per_share": 3.41,
            "book_valuer_per_share_4q_avg": 3.52,
            "equity": 89819,
            "current_ratio": 123.36,
            "debt_ratio": 63.57,
            "inventory_turnover_ratio": 0.65,
            "account_receivable_turnover_ratio": 0.89,
            "reinvestment_rate": null,
            "research_to_sale_ratio": 6.38,
            "price_fair": 0.12,
            "eps_avg_yearly": 0.04,
            "eps_latest_yearly": 0.04,
            "eps_growth_yearly": -266.67
        },
        "20154": {
            "year_quarter": 20154,
            "year": 2015,
            "quarter": 4,
            "eps": -0.16,
            "eps_growth_year": null,
            "eps_4q": -2.59,
            "eps_4q_growth_year": null,
            "roe": -5.13,
            "roe_4q": -94.78999999999999,
            "gross_profit": 6201,
            "gross_margin": 16.8,
            "gross_margin_4q_avg": 4.32,
            "net_income": -4307,
            "net_income_4q": null,
            "revenue": 36909,
            "revenue_4q": null,
            "common_shares": 263207,
            "book_valuer_per_share": 2.96,
            "book_valuer_per_share_4q_avg": 3.25,
            "equity": 77994,
            "current_ratio": 171.09,
            "debt_ratio": 62.46,
            "inventory_turnover_ratio": 0.65,
            "account_receivable_turnover_ratio": 0.94,
            "reinvestment_rate": null,
            "research_to_sale_ratio": null,
            "price_fair": 0.12,
            "eps_avg_yearly": 0.04,
            "eps_latest_yearly": 0.04,
            "eps_growth_yearly": -266.67
        },
        "20161": {
            "year_quarter": 20161,
            "year": 2016,
            "quarter": 1,
            "eps": -0.69,
            "eps_growth_year": null,
            "eps_4q": -2.25,
            "eps_4q_growth_year": null,
            "roe": -26.16,
            "roe_4q": -72.66,
            "gross_profit": -1668,
            "gross_margin": -5.58,
            "gross_margin_4q_avg": 1.18,
            "net_income": -18034,
            "net_income_4q": null,
            "revenue": 29911,
            "revenue_4q": null,
            "common_shares": 263207,
            "book_valuer_per_share": 2.27,
            "book_valuer_per_share_4q_avg": 3.21,
            "equity": 59866,
            "current_ratio": 171.94,
            "debt_ratio": 59.18,
            "inventory_turnover_ratio": 1.07,
            "account_receivable_turnover_ratio": 0.89,
            "reinvestment_rate": null,
            "research_to_sale_ratio": 6.07,
            "price_fair": 0.12,
            "eps_avg_yearly": 0.04,
            "eps_latest_yearly": 0.04,
            "eps_growth_yearly": -266.67
        },
        "20162": {
            "year_quarter": 20162,
            "year": 2016,
            "quarter": 2,
            "eps": -0.49,
            "eps_growth_year": null,
            "eps_4q": -2.2,
            "eps_4q_growth_year": null,
            "roe": -23.84,
            "roe_4q": -77.79,
            "gross_profit": 5969,
            "gross_margin": 13.39,
            "gross_margin_4q_avg": 2.7,
            "net_income": -12774,
            "net_income_4q": null,
            "revenue": 44570,
            "revenue_4q": null,
            "common_shares": 263207,
            "book_valuer_per_share": 1.8,
            "book_valuer_per_share_4q_avg": 2.61,
            "equity": 47318,
            "current_ratio": 95.03,
            "debt_ratio": 68.05,
            "inventory_turnover_ratio": 1.49,
            "account_receivable_turnover_ratio": 1.72,
            "reinvestment_rate": null,
            "research_to_sale_ratio": 3.78,
            "price_fair": 0.12,
            "eps_avg_yearly": 0.04,
            "eps_latest_yearly": 0.04,
            "eps_growth_yearly": -266.67
        },
        "20163": {
            "year_quarter": 20163,
            "year": 2016,
            "quarter": 3,
            "eps": 0.06,
            "eps_growth_year": null,
            "eps_4q": -2.61,
            "eps_4q_growth_year": null,
            "roe": 1.57,
            "roe_4q": -53.56,
            "gross_profit": -124,
            "gross_margin": -0.29,
            "gross_margin_4q_avg": 6.08,
            "net_income": 748,
            "net_income_4q": null,
            "revenue": 42230,
            "revenue_4q": null,
            "common_shares": 131603,
            "book_valuer_per_share": 3.63,
            "book_valuer_per_share_4q_avg": 2.67,
            "equity": 47762,
            "current_ratio": 82.78,
            "debt_ratio": 66.91,
            "inventory_turnover_ratio": 1.6,
            "account_receivable_turnover_ratio": 1.65,
            "reinvestment_rate": null,
            "research_to_sale_ratio": 5.36,
            "price_fair": 0.12,
            "eps_avg_yearly": 0.04,
            "eps_latest_yearly": 0.04,
            "eps_growth_yearly": -266.67
        },
        "20164": {
            "year_quarter": 20164,
            "year": 2016,
            "quarter": 4,
            "eps": 0.5,
            "eps_growth_year": null,
            "eps_4q": -1.78,
            "eps_4q_growth_year": null,
            "roe": 13.01,
            "roe_4q": -35.42,
            "gross_profit": -1451,
            "gross_margin": -4.61,
            "gross_margin_4q_avg": 0.73,
            "net_income": 6634,
            "net_income_4q": null,
            "revenue": 31464,
            "revenue_4q": null,
            "common_shares": 131603,
            "book_valuer_per_share": 4.12,
            "book_valuer_per_share_4q_avg": 2.96,
            "equity": 54241,
            "current_ratio": 89.16,
            "debt_ratio": 62.04,
            "inventory_turnover_ratio": 1.51,
            "account_receivable_turnover_ratio": 0.98,
            "reinvestment_rate": null,
            "research_to_sale_ratio": 4.6,
            "price_fair": 35.7,
            "eps_avg_yearly": 1.02,
            "eps_latest_yearly": 2,
            "eps_growth_yearly": 1333.33
        },
        "20171": {
            "year_quarter": 20171,
            "year": 2017,
            "quarter": 1,
            "eps": -0.54,
            "eps_growth_year": null,
            "eps_4q": -0.95,
            "eps_4q_growth_year": null,
            "roe": -14.14,
            "roe_4q": -23.400000000000002,
            "gross_profit": 588,
            "gross_margin": 2.34,
            "gross_margin_4q_avg": 2.71,
            "net_income": -7143,
            "net_income_4q": null,
            "revenue": 25149,
            "revenue_4q": null,
            "common_shares": 131603,
            "book_valuer_per_share": 3.56,
            "book_valuer_per_share_4q_avg": 3.28,
            "equity": 46796,
            "current_ratio": 161.84,
            "debt_ratio": 51.75,
            "inventory_turnover_ratio": 1.55,
            "account_receivable_turnover_ratio": 0.77,
            "reinvestment_rate": null,
            "research_to_sale_ratio": 1.9,
            "price_fair": 35.7,
            "eps_avg_yearly": 1.02,
            "eps_latest_yearly": 2,
            "eps_growth_yearly": 1333.33
        },
        "20172": {
            "year_quarter": 20172,
            "year": 2017,
            "quarter": 2,
            "eps": -0.6,
            "eps_growth_year": null,
            "eps_4q": -0.59,
            "eps_4q_growth_year": null,
            "roe": -18.54,
            "roe_4q": -18.1,
            "gross_profit": -2465,
            "gross_margin": -17.09,
            "gross_margin_4q_avg": -4.91,
            "net_income": -7960,
            "net_income_4q": null,
            "revenue": 14422,
            "revenue_4q": null,
            "common_shares": 131603,
            "book_valuer_per_share": 2.97,
            "book_valuer_per_share_4q_avg": 3.57,
            "equity": 39062,
            "current_ratio": 213.92,
            "debt_ratio": 34.98,
            "inventory_turnover_ratio": 1.63,
            "account_receivable_turnover_ratio": 0.72,
            "reinvestment_rate": null,
            "research_to_sale_ratio": 2.87,
            "price_fair": 70,
            "eps_avg_yearly": 2,
            "eps_latest_yearly": 2,
            "eps_growth_yearly": 2933.33
        },
        "20173": {
            "year_quarter": 20173,
            "year": 2017,
            "quarter": 3,
            "eps": -0.75,
            "eps_growth_year": -1350,
            "eps_4q": -1.4,
            "eps_4q_growth_year": null,
            "roe": -28.72,
            "roe_4q": -48.39,
            "gross_profit": -2821,
            "gross_margin": -36.57,
            "gross_margin_4q_avg": -13.98,
            "net_income": -9923,
            "net_income_4q": null,
            "revenue": 7715,
            "revenue_4q": null,
            "common_shares": 131603,
            "book_valuer_per_share": 2.28,
            "book_valuer_per_share_4q_avg": 3.23,
            "equity": 30034,
            "current_ratio": 167.65,
            "debt_ratio": 40.39,
            "inventory_turnover_ratio": 1.61,
            "account_receivable_turnover_ratio": 0.79,
            "reinvestment_rate": null,
            "research_to_sale_ratio": 5.3,
            "price_fair": 70,
            "eps_avg_yearly": 2,
            "eps_latest_yearly": 2,
            "eps_growth_yearly": 2933.33
        },
        "20174": {
            "year_quarter": 20174,
            "year": 2017,
            "quarter": 4,
            "eps": -0.54,
            "eps_growth_year": -206.54,
            "eps_4q": -2.44,
            "eps_4q_growth_year": null,
            "roe": -26.63,
            "roe_4q": -88.02999999999999,
            "gross_profit": -1322,
            "gross_margin": -23.39,
            "gross_margin_4q_avg": -18.68,
            "net_income": -7068,
            "net_income_4q": null,
            "revenue": 5652,
            "revenue_4q": null,
            "common_shares": 131603,
            "book_valuer_per_share": 1.75,
            "book_valuer_per_share_4q_avg": 2.64,
            "equity": 23047,
            "current_ratio": 133.26,
            "debt_ratio": 46.22,
            "inventory_turnover_ratio": 1.44,
            "account_receivable_turnover_ratio": 0.62,
            "reinvestment_rate": null,
            "research_to_sale_ratio": 4.35,
            "price_fair": 70,
            "eps_avg_yearly": 2,
            "eps_latest_yearly": 2,
            "eps_growth_yearly": 2933.33
        },
        "20181": {
            "year_quarter": 20181,
            "year": 2018,
            "quarter": 1,
            "eps": -0.28,
            "eps_growth_year": null,
            "eps_4q": -2.17,
            "eps_4q_growth_year": null,
            "roe": -17,
            "roe_4q": -90.88999999999999,
            "gross_profit": 1218,
            "gross_margin": 19.17,
            "gross_margin_4q_avg": -14.47,
            "net_income": -3636,
            "net_income_4q": null,
            "revenue": 6354,
            "revenue_4q": null,
            "common_shares": 131603,
            "book_valuer_per_share": 1.5,
            "book_valuer_per_share_4q_avg": 2.13,
            "equity": 19721,
            "current_ratio": 102.12,
            "debt_ratio": 50.34,
            "inventory_turnover_ratio": 1.63,
            "account_receivable_turnover_ratio": 0.63,
            "reinvestment_rate": null,
            "research_to_sale_ratio": 4.61,
            "price_fair": 70,
            "eps_avg_yearly": 2,
            "eps_latest_yearly": 2,
            "eps_growth_yearly": 2933.33
        },
        "20182": {
            "year_quarter": 20182,
            "year": 2018,
            "quarter": 2,
            "eps": -0.32,
            "eps_growth_year": null,
            "eps_4q": -1.45,
            "eps_4q_growth_year": null,
            "roe": -10.98,
            "roe_4q": -83.33,
            "gross_profit": 194,
            "gross_margin": 4.83,
            "gross_margin_4q_avg": -8.99,
            "net_income": -4207,
            "net_income_4q": null,
            "revenue": 4017,
            "revenue_4q": null,
            "common_shares": 171603,
            "book_valuer_per_share": 3.31,
            "book_valuer_per_share_4q_avg": 2.21,
            "equity": 56879,
            "current_ratio": 325.88,
            "debt_ratio": 25.99,
            "inventory_turnover_ratio": 1.58,
            "account_receivable_turnover_ratio": 0.44,
            "reinvestment_rate": null,
            "research_to_sale_ratio": 0.27,
            "price_fair": 70,
            "eps_avg_yearly": 2,
            "eps_latest_yearly": 2,
            "eps_growth_yearly": 2933.33
        },
        "20183": {
            "year_quarter": 20183,
            "year": 2018,
            "quarter": 3,
            "eps": -0.36,
            "eps_growth_year": null,
            "eps_4q": -1.22,
            "eps_4q_growth_year": null,
            "roe": -11.29,
            "roe_4q": -65.89999999999999,
            "gross_profit": -122,
            "gross_margin": -19.03,
            "gross_margin_4q_avg": -4.61,
            "net_income": -6098,
            "net_income_4q": null,
            "revenue": 641,
            "revenue_4q": null,
            "common_shares": 171603,
            "book_valuer_per_share": 2.98,
            "book_valuer_per_share_4q_avg": 2.39,
            "equity": 51169,
            "current_ratio": 1560.26,
            "debt_ratio": 8.6,
            "inventory_turnover_ratio": 0.38,
            "account_receivable_turnover_ratio": 0.12,
            "reinvestment_rate": null,
            "research_to_sale_ratio": 13.57,
            "price_fair": 70,
            "eps_avg_yearly": 2,
            "eps_latest_yearly": 2,
            "eps_growth_yearly": 2933.33
        },
        "20184": {
            "year_quarter": 20184,
            "year": 2018,
            "quarter": 4,
            "eps": -0.25,
            "eps_growth_year": null,
            "eps_4q": -0.91,
            "eps_4q_growth_year": null,
            "roe": -7.59,
            "roe_4q": -46.86,
            "gross_profit": 280,
            "gross_margin": 47.62,
            "gross_margin_4q_avg": 13.15,
            "net_income": -5277,
            "net_income_4q": null,
            "revenue": 588,
            "revenue_4q": null,
            "common_shares": 211603,
            "book_valuer_per_share": 4.16,
            "book_valuer_per_share_4q_avg": 2.99,
            "equity": 87955,
            "current_ratio": 2970.51,
            "debt_ratio": 5.21,
            "inventory_turnover_ratio": 0.15,
            "account_receivable_turnover_ratio": 0.47,
            "reinvestment_rate": null,
            "research_to_sale_ratio": 14.97,
            "price_fair": 70,
            "eps_avg_yearly": 2,
            "eps_latest_yearly": 2,
            "eps_growth_yearly": 2933.33
        },
        "20191": {
            "year_quarter": 20191,
            "year": 2019,
            "quarter": 1,
            "eps": -0.23,
            "eps_growth_year": null,
            "eps_4q": -0.97,
            "eps_4q_growth_year": null,
            "roe": -5.66,
            "roe_4q": -35.519999999999996,
            "gross_profit": 99,
            "gross_margin": 7.79,
            "gross_margin_4q_avg": 10.3,
            "net_income": -4848,
            "net_income_4q": null,
            "revenue": 1271,
            "revenue_4q": null,
            "common_shares": 211603,
            "book_valuer_per_share": 3.94,
            "book_valuer_per_share_4q_avg": 3.6,
            "equity": 83393,
            "current_ratio": 4001.39,
            "debt_ratio": 4.54,
            "inventory_turnover_ratio": 0.22,
            "account_receivable_turnover_ratio": 1.36,
            "reinvestment_rate": null,
            "research_to_sale_ratio": 0.31,
            "price_fair": 70,
            "eps_avg_yearly": 2,
            "eps_latest_yearly": 2,
            "eps_growth_yearly": 2933.33
        },
        "20192": {
            "year_quarter": 20192,
            "year": 2019,
            "quarter": 2,
            "eps": -0.26,
            "eps_growth_year": null,
            "eps_4q": -1.02,
            "eps_4q_growth_year": null,
            "roe": -6.71,
            "roe_4q": -31.25,
            "gross_profit": -199,
            "gross_margin": -19.43,
            "gross_margin_4q_avg": 4.24,
            "net_income": -5437,
            "net_income_4q": null,
            "revenue": 1024,
            "revenue_4q": null,
            "common_shares": 211603,
            "book_valuer_per_share": 3.71,
            "book_valuer_per_share_4q_avg": 3.7,
            "equity": 78572,
            "current_ratio": 4589.04,
            "debt_ratio": 5.02,
            "inventory_turnover_ratio": 0.16,
            "account_receivable_turnover_ratio": 1.06,
            "reinvestment_rate": null,
            "research_to_sale_ratio": 3.32,
            "price_fair": 70,
            "eps_avg_yearly": 2,
            "eps_latest_yearly": 2,
            "eps_growth_yearly": 2933.33
        },
        "20193": {
            "year_quarter": 20193,
            "year": 2019,
            "quarter": 3,
            "eps": -0.32,
            "eps_growth_year": null,
            "eps_4q": -1.06,
            "eps_4q_growth_year": null,
            "roe": -8.9,
            "roe_4q": -28.86,
            "gross_profit": -1042,
            "gross_margin": -73.9,
            "gross_margin_4q_avg": -9.48,
            "net_income": -6699,
            "net_income_4q": null,
            "revenue": 1410,
            "revenue_4q": null,
            "common_shares": 211603,
            "book_valuer_per_share": 3.4,
            "book_valuer_per_share_4q_avg": 3.8,
            "equity": 71909,
            "current_ratio": 2768.78,
            "debt_ratio": 5.51,
            "inventory_turnover_ratio": 0.41,
            "account_receivable_turnover_ratio": 1.49,
            "reinvestment_rate": null,
            "research_to_sale_ratio": 2.27,
            "price_fair": 70,
            "eps_avg_yearly": 2,
            "eps_latest_yearly": 2,
            "eps_growth_yearly": 2933.33
        },
        "20194": {
            "year_quarter": 20194,
            "year": 2019,
            "quarter": 4,
            "eps": -1.01,
            "eps_growth_year": null,
            "eps_4q": -1.81,
            "eps_4q_growth_year": null,
            "roe": -34.98,
            "roe_4q": -56.25,
            "gross_profit": -695,
            "gross_margin": -57.58,
            "gross_margin_4q_avg": -35.78,
            "net_income": -21268,
            "net_income_4q": null,
            "revenue": 1207,
            "revenue_4q": null,
            "common_shares": 211603,
            "book_valuer_per_share": 2.35,
            "book_valuer_per_share_4q_avg": 3.35,
            "equity": 49703,
            "current_ratio": 1332.12,
            "debt_ratio": 7.94,
            "inventory_turnover_ratio": 0.5,
            "account_receivable_turnover_ratio": 1.17,
            "reinvestment_rate": null,
            "research_to_sale_ratio": 51.2,
            "price_fair": 70,
            "eps_avg_yearly": 2,
            "eps_latest_yearly": 2,
            "eps_growth_yearly": 2933.33
        },
        "20201": {
            "year_quarter": 20201,
            "year": 2020,
            "quarter": 1,
            "eps": -0.29,
            "eps_growth_year": null,
            "eps_4q": -1.23,
            "eps_4q_growth_year": null,
            "roe": -3.42,
            "roe_4q": -54.01,
            "gross_profit": -757,
            "gross_margin": -66.87,
            "gross_margin_4q_avg": -54.45,
            "net_income": -6313,
            "net_income_4q": null,
            "revenue": 1132,
            "revenue_4q": null,
            "common_shares": 321603,
            "book_valuer_per_share": 9.94,
            "book_valuer_per_share_4q_avg": 4.85,
            "equity": 319619,
            "current_ratio": 12015.32,
            "debt_ratio": 0.91,
            "inventory_turnover_ratio": 0.99,
            "account_receivable_turnover_ratio": 1.42,
            "reinvestment_rate": null,
            "research_to_sale_ratio": 47.61,
            "price_fair": 70,
            "eps_avg_yearly": 2,
            "eps_latest_yearly": 2,
            "eps_growth_yearly": 2933.33
        },
        "20202": {
            "year_quarter": 20202,
            "year": 2020,
            "quarter": 2,
            "eps": -0.35,
            "eps_growth_year": null,
            "eps_4q": -1.42,
            "eps_4q_growth_year": null,
            "roe": -3.58,
            "roe_4q": -50.879999999999995,
            "gross_profit": -242,
            "gross_margin": -45.4,
            "gross_margin_4q_avg": -60.94,
            "net_income": -11231,
            "net_income_4q": null,
            "revenue": 533,
            "revenue_4q": null,
            "common_shares": 321603,
            "book_valuer_per_share": 9.59,
            "book_valuer_per_share_4q_avg": 6.32,
            "equity": 308344,
            "current_ratio": 9439.64,
            "debt_ratio": 1.13,
            "inventory_turnover_ratio": 1.36,
            "account_receivable_turnover_ratio": 1.03,
            "reinvestment_rate": null,
            "research_to_sale_ratio": 111.63,
            "price_fair": 70,
            "eps_avg_yearly": 2,
            "eps_latest_yearly": 2,
            "eps_growth_yearly": 2933.33
        },
        "20203": {
            "year_quarter": 20203,
            "year": 2020,
            "quarter": 3,
            "eps": 1.2,
            "eps_growth_year": null,
            "eps_4q": -0,
            "eps_4q_growth_year": null,
            "roe": 9.31,
            "roe_4q": -32.669999999999995,
            "gross_profit": 52279,
            "gross_margin": 27.15,
            "gross_margin_4q_avg": -35.68,
            "net_income": 38301,
            "net_income_4q": null,
            "revenue": 192548,
            "revenue_4q": null,
            "common_shares": 321603,
            "book_valuer_per_share": 10.61,
            "book_valuer_per_share_4q_avg": 8.12,
            "equity": 514119,
            "current_ratio": 170.43,
            "debt_ratio": 22.91,
            "inventory_turnover_ratio": 1532.99,
            "account_receivable_turnover_ratio": 2.02,
            "reinvestment_rate": null,
            "research_to_sale_ratio": 0.38,
            "price_fair": 70,
            "eps_avg_yearly": 2,
            "eps_latest_yearly": 2,
            "eps_growth_yearly": 2933.33
        },
        "20204": {
            "year_quarter": 20204,
            "year": 2020,
            "quarter": 4,
            "eps": 0.75,
            "eps_growth_year": null,
            "eps_4q": 1.41,
            "eps_4q_growth_year": null,
            "roe": 4.4,
            "roe_4q": 6.710000000000001,
            "gross_profit": 45226,
            "gross_margin": 28.81,
            "gross_margin_4q_avg": -14.08,
            "net_income": 22955,
            "net_income_4q": null,
            "revenue": 156967,
            "revenue_4q": null,
            "common_shares": 321603,
            "book_valuer_per_share": 11.21,
            "book_valuer_per_share_4q_avg": 10.34,
            "equity": 529678,
            "current_ratio": 163.19,
            "debt_ratio": 23.67,
            "inventory_turnover_ratio": null,
            "account_receivable_turnover_ratio": 0.95,
            "reinvestment_rate": null,
            "research_to_sale_ratio": 0.72,
            "price_fair": 9,
            "eps_avg_yearly": 3,
            "eps_latest_yearly": 3,
            "eps_growth_yearly": -150
        },
        "20211": {
            "year_quarter": 20211,
            "year": 2021,
            "quarter": 1,
            "eps": 4.35,
            "eps_growth_year": null,
            "eps_4q": 5.96,
            "eps_4q_growth_year": null,
            "roe": 27.03,
            "roe_4q": 37.160000000000004,
            "gross_profit": 165455,
            "gross_margin": 27.55,
            "gross_margin_4q_avg": 9.53,
            "net_income": 139511,
            "net_income_4q": null,
            "revenue": 600532,
            "revenue_4q": null,
            "common_shares": 321603,
            "book_valuer_per_share": 15.63,
            "book_valuer_per_share_4q_avg": 11.76,
            "equity": 502549,
            "current_ratio": 105.04,
            "debt_ratio": 61.74,
            "inventory_turnover_ratio": null,
            "account_receivable_turnover_ratio": 1.66,
            "reinvestment_rate": 212.05,
            "research_to_sale_ratio": 0.37,
            "price_fair": 357,
            "eps_avg_yearly": 10.2,
            "eps_latest_yearly": 17.4,
            "eps_growth_yearly": 885
        },
        "20212": {
            "year_quarter": 20212,
            "year": 2021,
            "quarter": 2,
            "eps": 4.64,
            "eps_growth_year": null,
            "eps_4q": 10.95,
            "eps_4q_growth_year": null,
            "roe": 25.63,
            "roe_4q": 66.36999999999999,
            "gross_profit": 198827,
            "gross_margin": 24.82,
            "gross_margin_4q_avg": 27.08,
            "net_income": 149348,
            "net_income_4q": null,
            "revenue": 801078,
            "revenue_4q": null,
            "common_shares": 321603,
            "book_valuer_per_share": 20.61,
            "book_valuer_per_share_4q_avg": 14.52,
            "equity": 662732,
            "current_ratio": 313.77,
            "debt_ratio": 59.12,
            "inventory_turnover_ratio": null,
            "account_receivable_turnover_ratio": 1.2,
            "reinvestment_rate": 108.15,
            "research_to_sale_ratio": 0.19,
            "price_fair": 454.53,
            "eps_avg_yearly": 12.99,
            "eps_latest_yearly": 18.56,
            "eps_growth_yearly": 598.89
        },
        "20213": {
            "year_quarter": 20213,
            "year": 2021,
            "quarter": 3,
            "eps": 4.38,
            "eps_growth_year": 265,
            "eps_4q": 14.13,
            "eps_4q_growth_year": null,
            "roe": 21.07,
            "roe_4q": 78.13000000000001,
            "gross_profit": 208567,
            "gross_margin": 24.59,
            "gross_margin_4q_avg": 26.44,
            "net_income": 140972,
            "net_income_4q": null,
            "revenue": 848229,
            "revenue_4q": null,
            "common_shares": 321603,
            "book_valuer_per_share": 21.01,
            "book_valuer_per_share_4q_avg": 17.12,
            "equity": 675604,
            "current_ratio": 204.08,
            "debt_ratio": 66.34,
            "inventory_turnover_ratio": 507.47,
            "account_receivable_turnover_ratio": 1.14,
            "reinvestment_rate": 76.72,
            "research_to_sale_ratio": 0.3,
            "price_fair": 494.2,
            "eps_avg_yearly": 14.12,
            "eps_latest_yearly": 17.52,
            "eps_growth_yearly": 443.56
        },
        "20214": {
            "year_quarter": 20214,
            "year": 2021,
            "quarter": 4,
            "eps": 2.97,
            "eps_growth_year": 296.13,
            "eps_4q": 16.28,
            "eps_4q_growth_year": 1056.04,
            "roe": 12.93,
            "roe_4q": 86.66,
            "gross_profit": 200234,
            "gross_margin": 25.01,
            "gross_margin_4q_avg": 25.49,
            "net_income": 95978,
            "net_income_4q": null,
            "revenue": 800664,
            "revenue_4q": null,
            "common_shares": 321603,
            "book_valuer_per_share": 25.16,
            "book_valuer_per_share_4q_avg": 20.6,
            "equity": 809166,
            "current_ratio": 268.54,
            "debt_ratio": 56.73,
            "inventory_turnover_ratio": 116.67,
            "account_receivable_turnover_ratio": 1.06,
            "reinvestment_rate": 64.83,
            "research_to_sale_ratio": 0.79,
            "price_fair": 478.52,
            "eps_avg_yearly": 13.67,
            "eps_latest_yearly": 11.88,
            "eps_growth_yearly": 329.1
        },
        "20221": {
            "year_quarter": 20221,
            "year": 2022,
            "quarter": 1,
            "eps": 1.19,
            "eps_growth_year": -72.64,
            "eps_4q": 13.14,
            "eps_4q_growth_year": 120.57,
            "roe": 4.14,
            "roe_4q": 63.769999999999996,
            "gross_profit": 82914,
            "gross_margin": 19.72,
            "gross_margin_4q_avg": 23.54,
            "net_income": 32096,
            "net_income_4q": null,
            "revenue": 420403,
            "revenue_4q": null,
            "common_shares": 323298,
            "book_valuer_per_share": 21.36,
            "book_valuer_per_share_4q_avg": 22.04,
            "equity": 740976,
            "current_ratio": 166.63,
            "debt_ratio": 67.58,
            "inventory_turnover_ratio": 1.61,
            "account_receivable_turnover_ratio": 0.73,
            "reinvestment_rate": 76.24,
            "research_to_sale_ratio": 2.09,
            "price_fair": 426.53,
            "eps_avg_yearly": 12.19,
            "eps_latest_yearly": 4.76,
            "eps_growth_yearly": 234.29
        },
        "20222": {
            "year_quarter": 20222,
            "year": 2022,
            "quarter": 2,
            "eps": 2.43,
            "eps_growth_year": -47.63,
            "eps_4q": 10.95,
            "eps_4q_growth_year": 0.02,
            "roe": 11.42,
            "roe_4q": 49.56,
            "gross_profit": 121938,
            "gross_margin": 24.32,
            "gross_margin_4q_avg": 23.41,
            "net_income": 90676,
            "net_income_4q": null,
            "revenue": 501434,
            "revenue_4q": null,
            "common_shares": 323298,
            "book_valuer_per_share": 24.29,
            "book_valuer_per_share_4q_avg": 22.96,
            "equity": 847193,
            "current_ratio": 116.81,
            "debt_ratio": 55.93,
            "inventory_turnover_ratio": 0.92,
            "account_receivable_turnover_ratio": 1.51,
            "reinvestment_rate": 68.72,
            "research_to_sale_ratio": 1.66,
            "price_fair": 414.2,
            "eps_avg_yearly": 11.83,
            "eps_latest_yearly": 9.72,
            "eps_growth_yearly": 260.37
        },
        "20223": {
            "year_quarter": 20223,
            "year": 2022,
            "quarter": 3,
            "eps": 1.14,
            "eps_growth_year": -73.97,
            "eps_4q": 7.74,
            "eps_4q_growth_year": -45.25,
            "roe": 4.76,
            "roe_4q": 33.25,
            "gross_profit": 67919,
            "gross_margin": 20.97,
            "gross_margin_4q_avg": 22.51,
            "net_income": 40495,
            "net_income_4q": null,
            "revenue": 323934,
            "revenue_4q": null,
            "common_shares": 323298,
            "book_valuer_per_share": 24.37,
            "book_valuer_per_share_4q_avg": 23.8,
            "equity": 853633,
            "current_ratio": 116.69,
            "debt_ratio": 54.57,
            "inventory_turnover_ratio": 0.63,
            "account_receivable_turnover_ratio": 1.39,
            "reinvestment_rate": 70.75,
            "research_to_sale_ratio": 2.59,
            "price_fair": 382.38,
            "eps_avg_yearly": 10.93,
            "eps_latest_yearly": 4.56,
            "eps_growth_yearly": 201.28
        },
        "20224": {
            "year_quarter": 20224,
            "year": 2022,
            "quarter": 4,
            "eps": -1.33,
            "eps_growth_year": -144.89,
            "eps_4q": 3.43,
            "eps_4q_growth_year": -78.9,
            "roe": -5.13,
            "roe_4q": 15.190000000000001,
            "gross_profit": 34310,
            "gross_margin": 17.79,
            "gross_margin_4q_avg": 20.7,
            "net_income": -42341,
            "net_income_4q": null,
            "revenue": 192898,
            "revenue_4q": null,
            "common_shares": 323298,
            "book_valuer_per_share": 22.64,
            "book_valuer_per_share_4q_avg": 23.17,
            "equity": 797473,
            "current_ratio": 113.44,
            "debt_ratio": 54.42,
            "inventory_turnover_ratio": 0.4,
            "account_receivable_turnover_ratio": 1.33,
            "reinvestment_rate": 70.43,
            "research_to_sale_ratio": 3.46,
            "price_fair": 382.38,
            "eps_avg_yearly": 10.93,
            "eps_latest_yearly": 4.56,
            "eps_growth_yearly": 201.28
        },
        "20231": {
            "year_quarter": 20231,
            "year": 2023,
            "quarter": 1,
            "eps": -0.85,
            "eps_growth_year": -171.43,
            "eps_4q": 1.39,
            "eps_4q_growth_year": -89.39,
            "roe": -3.98,
            "roe_4q": 7.07,
            "gross_profit": 22327,
            "gross_margin": 10.52,
            "gross_margin_4q_avg": 18.4,
            "net_income": -29655,
            "net_income_4q": null,
            "revenue": 212313,
            "revenue_4q": null,
            "common_shares": 323298,
            "book_valuer_per_share": 19.46,
            "book_valuer_per_share_4q_avg": 22.69,
            "equity": 693082,
            "current_ratio": 103.3,
            "debt_ratio": 61.43,
            "inventory_turnover_ratio": 0.46,
            "account_receivable_turnover_ratio": 1.43,
            "reinvestment_rate": 69.91,
            "research_to_sale_ratio": 4.18,
            "price_fair": 382.38,
            "eps_avg_yearly": 10.93,
            "eps_latest_yearly": 4.56,
            "eps_growth_yearly": 201.28
        },
        "20232": {
            "year_quarter": 20232,
            "year": 2023,
            "quarter": 2,
            "eps": 0.82,
            "eps_growth_year": -66.26,
            "eps_4q": -0.22,
            "eps_4q_growth_year": -102,
            "roe": 4.83,
            "roe_4q": 0.4800000000000004,
            "gross_profit": 78135,
            "gross_margin": 20.5,
            "gross_margin_4q_avg": 17.45,
            "net_income": 34805,
            "net_income_4q": null,
            "revenue": 381130,
            "revenue_4q": null,
            "common_shares": 323298,
            "book_valuer_per_share": 20.95,
            "book_valuer_per_share_4q_avg": 21.86,
            "equity": 746982,
            "current_ratio": 178.04,
            "debt_ratio": 57.28,
            "inventory_turnover_ratio": 0.74,
            "account_receivable_turnover_ratio": 2.42,
            "reinvestment_rate": 69.31,
            "research_to_sale_ratio": 2.36,
            "price_fair": 382.38,
            "eps_avg_yearly": 10.93,
            "eps_latest_yearly": 4.56,
            "eps_growth_yearly": 201.28
        },
        "20233": {
            "year_quarter": 20233,
            "year": 2023,
            "quarter": 3,
            "eps": 0.78,
            "eps_growth_year": -31.58,
            "eps_4q": -0.49,
            "eps_4q_growth_year": -106.33,
            "roe": 3.54,
            "roe_4q": -0.7399999999999993,
            "gross_profit": 82468,
            "gross_margin": 22.64,
            "gross_margin_4q_avg": 17.86,
            "net_income": 29968,
            "net_income_4q": null,
            "revenue": 364233,
            "revenue_4q": null,
            "common_shares": 353298,
            "book_valuer_per_share": 24.61,
            "book_valuer_per_share_4q_avg": 21.92,
            "equity": 944524,
            "current_ratio": 255.4,
            "debt_ratio": 47.21,
            "inventory_turnover_ratio": 0.78,
            "account_receivable_turnover_ratio": 2.51,
            "reinvestment_rate": 63.06,
            "research_to_sale_ratio": 2.39,
            "price_fair": 352.02,
            "eps_avg_yearly": 10.06,
            "eps_latest_yearly": 3.12,
            "eps_growth_yearly": 176.74
        }
    },
    "months": {
        "2005-11": {
            "month": "2005-11",
            "price": "30.00",
            "revenue": 47647
        },
        "2005-12": {
            "month": "2005-12",
            "price": "26.75",
            "revenue": 40592
        },
        "2006-01": {
            "month": "2006-01",
            "price": "24.73",
            "revenue": 41641
        },
        "2006-02": {
            "month": "2006-02",
            "price": "22.31",
            "revenue": 42807
        },
        "2006-03": {
            "month": "2006-03",
            "price": "25.05",
            "revenue": 53138
        },
        "2006-04": {
            "month": "2006-04",
            "price": "26.16",
            "revenue": 46972
        },
        "2006-05": {
            "month": "2006-05",
            "price": "27.87",
            "revenue": 42523
        },
        "2006-06": {
            "month": "2006-06",
            "price": "30.31",
            "revenue": 33610
        },
        "2006-07": {
            "month": "2006-07",
            "price": "31.22",
            "revenue": 31300
        },
        "2006-08": {
            "month": "2006-08",
            "price": "29.48",
            "revenue": 38681
        },
        "2006-09": {
            "month": "2006-09",
            "price": "27.72",
            "revenue": 45024
        },
        "2006-10": {
            "month": "2006-10",
            "price": "23.83",
            "revenue": 47370
        },
        "2006-11": {
            "month": "2006-11",
            "price": "21.48",
            "revenue": 51537
        },
        "2006-12": {
            "month": "2006-12",
            "price": "21.02",
            "revenue": 53466
        },
        "2007-01": {
            "month": "2007-01",
            "price": "19.87",
            "revenue": 48725
        },
        "2007-02": {
            "month": "2007-02",
            "price": "20.00",
            "revenue": 44840
        },
        "2007-03": {
            "month": "2007-03",
            "price": "20.28",
            "revenue": 56133
        },
        "2007-04": {
            "month": "2007-04",
            "price": "21.74",
            "revenue": 59439
        },
        "2007-05": {
            "month": "2007-05",
            "price": "23.44",
            "revenue": 46600
        },
        "2007-06": {
            "month": "2007-06",
            "price": "25.00",
            "revenue": 44060
        },
        "2007-07": {
            "month": "2007-07",
            "price": "24.47",
            "revenue": 38528
        },
        "2007-08": {
            "month": "2007-08",
            "price": "30.68",
            "revenue": 48556
        },
        "2007-09": {
            "month": "2007-09",
            "price": "28.98",
            "revenue": 39290
        },
        "2007-10": {
            "month": "2007-10",
            "price": "28.30",
            "revenue": 51944
        },
        "2007-11": {
            "month": "2007-11",
            "price": "25.10",
            "revenue": 43512
        },
        "2007-12": {
            "month": "2007-12",
            "price": "23.05",
            "revenue": 60033
        },
        "2008-01": {
            "month": "2008-01",
            "price": "15.89",
            "revenue": 39250
        },
        "2008-02": {
            "month": "2008-02",
            "price": "14.90",
            "revenue": 33256
        },
        "2008-03": {
            "month": "2008-03",
            "price": "14.84",
            "revenue": 33754
        },
        "2008-04": {
            "month": "2008-04",
            "price": "15.44",
            "revenue": 44481
        },
        "2008-05": {
            "month": "2008-05",
            "price": "16.16",
            "revenue": 56060
        },
        "2008-06": {
            "month": "2008-06",
            "price": "14.01",
            "revenue": 47238
        },
        "2008-07": {
            "month": "2008-07",
            "price": "10.67",
            "revenue": 43181
        },
        "2008-08": {
            "month": "2008-08",
            "price": "9.27",
            "revenue": 60345
        },
        "2008-09": {
            "month": "2008-09",
            "price": "8.67",
            "revenue": 52162
        },
        "2008-10": {
            "month": "2008-10",
            "price": "8.54",
            "revenue": 50266
        },
        "2008-11": {
            "month": "2008-11",
            "price": "7.37",
            "revenue": 30750
        },
        "2008-12": {
            "month": "2008-12",
            "price": "6.28",
            "revenue": 29410
        },
        "2009-01": {
            "month": "2009-01",
            "price": "5.88",
            "revenue": 24387
        },
        "2009-02": {
            "month": "2009-02",
            "price": "5.91",
            "revenue": 25401
        },
        "2009-03": {
            "month": "2009-03",
            "price": "6.89",
            "revenue": 33491
        },
        "2009-04": {
            "month": "2009-04",
            "price": "7.42",
            "revenue": 25180
        },
        "2009-05": {
            "month": "2009-05",
            "price": "9.90",
            "revenue": 24373
        },
        "2009-06": {
            "month": "2009-06",
            "price": "13.10",
            "revenue": 23279
        },
        "2009-07": {
            "month": "2009-07",
            "price": "10.22",
            "revenue": 23814
        },
        "2009-08": {
            "month": "2009-08",
            "price": "9.68",
            "revenue": 35094
        },
        "2009-09": {
            "month": "2009-09",
            "price": "8.54",
            "revenue": 34055
        },
        "2009-10": {
            "month": "2009-10",
            "price": "9.16",
            "revenue": 36708
        },
        "2009-11": {
            "month": "2009-11",
            "price": "9.27",
            "revenue": 51457
        },
        "2009-12": {
            "month": "2009-12",
            "price": "9.69",
            "revenue": 63029
        },
        "2010-01": {
            "month": "2010-01",
            "price": "10.85",
            "revenue": 48564
        },
        "2010-02": {
            "month": "2010-02",
            "price": "11.40",
            "revenue": 36783
        },
        "2010-03": {
            "month": "2010-03",
            "price": "13.56",
            "revenue": 42646
        },
        "2010-04": {
            "month": "2010-04",
            "price": "14.72",
            "revenue": 44069
        },
        "2010-05": {
            "month": "2010-05",
            "price": "11.52",
            "revenue": 49184
        },
        "2010-06": {
            "month": "2010-06",
            "price": "11.53",
            "revenue": 43912
        },
        "2010-07": {
            "month": "2010-07",
            "price": "12.51",
            "revenue": 39667
        },
        "2010-08": {
            "month": "2010-08",
            "price": "12.59",
            "revenue": 56377
        },
        "2010-09": {
            "month": "2010-09",
            "price": "10.93",
            "revenue": 44781
        },
        "2010-10": {
            "month": "2010-10",
            "price": "10.30",
            "revenue": 39868
        },
        "2010-11": {
            "month": "2010-11",
            "price": "9.62",
            "revenue": 35185
        },
        "2010-12": {
            "month": "2010-12",
            "price": "9.64",
            "revenue": 34189
        },
        "2011-01": {
            "month": "2011-01",
            "price": "9.14",
            "revenue": 28581
        },
        "2011-02": {
            "month": "2011-02",
            "price": "8.75",
            "revenue": 26070
        },
        "2011-03": {
            "month": "2011-03",
            "price": "8.14",
            "revenue": 30082
        },
        "2011-04": {
            "month": "2011-04",
            "price": "8.08",
            "revenue": 35343
        },
        "2011-05": {
            "month": "2011-05",
            "price": "8.55",
            "revenue": 42381
        },
        "2011-06": {
            "month": "2011-06",
            "price": "8.37",
            "revenue": 35448
        },
        "2011-07": {
            "month": "2011-07",
            "price": "7.88",
            "revenue": 35604
        },
        "2011-08": {
            "month": "2011-08",
            "price": "6.70",
            "revenue": 31876
        },
        "2011-09": {
            "month": "2011-09",
            "price": "5.56",
            "revenue": 37510
        },
        "2011-10": {
            "month": "2011-10",
            "price": "5.34",
            "revenue": 52444
        },
        "2011-11": {
            "month": "2011-11",
            "price": "5.27",
            "revenue": 35644
        },
        "2011-12": {
            "month": "2011-12",
            "price": "4.91",
            "revenue": 51738
        },
        "2012-01": {
            "month": "2012-01",
            "price": "4.79",
            "revenue": 32955
        },
        "2012-02": {
            "month": "2012-02",
            "price": "5.57",
            "revenue": 42087
        },
        "2012-03": {
            "month": "2012-03",
            "price": "5.72",
            "revenue": 54557
        },
        "2012-04": {
            "month": "2012-04",
            "price": "5.07",
            "revenue": 44429
        },
        "2012-05": {
            "month": "2012-05",
            "price": "4.81",
            "revenue": 43479
        },
        "2012-06": {
            "month": "2012-06",
            "price": "4.81",
            "revenue": 39179
        },
        "2012-07": {
            "month": "2012-07",
            "price": "5.11",
            "revenue": 36088
        },
        "2012-08": {
            "month": "2012-08",
            "price": "5.89",
            "revenue": 48018
        },
        "2012-09": {
            "month": "2012-09",
            "price": "5.83",
            "revenue": 44589
        },
        "2012-10": {
            "month": "2012-10",
            "price": "5.55",
            "revenue": 36790
        },
        "2012-11": {
            "month": "2012-11",
            "price": "5.55",
            "revenue": 39911
        },
        "2012-12": {
            "month": "2012-12",
            "price": "5.39",
            "revenue": 49637
        },
        "2013-01": {
            "month": "2013-01",
            "price": "5.49",
            "revenue": 53903
        },
        "2013-02": {
            "month": "2013-02",
            "price": "5.70",
            "revenue": 30652
        },
        "2013-03": {
            "month": "2013-03",
            "price": "5.59",
            "revenue": 40070
        },
        "2013-04": {
            "month": "2013-04",
            "price": "5.28",
            "revenue": 43632
        },
        "2013-05": {
            "month": "2013-05",
            "price": "5.49",
            "revenue": 40641
        },
        "2013-06": {
            "month": "2013-06",
            "price": "5.54",
            "revenue": 42934
        },
        "2013-07": {
            "month": "2013-07",
            "price": "5.23",
            "revenue": 40702
        },
        "2013-08": {
            "month": "2013-08",
            "price": "5.31",
            "revenue": 37117
        },
        "2013-09": {
            "month": "2013-09",
            "price": "5.23",
            "revenue": 39914
        },
        "2013-10": {
            "month": "2013-10",
            "price": "5.76",
            "revenue": 37145
        },
        "2013-11": {
            "month": "2013-11",
            "price": "6.86",
            "revenue": 42742
        },
        "2013-12": {
            "month": "2013-12",
            "price": "6.87",
            "revenue": 51450
        },
        "2014-01": {
            "month": "2014-01",
            "price": "7.82",
            "revenue": 37301
        },
        "2014-02": {
            "month": "2014-02",
            "price": "8.02",
            "revenue": 32005
        },
        "2014-03": {
            "month": "2014-03",
            "price": "7.14",
            "revenue": 42716
        },
        "2014-04": {
            "month": "2014-04",
            "price": "5.18",
            "revenue": 41013
        },
        "2014-05": {
            "month": "2014-05",
            "price": "4.80",
            "revenue": 30828
        },
        "2014-06": {
            "month": "2014-06",
            "price": "4.99",
            "revenue": 29006
        },
        "2014-07": {
            "month": "2014-07",
            "price": "4.99",
            "revenue": 44822
        },
        "2014-08": {
            "month": "2014-08",
            "price": "5.38",
            "revenue": 36080
        },
        "2014-09": {
            "month": "2014-09",
            "price": "6.64",
            "revenue": 34064
        },
        "2014-10": {
            "month": "2014-10",
            "price": "6.57",
            "revenue": 40256
        },
        "2014-11": {
            "month": "2014-11",
            "price": "5.53",
            "revenue": 36749
        },
        "2014-12": {
            "month": "2014-12",
            "price": "5.08",
            "revenue": 40187
        },
        "2015-01": {
            "month": "2015-01",
            "price": "4.94",
            "revenue": 12383
        },
        "2015-02": {
            "month": "2015-02",
            "price": "4.92",
            "revenue": 20883
        },
        "2015-03": {
            "month": "2015-03",
            "price": "9.27",
            "revenue": 14332
        },
        "2015-04": {
            "month": "2015-04",
            "price": "10.33",
            "revenue": 17675
        },
        "2015-05": {
            "month": "2015-05",
            "price": "11.42",
            "revenue": 16872
        },
        "2015-06": {
            "month": "2015-06",
            "price": "11.65",
            "revenue": 17660
        },
        "2015-07": {
            "month": "2015-07",
            "price": "13.85",
            "revenue": 13062
        },
        "2015-08": {
            "month": "2015-08",
            "price": "13.28",
            "revenue": 15561
        },
        "2015-09": {
            "month": "2015-09",
            "price": "13.00",
            "revenue": 7070
        },
        "2015-10": {
            "month": "2015-10",
            "price": "10.43",
            "revenue": 18588
        },
        "2015-11": {
            "month": "2015-11",
            "price": "10.13",
            "revenue": 12004
        },
        "2015-12": {
            "month": "2015-12",
            "price": "9.79",
            "revenue": 10310
        },
        "2016-01": {
            "month": "2016-01",
            "price": "9.81",
            "revenue": 10022
        },
        "2016-02": {
            "month": "2016-02",
            "price": "9.73",
            "revenue": 4646
        },
        "2016-03": {
            "month": "2016-03",
            "price": "10.23",
            "revenue": 15243
        },
        "2016-04": {
            "month": "2016-04",
            "price": "9.59",
            "revenue": 14500
        },
        "2016-05": {
            "month": "2016-05",
            "price": "7.08",
            "revenue": 11483
        },
        "2016-06": {
            "month": "2016-06",
            "price": "6.85",
            "revenue": 18587
        },
        "2016-07": {
            "month": "2016-07",
            "price": "7.11",
            "revenue": 12843
        },
        "2016-08": {
            "month": "2016-08",
            "price": "7.25",
            "revenue": 13592
        },
        "2016-09": {
            "month": "2016-09",
            "price": "7.00",
            "revenue": 15796
        },
        "2016-10": {
            "month": "2016-10",
            "price": "6.27",
            "revenue": 10894
        },
        "2016-11": {
            "month": "2016-11",
            "price": "6.45",
            "revenue": 10952
        },
        "2016-12": {
            "month": "2016-12",
            "price": "9.05",
            "revenue": 11006
        },
        "2017-01": {
            "month": "2017-01",
            "price": "9.44",
            "revenue": 8579
        },
        "2017-02": {
            "month": "2017-02",
            "price": "15.30",
            "revenue": 8311
        },
        "2017-03": {
            "month": "2017-03",
            "price": "17.95",
            "revenue": 7448
        },
        "2017-04": {
            "month": "2017-04",
            "price": "18.37",
            "revenue": 4970
        },
        "2017-05": {
            "month": "2017-05",
            "price": "17.47",
            "revenue": 3661
        },
        "2017-06": {
            "month": "2017-06",
            "price": "16.35",
            "revenue": 5572
        },
        "2017-07": {
            "month": "2017-07",
            "price": "15.35",
            "revenue": 5178
        },
        "2017-08": {
            "month": "2017-08",
            "price": "15.25",
            "revenue": 2267
        },
        "2017-09": {
            "month": "2017-09",
            "price": "14.40",
            "revenue": 270
        },
        "2017-10": {
            "month": "2017-10",
            "price": "14.09",
            "revenue": 1138
        },
        "2017-11": {
            "month": "2017-11",
            "price": "13.08",
            "revenue": 1168
        },
        "2017-12": {
            "month": "2017-12",
            "price": "14.18",
            "revenue": 3347
        },
        "2018-01": {
            "month": "2018-01",
            "price": "14.00",
            "revenue": 2071
        },
        "2018-02": {
            "month": "2018-02",
            "price": "13.35",
            "revenue": 969
        },
        "2018-03": {
            "month": "2018-03",
            "price": "13.14",
            "revenue": 3314
        },
        "2018-04": {
            "month": "2018-04",
            "price": "13.58",
            "revenue": 1685
        },
        "2018-05": {
            "month": "2018-05",
            "price": "12.42",
            "revenue": 1810
        },
        "2018-06": {
            "month": "2018-06",
            "price": "11.31",
            "revenue": 522
        },
        "2018-07": {
            "month": "2018-07",
            "price": "12.46",
            "revenue": 154
        },
        "2018-08": {
            "month": "2018-08",
            "price": "15.42",
            "revenue": 363
        },
        "2018-09": {
            "month": "2018-09",
            "price": "21.16",
            "revenue": 124
        },
        "2018-10": {
            "month": "2018-10",
            "price": "21.49",
            "revenue": 227
        },
        "2018-11": {
            "month": "2018-11",
            "price": "20.80",
            "revenue": 104
        },
        "2018-12": {
            "month": "2018-12",
            "price": "21.28",
            "revenue": 257
        },
        "2019-01": {
            "month": "2019-01",
            "price": "23.86",
            "revenue": 181
        },
        "2019-02": {
            "month": "2019-02",
            "price": "34.79",
            "revenue": 547
        },
        "2019-03": {
            "month": "2019-03",
            "price": "29.67",
            "revenue": 543
        },
        "2019-04": {
            "month": "2019-04",
            "price": "32.08",
            "revenue": 389
        },
        "2019-05": {
            "month": "2019-05",
            "price": "29.97",
            "revenue": 212
        },
        "2019-06": {
            "month": "2019-06",
            "price": "29.90",
            "revenue": 423
        },
        "2019-07": {
            "month": "2019-07",
            "price": "31.80",
            "revenue": 541
        },
        "2019-08": {
            "month": "2019-08",
            "price": "37.10",
            "revenue": 474
        },
        "2019-09": {
            "month": "2019-09",
            "price": "35.53",
            "revenue": 395
        },
        "2019-10": {
            "month": "2019-10",
            "price": "31.89",
            "revenue": 403
        },
        "2019-11": {
            "month": "2019-11",
            "price": "32.54",
            "revenue": 342
        },
        "2019-12": {
            "month": "2019-12",
            "price": "35.18",
            "revenue": 462
        },
        "2020-01": {
            "month": "2020-01",
            "price": "35.00",
            "revenue": 425
        },
        "2020-02": {
            "month": "2020-02",
            "price": "32.11",
            "revenue": 323
        },
        "2020-03": {
            "month": "2020-03",
            "price": "32.00",
            "revenue": 385
        },
        "2020-04": {
            "month": "2020-04",
            "price": "45.50",
            "revenue": 253
        },
        "2020-05": {
            "month": "2020-05",
            "price": "50.73",
            "revenue": 110
        },
        "2020-06": {
            "month": "2020-06",
            "price": "59.48",
            "revenue": 169
        },
        "2020-07": {
            "month": "2020-07",
            "price": "70.61",
            "revenue": 45633
        },
        "2020-08": {
            "month": "2020-08",
            "price": "85.49",
            "revenue": 76572
        },
        "2020-09": {
            "month": "2020-09",
            "price": "130.74",
            "revenue": 70343
        },
        "2020-10": {
            "month": "2020-10",
            "price": "148.50",
            "revenue": 40580
        },
        "2020-11": {
            "month": "2020-11",
            "price": "140.02",
            "revenue": 53077
        },
        "2020-12": {
            "month": "2020-12",
            "price": "160.26",
            "revenue": 63310
        },
        "2021-01": {
            "month": "2021-01",
            "price": "181.48",
            "revenue": 192870
        },
        "2021-02": {
            "month": "2021-02",
            "price": "182.69",
            "revenue": 127831
        },
        "2021-03": {
            "month": "2021-03",
            "price": "177.57",
            "revenue": 279831
        },
        "2021-04": {
            "month": "2021-04",
            "price": "214.74",
            "revenue": 217623
        },
        "2021-05": {
            "month": "2021-05",
            "price": "194.05",
            "revenue": 276655
        },
        "2021-06": {
            "month": "2021-06",
            "price": "184.33",
            "revenue": 306800
        },
        "2021-07": {
            "month": "2021-07",
            "price": "187.11",
            "revenue": 289021
        },
        "2021-08": {
            "month": "2021-08",
            "price": "177.75",
            "revenue": 288435
        },
        "2021-09": {
            "month": "2021-09",
            "price": "171.39",
            "revenue": 270773
        },
        "2021-10": {
            "month": "2021-10",
            "price": "180.75",
            "revenue": 263248
        },
        "2021-11": {
            "month": "2021-11",
            "price": "201.64",
            "revenue": 305321
        },
        "2021-12": {
            "month": "2021-12",
            "price": "238.07",
            "revenue": 232095
        },
        "2022-01": {
            "month": "2022-01",
            "price": "203.44",
            "revenue": 166631
        },
        "2022-02": {
            "month": "2022-02",
            "price": "180.83",
            "revenue": 92668
        },
        "2022-03": {
            "month": "2022-03",
            "price": "153.46",
            "revenue": 161104
        },
        "2022-04": {
            "month": "2022-04",
            "price": "117.89",
            "revenue": 118001
        },
        "2022-05": {
            "month": "2022-05",
            "price": "97.48",
            "revenue": 200680
        },
        "2022-06": {
            "month": "2022-06",
            "price": "112.17",
            "revenue": 182753
        },
        "2022-07": {
            "month": "2022-07",
            "price": "99.70",
            "revenue": 112163
        },
        "2022-08": {
            "month": "2022-08",
            "price": "102.85",
            "revenue": 106905
        },
        "2022-09": {
            "month": "2022-09",
            "price": "100.13",
            "revenue": 104866
        },
        "2022-10": {
            "month": "2022-10",
            "price": "89.06",
            "revenue": 66578
        },
        "2022-11": {
            "month": "2022-11",
            "price": "81.54",
            "revenue": 65441
        },
        "2022-12": {
            "month": "2022-12",
            "price": "82.19",
            "revenue": 60879
        },
        "2023-01": {
            "month": "2023-01",
            "price": "91.35",
            "revenue": 35149
        },
        "2023-02": {
            "month": "2023-02",
            "price": "98.64",
            "revenue": 36363
        },
        "2023-03": {
            "month": "2023-03",
            "price": "91.98",
            "revenue": 140801
        },
        "2023-04": {
            "month": "2023-04",
            "price": "91.78",
            "revenue": 137196
        },
        "2023-05": {
            "month": "2023-05",
            "price": "90.91",
            "revenue": 146755
        },
        "2023-06": {
            "month": "2023-06",
            "price": "86.06",
            "revenue": 97179
        },
        "2023-07": {
            "month": "2023-07",
            "price": "85.93",
            "revenue": 115190
        },
        "2023-08": {
            "month": "2023-08",
            "price": "76.75",
            "revenue": 136048
        },
        "2023-09": {
            "month": "2023-09",
            "price": "72.09",
            "revenue": 112996
        },
        "2023-10": {
            "month": "2023-10",
            "price": "70.04",
            "revenue": 72256
        },
        "2023-11": {
            "month": "2023-11",
            "price": "68.30",
            "revenue": 88587
        },
        "2023-12": {
            "month": "2023-12",
            "price": "78.26",
            "revenue": 114167
        }
    }
}
