{
    "summary": {
        "stock_name": "德晉",
        "stock_id": "3466",
        "category": "通信網路",
        "main_business": "衛星電視接收系統外銷音響之製造加工及買賣<br>一般進出口貿易<br>代理國內外廠商前各項有關產品之報價投標及銷售",
        "website_url": "https://www.skardin.com/zh/%e9%a6%96%e9%a0%81/",
        "ceo": "劉勇信(代理)",
        "pe_ratio": -9,
        "report_year_from": 2004,
        "report_year_to": 2023,
        "age": 20,
        "eps_negative_percentage": 35,
        "eps_growth_avg": {
            "last_all": -18.95,
            "last_2y": -100,
            "last_4y": -100,
            "last_8y": -100,
            "last_12y": -30.57,
            "last_16y": -26.06,
            "last_20y": null,
            "at_2006_last_3y": null,
            "at_2007_last_3y": null,
            "at_2008_last_3y": -16.48,
            "at_2009_last_3y": -16.48,
            "at_2010_last_3y": -18.17,
            "at_2011_last_3y": 8.5,
            "at_2012_last_3y": 26.41,
            "at_2013_last_3y": 2.26,
            "at_2014_last_3y": 21.5,
            "at_2015_last_3y": -28.5,
            "at_2016_last_3y": -28.69,
            "at_2017_last_3y": -44.74,
            "at_2018_last_3y": -100,
            "at_2019_last_3y": null,
            "at_2020_last_3y": -100,
            "at_2021_last_3y": -100,
            "at_2022_last_3y": -100,
            "at_2023_last_3y": -100,
            "at_2024_last_3y": -100,
            "at_2006_last_all": 20.17,
            "at_2007_last_all": 11.22,
            "at_2008_last_all": -16.48,
            "at_2009_last_all": 6.81,
            "at_2010_last_all": -5.39,
            "at_2011_last_all": 9.66,
            "at_2012_last_all": 4.96,
            "at_2013_last_all": 4.79,
            "at_2014_last_all": 5.36,
            "at_2015_last_all": -4.22,
            "at_2016_last_all": -4.22,
            "at_2017_last_all": -4.22,
            "at_2018_last_all": -4.22,
            "at_2019_last_all": -4.22,
            "at_2020_last_all": -12.2,
            "at_2021_last_all": -12.2,
            "at_2022_last_all": -12.2,
            "at_2023_last_all": -18.95,
            "at_2024_last_all": -18.95
        },
        "latest_eps": -3.01,
        "latest_price": 27.65,
        "latest_roe": -19.51,
        "latest_gross_margin": 31.99,
        "latest_equity": 852324,
        "latest_revenue": 133468,
        "latest_gross_profit": 42700,
        "latest_net_income": -143123,
        "latest_debt_ratio": 47.92,
        "latest_current_ratio": 167.23,
        "latest_account_receivable_turnover_ratio": 0.5,
        "latest_inventory_turnover_ratio": 0.98,
        "latest_reinvestment_rate": null,
        "latest_research_to_sale_ratio": 19.23
    },
    "eps_dividends": {
        "2001": {
            "cash": 0,
            "stock": 0,
            "eps": 0
        },
        "2002": {
            "cash": 0,
            "stock": 0,
            "eps": 0
        },
        "2003": {
            "cash": 0,
            "stock": 0,
            "eps": 0
        },
        "2004": {
            "cash": 0,
            "stock": 0,
            "eps": 6.24
        },
        "2005": {
            "cash": 2.5,
            "stock": 4.5,
            "eps": 12.62
        },
        "2006": {
            "cash": 5,
            "stock": 1,
            "eps": 5.09
        },
        "2007": {
            "cash": 3.8,
            "stock": 0.5,
            "eps": 4.75
        },
        "2008": {
            "cash": 3,
            "stock": 0.5,
            "eps": 0.02
        },
        "2009": {
            "cash": 1,
            "stock": 0,
            "eps": 2.92
        },
        "2010": {
            "cash": 2,
            "stock": 0,
            "eps": 0.98
        },
        "2011": {
            "cash": 1,
            "stock": 0,
            "eps": 2.04
        },
        "2012": {
            "cash": 1.5,
            "stock": 0,
            "eps": 1.47
        },
        "2013": {
            "cash": 1,
            "stock": 0,
            "eps": 1.52
        },
        "2014": {
            "cash": 1.3,
            "stock": 0,
            "eps": 1.68
        },
        "2015": {
            "cash": 1.5,
            "stock": 0,
            "eps": -0.55
        },
        "2016": {
            "cash": 0.5,
            "stock": 0,
            "eps": -0.09
        },
        "2017": {
            "cash": 0.5,
            "stock": 0,
            "eps": -2.83
        },
        "2018": {
            "cash": 0,
            "stock": 0,
            "eps": -0.46
        },
        "2019": {
            "cash": 0,
            "stock": 0,
            "eps": 1.1
        },
        "2020": {
            "cash": 0.5,
            "stock": 0,
            "eps": -2.5
        },
        "2021": {
            "cash": 0,
            "stock": 0,
            "eps": -1.29
        },
        "2022": {
            "cash": 0,
            "stock": 0,
            "eps": 0.07
        },
        "2023": {
            "cash": 0,
            "stock": 0,
            "eps": -3.01
        }
    },
    "dividends": {
        "2005-04-12": {
            "cash": 2.5,
            "stock": 4.5
        },
        "2006-03-13": {
            "cash": 5,
            "stock": 1
        },
        "2007-04-17": {
            "cash": 3.8,
            "stock": 0.5
        },
        "2008-04-21": {
            "cash": 3,
            "stock": 0.5
        },
        "2009-03-03": {
            "cash": 1,
            "stock": 0
        },
        "2010-03-22": {
            "cash": 2,
            "stock": 0
        },
        "2011-03-18": {
            "cash": 1,
            "stock": 0
        },
        "2012-06-19": {
            "cash": 1.5,
            "stock": 0
        },
        "2013-06-14": {
            "cash": 1,
            "stock": 0
        },
        "2014-09-24": {
            "cash": 1.3,
            "stock": 0
        },
        "2015-09-23": {
            "cash": 1.5,
            "stock": 0
        },
        "2016-09-28": {
            "cash": 0.5,
            "stock": 0
        },
        "2017-08-09": {
            "cash": 0.5,
            "stock": 0
        },
        "2020-08-14": {
            "cash": 0.5,
            "stock": 0
        }
    },
    "prices": {
        "200101": "無",
        "200102": "無",
        "200103": "無",
        "200104": "無",
        "200105": "無",
        "200106": "無",
        "200107": "無",
        "200108": "無",
        "200109": "無",
        "200110": "無",
        "200111": "無",
        "200112": "無",
        "200201": "無",
        "200202": "無",
        "200203": "無",
        "200204": "無",
        "200205": "無",
        "200206": "無",
        "200207": "無",
        "200208": "無",
        "200209": "無",
        "200210": "無",
        "200211": "無",
        "200212": "無",
        "200301": "無",
        "200302": "無",
        "200303": "無",
        "200304": "無",
        "200305": "無",
        "200306": "無",
        "200307": "無",
        "200308": "無",
        "200309": "無",
        "200310": "無",
        "200311": "無",
        "200312": "無",
        "200401": "無",
        "200402": "無",
        "200403": "無",
        "200404": "無",
        "200405": "無",
        "200406": "無",
        "200407": "無",
        "200408": "無",
        "200409": "無",
        "200410": "無",
        "200411": "無",
        "200412": "無",
        "200501": "無",
        "200502": "無",
        "200503": "80.15",
        "200504": "106.07",
        "200505": "112.58",
        "200506": "120.48",
        "200507": "141.14",
        "200508": "121.10",
        "200509": "114.15",
        "200510": "122.55",
        "200511": "117.41",
        "200512": "149.36",
        "200601": "171.66",
        "200602": "170.05",
        "200603": "159.30",
        "200604": "145.92",
        "200605": "89.78",
        "200606": "73.54",
        "200607": "68.36",
        "200608": "57.73",
        "200609": "58.28",
        "200610": "63.38",
        "200611": "82.39",
        "200612": "80.81",
        "200701": "82.48",
        "200702": "83.41",
        "200703": "91.52",
        "200704": "98.64",
        "200705": "103.78",
        "200706": "99.82",
        "200707": "120.36",
        "200708": "110.61",
        "200709": "109.56",
        "200710": "86.17",
        "200711": "65.36",
        "200712": "59.59",
        "200801": "54.32",
        "200802": "53.09",
        "200803": "54.20",
        "200804": "55.05",
        "200805": "54.15",
        "200806": "45.04",
        "200807": "31.80",
        "200808": "30.23",
        "200809": "22.08",
        "200810": "16.69",
        "200811": "12.34",
        "200812": "13.46",
        "200901": "14.07",
        "200902": "16.16",
        "200903": "22.29",
        "200904": "26.09",
        "200905": "33.91",
        "200906": "41.53",
        "200907": "42.47",
        "200908": "44.37",
        "200909": "50.36",
        "200910": "52.60",
        "200911": "48.43",
        "200912": "49.03",
        "201001": "47.80",
        "201002": "44.46",
        "201003": "43.73",
        "201004": "42.91",
        "201005": "33.79",
        "201006": "33.33",
        "201007": "31.37",
        "201008": "30.20",
        "201009": "28.54",
        "201010": "26.73",
        "201011": "28.17",
        "201012": "32.13",
        "201101": "28.00",
        "201102": "26.85",
        "201103": "25.84",
        "201104": "25.57",
        "201105": "25.25",
        "201106": "26.33",
        "201107": "23.90",
        "201108": "21.96",
        "201109": "23.53",
        "201110": "23.62",
        "201111": "21.41",
        "201112": "20.33",
        "201201": "20.75",
        "201202": "22.80",
        "201203": "23.21",
        "201204": "22.09",
        "201205": "19.88",
        "201206": "19.27",
        "201207": "19.12",
        "201208": "18.61",
        "201209": "19.29",
        "201210": "19.01",
        "201211": "19.05",
        "201212": "19.18",
        "201301": "18.93",
        "201302": "18.83",
        "201303": "18.65",
        "201304": "18.45",
        "201305": "18.42",
        "201306": "18.56",
        "201307": "18.40",
        "201308": "17.79",
        "201309": "20.66",
        "201310": "24.11",
        "201311": "27.27",
        "201312": "27.59",
        "201401": "32.26",
        "201402": "36.02",
        "201403": "36.44",
        "201404": "39.71",
        "201405": "39.91",
        "201406": "38.30",
        "201407": "35.18",
        "201408": "33.12",
        "201409": "32.73",
        "201410": "29.92",
        "201411": "27.70",
        "201412": "30.22",
        "201501": "33.14",
        "201502": "33.08",
        "201503": "32.49",
        "201504": "30.44",
        "201505": "29.39",
        "201506": "29.08",
        "201507": "28.66",
        "201508": "28.30",
        "201509": "27.59",
        "201510": "27.02",
        "201511": "25.42",
        "201512": "22.64",
        "201601": "20.97",
        "201602": "20.88",
        "201603": "21.36",
        "201604": "20.86",
        "201605": "20.24",
        "201606": "20.04",
        "201607": "19.80",
        "201608": "19.61",
        "201609": "18.78",
        "201610": "18.43",
        "201611": "17.65",
        "201612": "17.22",
        "201701": "17.33",
        "201702": "18.75",
        "201703": "19.49",
        "201704": "19.34",
        "201705": "19.07",
        "201706": "19.01",
        "201707": "18.54",
        "201708": "16.54",
        "201709": "16.14",
        "201710": "15.93",
        "201711": "15.85",
        "201712": "15.42",
        "201801": "15.12",
        "201802": "14.64",
        "201803": "14.22",
        "201804": "13.12",
        "201805": "13.44",
        "201806": "13.48",
        "201807": "13.32",
        "201808": "12.66",
        "201809": "12.00",
        "201810": "11.12",
        "201811": "11.11",
        "201812": "11.00",
        "201901": "13.71",
        "201902": "18.02",
        "201903": "18.08",
        "201904": "21.66",
        "201905": "19.49",
        "201906": "18.70",
        "201907": "19.15",
        "201908": "17.22",
        "201909": "17.89",
        "201910": "17.05",
        "201911": "18.06",
        "201912": "20.77",
        "202001": "20.48",
        "202002": "19.09",
        "202003": "15.39",
        "202004": "15.15",
        "202005": "15.16",
        "202006": "14.79",
        "202007": "14.17",
        "202008": "13.25",
        "202009": "13.01",
        "202010": "12.42",
        "202011": "12.18",
        "202012": "12.83",
        "202101": "11.82",
        "202102": "11.42",
        "202103": "12.89",
        "202104": "13.56",
        "202105": "11.86",
        "202106": "12.29",
        "202107": "12.64",
        "202108": "12.25",
        "202109": "16.74",
        "202110": "16.78",
        "202111": "17.32",
        "202112": "18.80",
        "202201": "17.49",
        "202202": "17.69",
        "202203": "17.34",
        "202204": "17.46",
        "202205": "22.34",
        "202206": "26.42",
        "202207": "25.65",
        "202208": "26.28",
        "202209": "26.24",
        "202210": "22.60",
        "202211": "27.65",
        "202212": "30.58",
        "202301": "31.24",
        "202302": "31.05",
        "202303": "30.14",
        "202304": "33.24",
        "202305": "30.94",
        "202306": "30.38",
        "202307": "28.27",
        "202308": "24.88",
        "202309": "24.58",
        "202310": "24.59",
        "202311": "24.94",
        "202312": "24.30",
        "202401": "24.10",
        "202402": "26.20",
        "202403": "26.94",
        "202404": "無"
    },
    "quarters": {
        "20011": {
            "year_quarter": 20011,
            "year": 2001,
            "quarter": 1,
            "eps": null,
            "eps_growth_year": null,
            "eps_4q": null,
            "eps_4q_growth_year": null,
            "roe": null,
            "roe_4q": 0,
            "gross_profit": null,
            "gross_margin": null,
            "gross_margin_4q_avg": 0,
            "net_income": null,
            "net_income_4q": null,
            "revenue": null,
            "revenue_4q": null,
            "common_shares": null,
            "book_valuer_per_share": null,
            "book_valuer_per_share_4q_avg": 0,
            "equity": null,
            "current_ratio": null,
            "debt_ratio": null,
            "inventory_turnover_ratio": null,
            "account_receivable_turnover_ratio": null,
            "reinvestment_rate": null,
            "research_to_sale_ratio": null,
            "price_fair": 0,
            "eps_avg_yearly": 0,
            "eps_latest_yearly": 0,
            "eps_growth_yearly": 0
        },
        "20012": {
            "year_quarter": 20012,
            "year": 2001,
            "quarter": 2,
            "eps": null,
            "eps_growth_year": null,
            "eps_4q": null,
            "eps_4q_growth_year": null,
            "roe": null,
            "roe_4q": 0,
            "gross_profit": null,
            "gross_margin": null,
            "gross_margin_4q_avg": 0,
            "net_income": null,
            "net_income_4q": null,
            "revenue": null,
            "revenue_4q": null,
            "common_shares": null,
            "book_valuer_per_share": null,
            "book_valuer_per_share_4q_avg": 0,
            "equity": null,
            "current_ratio": null,
            "debt_ratio": null,
            "inventory_turnover_ratio": null,
            "account_receivable_turnover_ratio": null,
            "reinvestment_rate": null,
            "research_to_sale_ratio": null,
            "price_fair": 0,
            "eps_avg_yearly": 0,
            "eps_latest_yearly": 0,
            "eps_growth_yearly": 0
        },
        "20013": {
            "year_quarter": 20013,
            "year": 2001,
            "quarter": 3,
            "eps": null,
            "eps_growth_year": null,
            "eps_4q": null,
            "eps_4q_growth_year": null,
            "roe": null,
            "roe_4q": 0,
            "gross_profit": null,
            "gross_margin": null,
            "gross_margin_4q_avg": 0,
            "net_income": null,
            "net_income_4q": null,
            "revenue": null,
            "revenue_4q": null,
            "common_shares": null,
            "book_valuer_per_share": null,
            "book_valuer_per_share_4q_avg": 0,
            "equity": null,
            "current_ratio": null,
            "debt_ratio": null,
            "inventory_turnover_ratio": null,
            "account_receivable_turnover_ratio": null,
            "reinvestment_rate": null,
            "research_to_sale_ratio": null,
            "price_fair": 0,
            "eps_avg_yearly": 0,
            "eps_latest_yearly": 0,
            "eps_growth_yearly": 0
        },
        "20014": {
            "year_quarter": 20014,
            "year": 2001,
            "quarter": 4,
            "eps": null,
            "eps_growth_year": null,
            "eps_4q": null,
            "eps_4q_growth_year": null,
            "roe": null,
            "roe_4q": 0,
            "gross_profit": null,
            "gross_margin": null,
            "gross_margin_4q_avg": 0,
            "net_income": null,
            "net_income_4q": null,
            "revenue": null,
            "revenue_4q": null,
            "common_shares": 130000,
            "book_valuer_per_share": 15.32,
            "book_valuer_per_share_4q_avg": 3.83,
            "equity": 199187,
            "current_ratio": 263.96,
            "debt_ratio": 40.19,
            "inventory_turnover_ratio": null,
            "account_receivable_turnover_ratio": null,
            "reinvestment_rate": null,
            "research_to_sale_ratio": null,
            "price_fair": 0,
            "eps_avg_yearly": 0,
            "eps_latest_yearly": 0,
            "eps_growth_yearly": 0
        },
        "20021": {
            "year_quarter": 20021,
            "year": 2002,
            "quarter": 1,
            "eps": null,
            "eps_growth_year": null,
            "eps_4q": null,
            "eps_4q_growth_year": null,
            "roe": null,
            "roe_4q": 0,
            "gross_profit": null,
            "gross_margin": null,
            "gross_margin_4q_avg": 0,
            "net_income": null,
            "net_income_4q": null,
            "revenue": null,
            "revenue_4q": null,
            "common_shares": null,
            "book_valuer_per_share": null,
            "book_valuer_per_share_4q_avg": 3.83,
            "equity": null,
            "current_ratio": null,
            "debt_ratio": null,
            "inventory_turnover_ratio": null,
            "account_receivable_turnover_ratio": null,
            "reinvestment_rate": null,
            "research_to_sale_ratio": null,
            "price_fair": 0,
            "eps_avg_yearly": 0,
            "eps_latest_yearly": 0,
            "eps_growth_yearly": 0
        },
        "20022": {
            "year_quarter": 20022,
            "year": 2002,
            "quarter": 2,
            "eps": null,
            "eps_growth_year": null,
            "eps_4q": null,
            "eps_4q_growth_year": null,
            "roe": null,
            "roe_4q": 0,
            "gross_profit": null,
            "gross_margin": null,
            "gross_margin_4q_avg": 0,
            "net_income": null,
            "net_income_4q": null,
            "revenue": null,
            "revenue_4q": null,
            "common_shares": null,
            "book_valuer_per_share": null,
            "book_valuer_per_share_4q_avg": 3.83,
            "equity": null,
            "current_ratio": null,
            "debt_ratio": null,
            "inventory_turnover_ratio": null,
            "account_receivable_turnover_ratio": null,
            "reinvestment_rate": null,
            "research_to_sale_ratio": null,
            "price_fair": 0,
            "eps_avg_yearly": 0,
            "eps_latest_yearly": 0,
            "eps_growth_yearly": 0
        },
        "20023": {
            "year_quarter": 20023,
            "year": 2002,
            "quarter": 3,
            "eps": null,
            "eps_growth_year": null,
            "eps_4q": null,
            "eps_4q_growth_year": null,
            "roe": null,
            "roe_4q": 0,
            "gross_profit": null,
            "gross_margin": null,
            "gross_margin_4q_avg": 0,
            "net_income": null,
            "net_income_4q": null,
            "revenue": null,
            "revenue_4q": null,
            "common_shares": null,
            "book_valuer_per_share": null,
            "book_valuer_per_share_4q_avg": 3.83,
            "equity": null,
            "current_ratio": null,
            "debt_ratio": null,
            "inventory_turnover_ratio": null,
            "account_receivable_turnover_ratio": null,
            "reinvestment_rate": null,
            "research_to_sale_ratio": null,
            "price_fair": 0,
            "eps_avg_yearly": 0,
            "eps_latest_yearly": 0,
            "eps_growth_yearly": 0
        },
        "20024": {
            "year_quarter": 20024,
            "year": 2002,
            "quarter": 4,
            "eps": null,
            "eps_growth_year": null,
            "eps_4q": null,
            "eps_4q_growth_year": null,
            "roe": null,
            "roe_4q": 0,
            "gross_profit": null,
            "gross_margin": null,
            "gross_margin_4q_avg": 0,
            "net_income": null,
            "net_income_4q": null,
            "revenue": null,
            "revenue_4q": null,
            "common_shares": 130000,
            "book_valuer_per_share": 14.05,
            "book_valuer_per_share_4q_avg": 3.51,
            "equity": 182680,
            "current_ratio": 143.9,
            "debt_ratio": 67.76,
            "inventory_turnover_ratio": null,
            "account_receivable_turnover_ratio": null,
            "reinvestment_rate": null,
            "research_to_sale_ratio": null,
            "price_fair": 0,
            "eps_avg_yearly": 0,
            "eps_latest_yearly": 0,
            "eps_growth_yearly": 0
        },
        "20031": {
            "year_quarter": 20031,
            "year": 2003,
            "quarter": 1,
            "eps": null,
            "eps_growth_year": null,
            "eps_4q": null,
            "eps_4q_growth_year": null,
            "roe": null,
            "roe_4q": 0,
            "gross_profit": null,
            "gross_margin": null,
            "gross_margin_4q_avg": 0,
            "net_income": null,
            "net_income_4q": null,
            "revenue": null,
            "revenue_4q": null,
            "common_shares": null,
            "book_valuer_per_share": null,
            "book_valuer_per_share_4q_avg": 3.51,
            "equity": null,
            "current_ratio": null,
            "debt_ratio": null,
            "inventory_turnover_ratio": null,
            "account_receivable_turnover_ratio": null,
            "reinvestment_rate": null,
            "research_to_sale_ratio": null,
            "price_fair": 0,
            "eps_avg_yearly": 0,
            "eps_latest_yearly": 0,
            "eps_growth_yearly": 0
        },
        "20032": {
            "year_quarter": 20032,
            "year": 2003,
            "quarter": 2,
            "eps": null,
            "eps_growth_year": null,
            "eps_4q": null,
            "eps_4q_growth_year": null,
            "roe": null,
            "roe_4q": 0,
            "gross_profit": null,
            "gross_margin": null,
            "gross_margin_4q_avg": 0,
            "net_income": null,
            "net_income_4q": null,
            "revenue": null,
            "revenue_4q": null,
            "common_shares": null,
            "book_valuer_per_share": null,
            "book_valuer_per_share_4q_avg": 3.51,
            "equity": null,
            "current_ratio": null,
            "debt_ratio": null,
            "inventory_turnover_ratio": null,
            "account_receivable_turnover_ratio": null,
            "reinvestment_rate": null,
            "research_to_sale_ratio": null,
            "price_fair": 0,
            "eps_avg_yearly": 0,
            "eps_latest_yearly": 0,
            "eps_growth_yearly": 0
        },
        "20033": {
            "year_quarter": 20033,
            "year": 2003,
            "quarter": 3,
            "eps": null,
            "eps_growth_year": null,
            "eps_4q": null,
            "eps_4q_growth_year": null,
            "roe": null,
            "roe_4q": 0,
            "gross_profit": null,
            "gross_margin": null,
            "gross_margin_4q_avg": 0,
            "net_income": null,
            "net_income_4q": null,
            "revenue": null,
            "revenue_4q": null,
            "common_shares": null,
            "book_valuer_per_share": null,
            "book_valuer_per_share_4q_avg": 3.51,
            "equity": null,
            "current_ratio": null,
            "debt_ratio": null,
            "inventory_turnover_ratio": null,
            "account_receivable_turnover_ratio": null,
            "reinvestment_rate": null,
            "research_to_sale_ratio": null,
            "price_fair": 0,
            "eps_avg_yearly": 0,
            "eps_latest_yearly": 0,
            "eps_growth_yearly": 0
        },
        "20034": {
            "year_quarter": 20034,
            "year": 2003,
            "quarter": 4,
            "eps": null,
            "eps_growth_year": null,
            "eps_4q": null,
            "eps_4q_growth_year": null,
            "roe": null,
            "roe_4q": 0,
            "gross_profit": null,
            "gross_margin": null,
            "gross_margin_4q_avg": 0,
            "net_income": null,
            "net_income_4q": null,
            "revenue": null,
            "revenue_4q": null,
            "common_shares": 195000,
            "book_valuer_per_share": 14.88,
            "book_valuer_per_share_4q_avg": 3.72,
            "equity": 290176,
            "current_ratio": 150.48,
            "debt_ratio": 64.84,
            "inventory_turnover_ratio": null,
            "account_receivable_turnover_ratio": null,
            "reinvestment_rate": null,
            "research_to_sale_ratio": null,
            "price_fair": 0,
            "eps_avg_yearly": 0,
            "eps_latest_yearly": 0,
            "eps_growth_yearly": 0
        },
        "20041": {
            "year_quarter": 20041,
            "year": 2004,
            "quarter": 1,
            "eps": null,
            "eps_growth_year": null,
            "eps_4q": null,
            "eps_4q_growth_year": null,
            "roe": null,
            "roe_4q": 0,
            "gross_profit": null,
            "gross_margin": null,
            "gross_margin_4q_avg": 0,
            "net_income": null,
            "net_income_4q": null,
            "revenue": null,
            "revenue_4q": null,
            "common_shares": null,
            "book_valuer_per_share": null,
            "book_valuer_per_share_4q_avg": 3.72,
            "equity": null,
            "current_ratio": null,
            "debt_ratio": null,
            "inventory_turnover_ratio": null,
            "account_receivable_turnover_ratio": null,
            "reinvestment_rate": null,
            "research_to_sale_ratio": null,
            "price_fair": 0,
            "eps_avg_yearly": 0,
            "eps_latest_yearly": 0,
            "eps_growth_yearly": 0
        },
        "20042": {
            "year_quarter": 20042,
            "year": 2004,
            "quarter": 2,
            "eps": null,
            "eps_growth_year": null,
            "eps_4q": null,
            "eps_4q_growth_year": null,
            "roe": null,
            "roe_4q": 0,
            "gross_profit": null,
            "gross_margin": null,
            "gross_margin_4q_avg": 0,
            "net_income": null,
            "net_income_4q": null,
            "revenue": null,
            "revenue_4q": null,
            "common_shares": null,
            "book_valuer_per_share": null,
            "book_valuer_per_share_4q_avg": 3.72,
            "equity": null,
            "current_ratio": null,
            "debt_ratio": null,
            "inventory_turnover_ratio": null,
            "account_receivable_turnover_ratio": null,
            "reinvestment_rate": null,
            "research_to_sale_ratio": null,
            "price_fair": 0,
            "eps_avg_yearly": 0,
            "eps_latest_yearly": 0,
            "eps_growth_yearly": 0
        },
        "20043": {
            "year_quarter": 20043,
            "year": 2004,
            "quarter": 3,
            "eps": 4.41,
            "eps_growth_year": null,
            "eps_4q": null,
            "eps_4q_growth_year": null,
            "roe": 18.66,
            "roe_4q": 18.66,
            "gross_profit": 199084,
            "gross_margin": 18.86,
            "gross_margin_4q_avg": 4.72,
            "net_income": 108441,
            "net_income_4q": null,
            "revenue": 1055590,
            "revenue_4q": null,
            "common_shares": 279333,
            "book_valuer_per_share": 20.8,
            "book_valuer_per_share_4q_avg": 8.92,
            "equity": 580996,
            "current_ratio": 171.35,
            "debt_ratio": 56.4,
            "inventory_turnover_ratio": 2.45,
            "account_receivable_turnover_ratio": null,
            "reinvestment_rate": null,
            "research_to_sale_ratio": null,
            "price_fair": 0,
            "eps_avg_yearly": 0,
            "eps_latest_yearly": 0,
            "eps_growth_yearly": 0
        },
        "20044": {
            "year_quarter": 20044,
            "year": 2004,
            "quarter": 4,
            "eps": 1.83,
            "eps_growth_year": null,
            "eps_4q": null,
            "eps_4q_growth_year": null,
            "roe": 7.6,
            "roe_4q": 26.259999999999998,
            "gross_profit": 152885,
            "gross_margin": 16.53,
            "gross_margin_4q_avg": 8.85,
            "net_income": 46461,
            "net_income_4q": null,
            "revenue": 925082,
            "revenue_4q": null,
            "common_shares": 279333,
            "book_valuer_per_share": 22.38,
            "book_valuer_per_share_4q_avg": 10.8,
            "equity": 641784,
            "current_ratio": 211.69,
            "debt_ratio": 50.57,
            "inventory_turnover_ratio": 1.88,
            "account_receivable_turnover_ratio": null,
            "reinvestment_rate": null,
            "research_to_sale_ratio": null,
            "price_fair": 21.96,
            "eps_avg_yearly": 7.32,
            "eps_latest_yearly": 7.32,
            "eps_growth_yearly": -234.01
        },
        "20051": {
            "year_quarter": 20051,
            "year": 2005,
            "quarter": 1,
            "eps": 3.47,
            "eps_growth_year": null,
            "eps_4q": null,
            "eps_4q_growth_year": null,
            "roe": 14.2,
            "roe_4q": 40.459999999999994,
            "gross_profit": 195785,
            "gross_margin": 16.76,
            "gross_margin_4q_avg": 13.04,
            "net_income": 96902,
            "net_income_4q": null,
            "revenue": 1167923,
            "revenue_4q": null,
            "common_shares": 279333,
            "book_valuer_per_share": 25.88,
            "book_valuer_per_share_4q_avg": 17.27,
            "equity": 722784,
            "current_ratio": 198.11,
            "debt_ratio": 49.46,
            "inventory_turnover_ratio": 2.37,
            "account_receivable_turnover_ratio": null,
            "reinvestment_rate": null,
            "research_to_sale_ratio": null,
            "price_fair": 371,
            "eps_avg_yearly": 10.6,
            "eps_latest_yearly": 13.88,
            "eps_growth_yearly": 62.23
        },
        "20052": {
            "year_quarter": 20052,
            "year": 2005,
            "quarter": 2,
            "eps": 3.35,
            "eps_growth_year": null,
            "eps_4q": 12.36,
            "eps_4q_growth_year": null,
            "roe": 12.78,
            "roe_4q": 53.239999999999995,
            "gross_profit": 178897,
            "gross_margin": 18.81,
            "gross_margin_4q_avg": 17.74,
            "net_income": 93647,
            "net_income_4q": null,
            "revenue": 950893,
            "revenue_4q": null,
            "common_shares": 279333,
            "book_valuer_per_share": 26.59,
            "book_valuer_per_share_4q_avg": 23.91,
            "equity": 742677,
            "current_ratio": 230.96,
            "debt_ratio": 42.48,
            "inventory_turnover_ratio": 2.01,
            "account_receivable_turnover_ratio": null,
            "reinvestment_rate": null,
            "research_to_sale_ratio": null,
            "price_fair": 403.67,
            "eps_avg_yearly": 11.53,
            "eps_latest_yearly": 13.4,
            "eps_growth_yearly": 36.87
        },
        "20053": {
            "year_quarter": 20053,
            "year": 2005,
            "quarter": 3,
            "eps": 3.63,
            "eps_growth_year": -17.69,
            "eps_4q": 9.34,
            "eps_4q_growth_year": null,
            "roe": 16.2,
            "roe_4q": 50.779999999999994,
            "gross_profit": 297566,
            "gross_margin": 19.45,
            "gross_margin_4q_avg": 17.89,
            "net_income": 150622,
            "net_income_4q": null,
            "revenue": 1529613,
            "revenue_4q": null,
            "common_shares": 451033,
            "book_valuer_per_share": 24.77,
            "book_valuer_per_share_4q_avg": 24.91,
            "equity": 1117302,
            "current_ratio": 240.57,
            "debt_ratio": 40.63,
            "inventory_turnover_ratio": 3.47,
            "account_receivable_turnover_ratio": null,
            "reinvestment_rate": null,
            "research_to_sale_ratio": null,
            "price_fair": 429.8,
            "eps_avg_yearly": 12.28,
            "eps_latest_yearly": 14.52,
            "eps_growth_yearly": 36.01
        },
        "20054": {
            "year_quarter": 20054,
            "year": 2005,
            "quarter": 4,
            "eps": 2.17,
            "eps_growth_year": 18.58,
            "eps_4q": 10.24,
            "eps_4q_growth_year": null,
            "roe": 7.83,
            "roe_4q": 51.010000000000005,
            "gross_profit": 239496,
            "gross_margin": 20.51,
            "gross_margin_4q_avg": 18.88,
            "net_income": 91714,
            "net_income_4q": null,
            "revenue": 1167915,
            "revenue_4q": null,
            "common_shares": 451033,
            "book_valuer_per_share": 26.79,
            "book_valuer_per_share_4q_avg": 26.01,
            "equity": 1226582,
            "current_ratio": 268.32,
            "debt_ratio": 39.96,
            "inventory_turnover_ratio": 2.6,
            "account_receivable_turnover_ratio": null,
            "reinvestment_rate": null,
            "research_to_sale_ratio": null,
            "price_fair": 34.68,
            "eps_avg_yearly": 11.56,
            "eps_latest_yearly": 8.68,
            "eps_growth_yearly": -3.37
        },
        "20061": {
            "year_quarter": 20061,
            "year": 2006,
            "quarter": 1,
            "eps": 1.7,
            "eps_growth_year": -51.01,
            "eps_4q": 9.16,
            "eps_4q_growth_year": null,
            "roe": 6.1,
            "roe_4q": 42.91,
            "gross_profit": 129640,
            "gross_margin": 15.97,
            "gross_margin_4q_avg": 18.69,
            "net_income": 76573,
            "net_income_4q": null,
            "revenue": 811797,
            "revenue_4q": null,
            "common_shares": 451033,
            "book_valuer_per_share": 28.47,
            "book_valuer_per_share_4q_avg": 26.66,
            "equity": 1283956,
            "current_ratio": 314.86,
            "debt_ratio": 31.41,
            "inventory_turnover_ratio": 1.82,
            "account_receivable_turnover_ratio": null,
            "reinvestment_rate": null,
            "research_to_sale_ratio": null,
            "price_fair": 32.3,
            "eps_avg_yearly": 10.77,
            "eps_latest_yearly": 6.8,
            "eps_growth_yearly": -17.24
        },
        "20062": {
            "year_quarter": 20062,
            "year": 2006,
            "quarter": 2,
            "eps": 0.92,
            "eps_growth_year": -72.54,
            "eps_4q": 7.75,
            "eps_4q_growth_year": -37.28,
            "roe": 3.04,
            "roe_4q": 33.17,
            "gross_profit": 106691,
            "gross_margin": 18.76,
            "gross_margin_4q_avg": 18.67,
            "net_income": 42954,
            "net_income_4q": null,
            "revenue": 568753,
            "revenue_4q": null,
            "common_shares": 503923,
            "book_valuer_per_share": 30.62,
            "book_valuer_per_share_4q_avg": 27.66,
            "equity": 1543015,
            "current_ratio": 373.33,
            "debt_ratio": 26.86,
            "inventory_turnover_ratio": 1.44,
            "account_receivable_turnover_ratio": null,
            "reinvestment_rate": null,
            "research_to_sale_ratio": null,
            "price_fair": 29.26,
            "eps_avg_yearly": 9.75,
            "eps_latest_yearly": 3.68,
            "eps_growth_yearly": -41
        },
        "20063": {
            "year_quarter": 20063,
            "year": 2006,
            "quarter": 3,
            "eps": 1.05,
            "eps_growth_year": -71.07,
            "eps_4q": 5.05,
            "eps_4q_growth_year": -45.95,
            "roe": 3.53,
            "roe_4q": 20.5,
            "gross_profit": 101745,
            "gross_margin": 12.32,
            "gross_margin_4q_avg": 16.89,
            "net_income": 55454,
            "net_income_4q": null,
            "revenue": 826156,
            "revenue_4q": null,
            "common_shares": 557415,
            "book_valuer_per_share": 28.71,
            "book_valuer_per_share_4q_avg": 28.65,
            "equity": 1600200,
            "current_ratio": 386.76,
            "debt_ratio": 25.97,
            "inventory_turnover_ratio": 2.17,
            "account_receivable_turnover_ratio": null,
            "reinvestment_rate": null,
            "research_to_sale_ratio": null,
            "price_fair": 27.18,
            "eps_avg_yearly": 9.06,
            "eps_latest_yearly": 4.2,
            "eps_growth_yearly": -28.81
        },
        "20064": {
            "year_quarter": 20064,
            "year": 2006,
            "quarter": 4,
            "eps": 1.42,
            "eps_growth_year": -34.56,
            "eps_4q": 4.69,
            "eps_4q_growth_year": -54.25,
            "roe": 4.61,
            "roe_4q": 17.28,
            "gross_profit": 219270,
            "gross_margin": 19.34,
            "gross_margin_4q_avg": 16.6,
            "net_income": 76076,
            "net_income_4q": null,
            "revenue": 1133563,
            "revenue_4q": null,
            "common_shares": 557415,
            "book_valuer_per_share": 30.1,
            "book_valuer_per_share_4q_avg": 29.48,
            "equity": 1697103,
            "current_ratio": 363.99,
            "debt_ratio": 29.68,
            "inventory_turnover_ratio": 2.63,
            "account_receivable_turnover_ratio": null,
            "reinvestment_rate": null,
            "research_to_sale_ratio": null,
            "price_fair": 26.05,
            "eps_avg_yearly": 8.68,
            "eps_latest_yearly": 5.68,
            "eps_growth_yearly": -9.95
        },
        "20071": {
            "year_quarter": 20071,
            "year": 2007,
            "quarter": 1,
            "eps": 0.88,
            "eps_growth_year": -48.24,
            "eps_4q": 4,
            "eps_4q_growth_year": -56.34,
            "roe": 2.87,
            "roe_4q": 14.05,
            "gross_profit": 79459,
            "gross_margin": 14.85,
            "gross_margin_4q_avg": 16.32,
            "net_income": 49231,
            "net_income_4q": null,
            "revenue": 535138,
            "revenue_4q": null,
            "common_shares": 557415,
            "book_valuer_per_share": 31.01,
            "book_valuer_per_share_4q_avg": 30.11,
            "equity": 1728601,
            "current_ratio": 1073.9,
            "debt_ratio": 11.83,
            "inventory_turnover_ratio": 2.57,
            "account_receivable_turnover_ratio": null,
            "reinvestment_rate": null,
            "research_to_sale_ratio": null,
            "price_fair": 24.5,
            "eps_avg_yearly": 8.17,
            "eps_latest_yearly": 3.52,
            "eps_growth_yearly": -24.16
        },
        "20072": {
            "year_quarter": 20072,
            "year": 2007,
            "quarter": 2,
            "eps": 0.85,
            "eps_growth_year": -7.61,
            "eps_4q": 4.1,
            "eps_4q_growth_year": -47.16,
            "roe": 2.88,
            "roe_4q": 13.889999999999999,
            "gross_profit": 82966,
            "gross_margin": 13.23,
            "gross_margin_4q_avg": 14.94,
            "net_income": 47341,
            "net_income_4q": null,
            "revenue": 627208,
            "revenue_4q": null,
            "common_shares": 557415,
            "book_valuer_per_share": 28.01,
            "book_valuer_per_share_4q_avg": 29.46,
            "equity": 1561360,
            "current_ratio": 549.51,
            "debt_ratio": 19.85,
            "inventory_turnover_ratio": 36.58,
            "account_receivable_turnover_ratio": null,
            "reinvestment_rate": null,
            "research_to_sale_ratio": null,
            "price_fair": 23.2,
            "eps_avg_yearly": 7.73,
            "eps_latest_yearly": 3.4,
            "eps_growth_yearly": -23.21
        },
        "20073": {
            "year_quarter": 20073,
            "year": 2007,
            "quarter": 3,
            "eps": 1.37,
            "eps_growth_year": 30.48,
            "eps_4q": 4.29,
            "eps_4q_growth_year": -15.03,
            "roe": 5.05,
            "roe_4q": 15.41,
            "gross_profit": 144913,
            "gross_margin": 15.95,
            "gross_margin_4q_avg": 15.84,
            "net_income": 80984,
            "net_income_4q": null,
            "revenue": 908744,
            "revenue_4q": null,
            "common_shares": 589786,
            "book_valuer_per_share": 27.86,
            "book_valuer_per_share_4q_avg": 29.25,
            "equity": 1642960,
            "current_ratio": 980.5,
            "debt_ratio": 13.08,
            "inventory_turnover_ratio": 22.42,
            "account_receivable_turnover_ratio": null,
            "reinvestment_rate": null,
            "research_to_sale_ratio": null,
            "price_fair": 22.64,
            "eps_avg_yearly": 7.55,
            "eps_latest_yearly": 5.48,
            "eps_growth_yearly": -0.88
        },
        "20074": {
            "year_quarter": 20074,
            "year": 2007,
            "quarter": 4,
            "eps": 1.65,
            "eps_growth_year": 16.2,
            "eps_4q": 4.66,
            "eps_4q_growth_year": -0.6,
            "roe": 5.73,
            "roe_4q": 16.53,
            "gross_profit": 137911,
            "gross_margin": 15.28,
            "gross_margin_4q_avg": 14.83,
            "net_income": 97389,
            "net_income_4q": null,
            "revenue": 902576,
            "revenue_4q": null,
            "common_shares": 589786,
            "book_valuer_per_share": 29.5,
            "book_valuer_per_share_4q_avg": 29.1,
            "equity": 1757219,
            "current_ratio": 348.29,
            "debt_ratio": 30.17,
            "inventory_turnover_ratio": 3.49,
            "account_receivable_turnover_ratio": null,
            "reinvestment_rate": null,
            "research_to_sale_ratio": null,
            "price_fair": 115.67,
            "eps_avg_yearly": 7.47,
            "eps_latest_yearly": 6.6,
            "eps_growth_yearly": 5.48
        },
        "20081": {
            "year_quarter": 20081,
            "year": 2008,
            "quarter": 1,
            "eps": 0.03,
            "eps_growth_year": -96.59,
            "eps_4q": 6.97,
            "eps_4q_growth_year": 74.24,
            "roe": 0.06,
            "roe_4q": 13.719999999999999,
            "gross_profit": 76520,
            "gross_margin": 15.52,
            "gross_margin_4q_avg": 15,
            "net_income": 979,
            "net_income_4q": null,
            "revenue": 492948,
            "revenue_4q": null,
            "common_shares": 589786,
            "book_valuer_per_share": 29.12,
            "book_valuer_per_share_4q_avg": 28.62,
            "equity": 1733952,
            "current_ratio": 512.1,
            "debt_ratio": 21.8,
            "inventory_turnover_ratio": 1.19,
            "account_receivable_turnover_ratio": null,
            "reinvestment_rate": null,
            "research_to_sale_ratio": null,
            "price_fair": 20.85,
            "eps_avg_yearly": 6.95,
            "eps_latest_yearly": 0.12,
            "eps_growth_yearly": -22.97
        },
        "20082": {
            "year_quarter": 20082,
            "year": 2008,
            "quarter": 2,
            "eps": -0.03,
            "eps_growth_year": -103.53,
            "eps_4q": 3.02,
            "eps_4q_growth_year": -26.23,
            "roe": -0.15,
            "roe_4q": 10.690000000000001,
            "gross_profit": 54184,
            "gross_margin": 19.34,
            "gross_margin_4q_avg": 16.52,
            "net_income": -2475,
            "net_income_4q": null,
            "revenue": 280130,
            "revenue_4q": null,
            "common_shares": 589786,
            "book_valuer_per_share": 26.24,
            "book_valuer_per_share_4q_avg": 28.18,
            "equity": 1552032,
            "current_ratio": 409.02,
            "debt_ratio": 25.89,
            "inventory_turnover_ratio": 0.72,
            "account_receivable_turnover_ratio": null,
            "reinvestment_rate": 17.36,
            "research_to_sale_ratio": null,
            "price_fair": 20.85,
            "eps_avg_yearly": 6.95,
            "eps_latest_yearly": 0.12,
            "eps_growth_yearly": -22.97
        },
        "20083": {
            "year_quarter": 20083,
            "year": 2008,
            "quarter": 3,
            "eps": -0.06,
            "eps_growth_year": -104.38,
            "eps_4q": 1.5,
            "eps_4q_growth_year": -65.02,
            "roe": -0.23,
            "roe_4q": 5.41,
            "gross_profit": 25791,
            "gross_margin": 11.42,
            "gross_margin_4q_avg": 15.39,
            "net_income": -3570,
            "net_income_4q": null,
            "revenue": 225899,
            "revenue_4q": null,
            "common_shares": 623775,
            "book_valuer_per_share": 24.89,
            "book_valuer_per_share_4q_avg": 27.44,
            "equity": 1552340,
            "current_ratio": 651.46,
            "debt_ratio": 17.84,
            "inventory_turnover_ratio": 0.66,
            "account_receivable_turnover_ratio": null,
            "reinvestment_rate": 14.74,
            "research_to_sale_ratio": null,
            "price_fair": 20.85,
            "eps_avg_yearly": 6.95,
            "eps_latest_yearly": 0.12,
            "eps_growth_yearly": -22.97
        },
        "20084": {
            "year_quarter": 20084,
            "year": 2008,
            "quarter": 4,
            "eps": 0.08,
            "eps_growth_year": -95.15,
            "eps_4q": 0.02,
            "eps_4q_growth_year": -99.52,
            "roe": 0.34,
            "roe_4q": 0.020000000000000018,
            "gross_profit": 76071,
            "gross_margin": 16.94,
            "gross_margin_4q_avg": 15.81,
            "net_income": 5213,
            "net_income_4q": null,
            "revenue": 448931,
            "revenue_4q": null,
            "common_shares": 623775,
            "book_valuer_per_share": 24.98,
            "book_valuer_per_share_4q_avg": 26.31,
            "equity": 1558346,
            "current_ratio": 413.09,
            "debt_ratio": 25.4,
            "inventory_turnover_ratio": 1.2,
            "account_receivable_turnover_ratio": 2.88,
            "reinvestment_rate": 14.35,
            "research_to_sale_ratio": null,
            "price_fair": 20.76,
            "eps_avg_yearly": 6.92,
            "eps_latest_yearly": 0.12,
            "eps_growth_yearly": -6.73
        },
        "20091": {
            "year_quarter": 20091,
            "year": 2009,
            "quarter": 1,
            "eps": 0.45,
            "eps_growth_year": 1400,
            "eps_4q": 0.45,
            "eps_4q_growth_year": -93.59,
            "roe": 1.75,
            "roe_4q": 1.71,
            "gross_profit": 84424,
            "gross_margin": 15.48,
            "gross_margin_4q_avg": 15.8,
            "net_income": 27589,
            "net_income_4q": null,
            "revenue": 545355,
            "revenue_4q": null,
            "common_shares": 623775,
            "book_valuer_per_share": 25.64,
            "book_valuer_per_share_4q_avg": 25.44,
            "equity": 1599635,
            "current_ratio": 350.75,
            "debt_ratio": 29.14,
            "inventory_turnover_ratio": 1.34,
            "account_receivable_turnover_ratio": 1.27,
            "reinvestment_rate": 19.2,
            "research_to_sale_ratio": null,
            "price_fair": 209.68,
            "eps_avg_yearly": 5.99,
            "eps_latest_yearly": 1.8,
            "eps_growth_yearly": 108
        },
        "20092": {
            "year_quarter": 20092,
            "year": 2009,
            "quarter": 2,
            "eps": 0.72,
            "eps_growth_year": null,
            "eps_4q": 1.2,
            "eps_4q_growth_year": -60.41,
            "roe": 2.79,
            "roe_4q": 4.6499999999999995,
            "gross_profit": 128066,
            "gross_margin": 16.88,
            "gross_margin_4q_avg": 15.18,
            "net_income": 44204,
            "net_income_4q": null,
            "revenue": 758735,
            "revenue_4q": null,
            "common_shares": 623775,
            "book_valuer_per_share": 25.23,
            "book_valuer_per_share_4q_avg": 25.19,
            "equity": 1573939,
            "current_ratio": 325.37,
            "debt_ratio": 30.69,
            "inventory_turnover_ratio": 1.89,
            "account_receivable_turnover_ratio": 1.31,
            "reinvestment_rate": 20.01,
            "research_to_sale_ratio": null,
            "price_fair": 181.35,
            "eps_avg_yearly": 5.18,
            "eps_latest_yearly": 2.88,
            "eps_growth_yearly": 127.53
        },
        "20093": {
            "year_quarter": 20093,
            "year": 2009,
            "quarter": 3,
            "eps": 0.72,
            "eps_growth_year": null,
            "eps_4q": 1.96,
            "eps_4q_growth_year": 30.73,
            "roe": 2.8,
            "roe_4q": 7.68,
            "gross_profit": 127295,
            "gross_margin": 15.53,
            "gross_margin_4q_avg": 16.21,
            "net_income": 44637,
            "net_income_4q": null,
            "revenue": 819692,
            "revenue_4q": null,
            "common_shares": 623775,
            "book_valuer_per_share": 25.97,
            "book_valuer_per_share_4q_avg": 25.46,
            "equity": 1619660,
            "current_ratio": 317.78,
            "debt_ratio": 31.29,
            "inventory_turnover_ratio": 2.2,
            "account_receivable_turnover_ratio": 1.2,
            "reinvestment_rate": 22.46,
            "research_to_sale_ratio": null,
            "price_fair": 150.02,
            "eps_avg_yearly": 4.29,
            "eps_latest_yearly": 2.88,
            "eps_growth_yearly": 124.95
        },
        "20094": {
            "year_quarter": 20094,
            "year": 2009,
            "quarter": 4,
            "eps": 1.03,
            "eps_growth_year": 1187.5,
            "eps_4q": 2.91,
            "eps_4q_growth_year": 12967.23,
            "roe": 3.87,
            "roe_4q": 11.21,
            "gross_profit": 156607,
            "gross_margin": 20.11,
            "gross_margin_4q_avg": 17,
            "net_income": 63836,
            "net_income_4q": null,
            "revenue": 778638,
            "revenue_4q": null,
            "common_shares": 623775,
            "book_valuer_per_share": 27.12,
            "book_valuer_per_share_4q_avg": 25.99,
            "equity": 1682279,
            "current_ratio": 370.38,
            "debt_ratio": 27.25,
            "inventory_turnover_ratio": 2.06,
            "account_receivable_turnover_ratio": 2.53,
            "reinvestment_rate": 15.16,
            "research_to_sale_ratio": null,
            "price_fair": 137.74,
            "eps_avg_yearly": 3.94,
            "eps_latest_yearly": 4.12,
            "eps_growth_yearly": 150.58
        },
        "20101": {
            "year_quarter": 20101,
            "year": 2010,
            "quarter": 1,
            "eps": 0.22,
            "eps_growth_year": -51.11,
            "eps_4q": 2.68,
            "eps_4q_growth_year": 500.09,
            "roe": 0.8,
            "roe_4q": 10.26,
            "gross_profit": 81391,
            "gross_margin": 16.77,
            "gross_margin_4q_avg": 17.32,
            "net_income": 13507,
            "net_income_4q": null,
            "revenue": 485428,
            "revenue_4q": null,
            "common_shares": 623775,
            "book_valuer_per_share": 27.22,
            "book_valuer_per_share_4q_avg": 26.39,
            "equity": 1688770,
            "current_ratio": 385.42,
            "debt_ratio": 26.32,
            "inventory_turnover_ratio": 1.25,
            "account_receivable_turnover_ratio": 0.78,
            "reinvestment_rate": 23.36,
            "research_to_sale_ratio": 3.22,
            "price_fair": 121.8,
            "eps_avg_yearly": 3.48,
            "eps_latest_yearly": 0.88,
            "eps_growth_yearly": 133.05
        },
        "20102": {
            "year_quarter": 20102,
            "year": 2010,
            "quarter": 2,
            "eps": 0.88,
            "eps_growth_year": 22.29,
            "eps_4q": 2.85,
            "eps_4q_growth_year": 138,
            "roe": 3.3,
            "roe_4q": 10.77,
            "gross_profit": 127914,
            "gross_margin": 18.66,
            "gross_margin_4q_avg": 17.77,
            "net_income": 54625,
            "net_income_4q": null,
            "revenue": 685354,
            "revenue_4q": null,
            "common_shares": 623775,
            "book_valuer_per_share": 26.2,
            "book_valuer_per_share_4q_avg": 26.63,
            "equity": 1625622,
            "current_ratio": 285.07,
            "debt_ratio": 33.93,
            "inventory_turnover_ratio": 1.56,
            "account_receivable_turnover_ratio": 0.93,
            "reinvestment_rate": 119.4,
            "research_to_sale_ratio": 2.41,
            "price_fair": 121.37,
            "eps_avg_yearly": 3.47,
            "eps_latest_yearly": 3.52,
            "eps_growth_yearly": 239.47
        },
        "20103": {
            "year_quarter": 20103,
            "year": 2010,
            "quarter": 3,
            "eps": 0.23,
            "eps_growth_year": -67.94,
            "eps_4q": 2.36,
            "eps_4q_growth_year": 20.18,
            "roe": 0.88,
            "roe_4q": 8.85,
            "gross_profit": 72662,
            "gross_margin": 17.58,
            "gross_margin_4q_avg": 18.28,
            "net_income": 14321,
            "net_income_4q": null,
            "revenue": 413421,
            "revenue_4q": null,
            "common_shares": 623775,
            "book_valuer_per_share": 26.25,
            "book_valuer_per_share_4q_avg": 26.7,
            "equity": 1628434,
            "current_ratio": 383.92,
            "debt_ratio": 25.79,
            "inventory_turnover_ratio": 1.06,
            "account_receivable_turnover_ratio": 0.58,
            "reinvestment_rate": 30.39,
            "research_to_sale_ratio": 3.51,
            "price_fair": 112.54,
            "eps_avg_yearly": 3.22,
            "eps_latest_yearly": 0.92,
            "eps_growth_yearly": 212.4
        },
        "20104": {
            "year_quarter": 20104,
            "year": 2010,
            "quarter": 4,
            "eps": -0.35,
            "eps_growth_year": -134.28,
            "eps_4q": 0.99,
            "eps_4q_growth_year": -65.93,
            "roe": -1.36,
            "roe_4q": 3.62,
            "gross_profit": 70862,
            "gross_margin": 15.83,
            "gross_margin_4q_avg": 17.21,
            "net_income": -21678,
            "net_income_4q": null,
            "revenue": 447729,
            "revenue_4q": null,
            "common_shares": 623775,
            "book_valuer_per_share": 25.35,
            "book_valuer_per_share_4q_avg": 26.26,
            "equity": 1556369,
            "current_ratio": 409.23,
            "debt_ratio": 24.24,
            "inventory_turnover_ratio": 1.41,
            "account_receivable_turnover_ratio": 0.84,
            "reinvestment_rate": 22.13,
            "research_to_sale_ratio": 3.93,
            "price_fair": 105.35,
            "eps_avg_yearly": 3.01,
            "eps_latest_yearly": 0.92,
            "eps_growth_yearly": 218.35
        },
        "20111": {
            "year_quarter": 20111,
            "year": 2011,
            "quarter": 1,
            "eps": 0.59,
            "eps_growth_year": 168.18,
            "eps_4q": 1.36,
            "eps_4q_growth_year": -49.37,
            "roe": 2.28,
            "roe_4q": 5.1,
            "gross_profit": 83382,
            "gross_margin": 18.15,
            "gross_margin_4q_avg": 17.56,
            "net_income": 35994,
            "net_income_4q": null,
            "revenue": 459484,
            "revenue_4q": null,
            "common_shares": 623775,
            "book_valuer_per_share": 26.05,
            "book_valuer_per_share_4q_avg": 25.96,
            "equity": 1598842,
            "current_ratio": 368.81,
            "debt_ratio": 26.29,
            "inventory_turnover_ratio": 1.43,
            "account_receivable_turnover_ratio": 0.84,
            "reinvestment_rate": 143.12,
            "research_to_sale_ratio": 3.85,
            "price_fair": 103.73,
            "eps_avg_yearly": 2.96,
            "eps_latest_yearly": 0.92,
            "eps_growth_yearly": 252.03
        },
        "20112": {
            "year_quarter": 20112,
            "year": 2011,
            "quarter": 2,
            "eps": 0.65,
            "eps_growth_year": -26.56,
            "eps_4q": 1.11,
            "eps_4q_growth_year": -60.9,
            "roe": 2.51,
            "roe_4q": 4.309999999999999,
            "gross_profit": 98312,
            "gross_margin": 16.65,
            "gross_margin_4q_avg": 17.05,
            "net_income": 39695,
            "net_income_4q": null,
            "revenue": 590354,
            "revenue_4q": null,
            "common_shares": 623775,
            "book_valuer_per_share": 25.55,
            "book_valuer_per_share_4q_avg": 25.8,
            "equity": 1568544,
            "current_ratio": 313.71,
            "debt_ratio": 30.74,
            "inventory_turnover_ratio": 1.87,
            "account_receivable_turnover_ratio": 0.89,
            "reinvestment_rate": 143.82,
            "research_to_sale_ratio": 2.74,
            "price_fair": 101.18,
            "eps_avg_yearly": 2.89,
            "eps_latest_yearly": 2.6,
            "eps_growth_yearly": 256.96
        },
        "20113": {
            "year_quarter": 20113,
            "year": 2011,
            "quarter": 3,
            "eps": 0.34,
            "eps_growth_year": 45.43,
            "eps_4q": 1.22,
            "eps_4q_growth_year": -48.14,
            "roe": 1.29,
            "roe_4q": 4.72,
            "gross_profit": 76077,
            "gross_margin": 16.18,
            "gross_margin_4q_avg": 16.7,
            "net_income": 20437,
            "net_income_4q": null,
            "revenue": 470129,
            "revenue_4q": null,
            "common_shares": 623775,
            "book_valuer_per_share": 26.35,
            "book_valuer_per_share_4q_avg": 25.83,
            "equity": 1603849,
            "current_ratio": 365.19,
            "debt_ratio": 26.83,
            "inventory_turnover_ratio": 1.53,
            "account_receivable_turnover_ratio": 0.69,
            "reinvestment_rate": 169.38,
            "research_to_sale_ratio": 4.54,
            "price_fair": 88.07,
            "eps_avg_yearly": 2.52,
            "eps_latest_yearly": 1.36,
            "eps_growth_yearly": 217.38
        },
        "20114": {
            "year_quarter": 20114,
            "year": 2011,
            "quarter": 4,
            "eps": 0.46,
            "eps_growth_year": null,
            "eps_4q": 2.05,
            "eps_4q_growth_year": 106.84,
            "roe": 1.71,
            "roe_4q": 7.789999999999999,
            "gross_profit": 76870,
            "gross_margin": 15.47,
            "gross_margin_4q_avg": 16.61,
            "net_income": 27596,
            "net_income_4q": null,
            "revenue": 496768,
            "revenue_4q": null,
            "common_shares": 623775,
            "book_valuer_per_share": 26.76,
            "book_valuer_per_share_4q_avg": 26.18,
            "equity": 1616943,
            "current_ratio": 409.75,
            "debt_ratio": 24.07,
            "inventory_turnover_ratio": 1.92,
            "account_receivable_turnover_ratio": 0.85,
            "reinvestment_rate": 154.47,
            "research_to_sale_ratio": 2.91,
            "price_fair": 72.93,
            "eps_avg_yearly": 2.08,
            "eps_latest_yearly": 1.84,
            "eps_growth_yearly": 222.78
        },
        "20121": {
            "year_quarter": 20121,
            "year": 2012,
            "quarter": 1,
            "eps": 0.36,
            "eps_growth_year": -38.98,
            "eps_4q": 1.83,
            "eps_4q_growth_year": 34.74,
            "roe": 1.35,
            "roe_4q": 6.859999999999999,
            "gross_profit": 62756,
            "gross_margin": 17.2,
            "gross_margin_4q_avg": 16.38,
            "net_income": 21812,
            "net_income_4q": null,
            "revenue": 364960,
            "revenue_4q": null,
            "common_shares": 623775,
            "book_valuer_per_share": 27.01,
            "book_valuer_per_share_4q_avg": 26.42,
            "equity": 1618711,
            "current_ratio": 427.05,
            "debt_ratio": 23.09,
            "inventory_turnover_ratio": 1.56,
            "account_receivable_turnover_ratio": 0.74,
            "reinvestment_rate": 143.98,
            "research_to_sale_ratio": 4.96,
            "price_fair": 77.13,
            "eps_avg_yearly": 2.2,
            "eps_latest_yearly": 1.44,
            "eps_growth_yearly": 250.58
        },
        "20122": {
            "year_quarter": 20122,
            "year": 2012,
            "quarter": 2,
            "eps": 0.3,
            "eps_growth_year": -53.9,
            "eps_4q": 1.46,
            "eps_4q_growth_year": 31.47,
            "roe": 1.13,
            "roe_4q": 5.4799999999999995,
            "gross_profit": 53948,
            "gross_margin": 12.93,
            "gross_margin_4q_avg": 15.45,
            "net_income": 17869,
            "net_income_4q": null,
            "revenue": 417080,
            "revenue_4q": null,
            "common_shares": 623775,
            "book_valuer_per_share": 25.87,
            "book_valuer_per_share_4q_avg": 26.5,
            "equity": 1550686,
            "current_ratio": 364.12,
            "debt_ratio": 26.79,
            "inventory_turnover_ratio": 1.85,
            "account_receivable_turnover_ratio": 0.95,
            "reinvestment_rate": 132.97,
            "research_to_sale_ratio": 2.76,
            "price_fair": 74.2,
            "eps_avg_yearly": 2.12,
            "eps_latest_yearly": 1.2,
            "eps_growth_yearly": 224.14
        },
        "20123": {
            "year_quarter": 20123,
            "year": 2012,
            "quarter": 3,
            "eps": 0.53,
            "eps_growth_year": 56.62,
            "eps_4q": 1.65,
            "eps_4q_growth_year": 34.78,
            "roe": 2.02,
            "roe_4q": 6.21,
            "gross_profit": 81951,
            "gross_margin": 18.22,
            "gross_margin_4q_avg": 15.96,
            "net_income": 31515,
            "net_income_4q": null,
            "revenue": 449757,
            "revenue_4q": null,
            "common_shares": 623775,
            "book_valuer_per_share": 26.28,
            "book_valuer_per_share_4q_avg": 26.48,
            "equity": 1575021,
            "current_ratio": 443.14,
            "debt_ratio": 22.45,
            "inventory_turnover_ratio": 2.47,
            "account_receivable_turnover_ratio": 0.95,
            "reinvestment_rate": 119.95,
            "research_to_sale_ratio": 3.08,
            "price_fair": 74.2,
            "eps_avg_yearly": 2.12,
            "eps_latest_yearly": 2.12,
            "eps_growth_yearly": 230.49
        },
        "20124": {
            "year_quarter": 20124,
            "year": 2012,
            "quarter": 4,
            "eps": 0.28,
            "eps_growth_year": -37.96,
            "eps_4q": 1.47,
            "eps_4q_growth_year": -28.16,
            "roe": 1.07,
            "roe_4q": 5.57,
            "gross_profit": 72271,
            "gross_margin": 18.77,
            "gross_margin_4q_avg": 16.78,
            "net_income": 16983,
            "net_income_4q": null,
            "revenue": 384950,
            "revenue_4q": null,
            "common_shares": 623775,
            "book_valuer_per_share": 26.5,
            "book_valuer_per_share_4q_avg": 26.42,
            "equity": 1588265,
            "current_ratio": 495.36,
            "debt_ratio": 20.22,
            "inventory_turnover_ratio": 2.84,
            "account_receivable_turnover_ratio": 0.68,
            "reinvestment_rate": 112.94,
            "research_to_sale_ratio": 3.86,
            "price_fair": 71.7,
            "eps_avg_yearly": 2.05,
            "eps_latest_yearly": 1.12,
            "eps_growth_yearly": 200.55
        },
        "20131": {
            "year_quarter": 20131,
            "year": 2013,
            "quarter": 1,
            "eps": 0.24,
            "eps_growth_year": -33.33,
            "eps_4q": 1.34,
            "eps_4q_growth_year": -26.54,
            "roe": 0.88,
            "roe_4q": 5.1,
            "gross_profit": 34354,
            "gross_margin": 14.14,
            "gross_margin_4q_avg": 16.02,
            "net_income": 14100,
            "net_income_4q": null,
            "revenue": 243010,
            "revenue_4q": null,
            "common_shares": 623775,
            "book_valuer_per_share": 26.75,
            "book_valuer_per_share_4q_avg": 26.35,
            "equity": 1603327,
            "current_ratio": 561.25,
            "debt_ratio": 18.63,
            "inventory_turnover_ratio": 2.14,
            "account_receivable_turnover_ratio": 0.52,
            "reinvestment_rate": -8.73,
            "research_to_sale_ratio": 4.58,
            "price_fair": 69.6,
            "eps_avg_yearly": 1.99,
            "eps_latest_yearly": 0.96,
            "eps_growth_yearly": 64.32
        },
        "20132": {
            "year_quarter": 20132,
            "year": 2013,
            "quarter": 2,
            "eps": 0.15,
            "eps_growth_year": -49.69,
            "eps_4q": 1.19,
            "eps_4q_growth_year": -18.59,
            "roe": 0.56,
            "roe_4q": 4.529999999999999,
            "gross_profit": 62690,
            "gross_margin": 18.22,
            "gross_margin_4q_avg": 17.34,
            "net_income": 8810,
            "net_income_4q": null,
            "revenue": 344165,
            "revenue_4q": null,
            "common_shares": 623775,
            "book_valuer_per_share": 25.96,
            "book_valuer_per_share_4q_avg": 26.37,
            "equity": 1555819,
            "current_ratio": 342.65,
            "debt_ratio": 28.95,
            "inventory_turnover_ratio": 1.56,
            "account_receivable_turnover_ratio": 0.89,
            "reinvestment_rate": -9.79,
            "research_to_sale_ratio": 3.8,
            "price_fair": 63.9,
            "eps_avg_yearly": 1.83,
            "eps_latest_yearly": 0.6,
            "eps_growth_yearly": 36.47
        },
        "20133": {
            "year_quarter": 20133,
            "year": 2013,
            "quarter": 3,
            "eps": 0.55,
            "eps_growth_year": 4.6,
            "eps_4q": 1.22,
            "eps_4q_growth_year": -26.13,
            "roe": 2.11,
            "roe_4q": 4.62,
            "gross_profit": 97957,
            "gross_margin": 15.56,
            "gross_margin_4q_avg": 16.67,
            "net_income": 33088,
            "net_income_4q": null,
            "revenue": 629574,
            "revenue_4q": null,
            "common_shares": 623775,
            "book_valuer_per_share": 26.41,
            "book_valuer_per_share_4q_avg": 26.41,
            "equity": 1583085,
            "current_ratio": 331.42,
            "debt_ratio": 29.96,
            "inventory_turnover_ratio": 2.11,
            "account_receivable_turnover_ratio": 1.11,
            "reinvestment_rate": -10.25,
            "research_to_sale_ratio": 2.24,
            "price_fair": 62.2,
            "eps_avg_yearly": 1.78,
            "eps_latest_yearly": 2.2,
            "eps_growth_yearly": 112.66
        },
        "20134": {
            "year_quarter": 20134,
            "year": 2013,
            "quarter": 4,
            "eps": 0.58,
            "eps_growth_year": 104.36,
            "eps_4q": 1.51,
            "eps_4q_growth_year": 2.86,
            "roe": 2.17,
            "roe_4q": 5.72,
            "gross_profit": 100137,
            "gross_margin": 15.39,
            "gross_margin_4q_avg": 15.83,
            "net_income": 34706,
            "net_income_4q": null,
            "revenue": 650505,
            "revenue_4q": null,
            "common_shares": 613876,
            "book_valuer_per_share": 26.98,
            "book_valuer_per_share_4q_avg": 26.53,
            "equity": 1616938,
            "current_ratio": 258.98,
            "debt_ratio": 34.56,
            "inventory_turnover_ratio": 2.26,
            "account_receivable_turnover_ratio": 0.92,
            "reinvestment_rate": -9.64,
            "research_to_sale_ratio": 2.63,
            "price_fair": 57.7,
            "eps_avg_yearly": 1.65,
            "eps_latest_yearly": 2.32,
            "eps_growth_yearly": 101.91
        },
        "20141": {
            "year_quarter": 20141,
            "year": 2014,
            "quarter": 1,
            "eps": 0.86,
            "eps_growth_year": 258.33,
            "eps_4q": 2.13,
            "eps_4q_growth_year": 59.03,
            "roe": 3.12,
            "roe_4q": 7.960000000000001,
            "gross_profit": 111001,
            "gross_margin": 16.2,
            "gross_margin_4q_avg": 16.34,
            "net_income": 51359,
            "net_income_4q": null,
            "revenue": 685366,
            "revenue_4q": null,
            "common_shares": 613876,
            "book_valuer_per_share": 28.02,
            "book_valuer_per_share_4q_avg": 26.84,
            "equity": 1679721,
            "current_ratio": 288.83,
            "debt_ratio": 31.28,
            "inventory_turnover_ratio": 2.48,
            "account_receivable_turnover_ratio": 0.98,
            "reinvestment_rate": -6.97,
            "research_to_sale_ratio": 3.2,
            "price_fair": 64.1,
            "eps_avg_yearly": 1.83,
            "eps_latest_yearly": 3.44,
            "eps_growth_yearly": 138.17
        },
        "20142": {
            "year_quarter": 20142,
            "year": 2014,
            "quarter": 2,
            "eps": 0.27,
            "eps_growth_year": 80,
            "eps_4q": 2.22,
            "eps_4q_growth_year": 86.43,
            "roe": 0.97,
            "roe_4q": 8.37,
            "gross_profit": 99803,
            "gross_margin": 16,
            "gross_margin_4q_avg": 15.79,
            "net_income": 16082,
            "net_income_4q": null,
            "revenue": 623735,
            "revenue_4q": null,
            "common_shares": 613876,
            "book_valuer_per_share": 27.03,
            "book_valuer_per_share_4q_avg": 27.11,
            "equity": 1646082,
            "current_ratio": 279.77,
            "debt_ratio": 32.36,
            "inventory_turnover_ratio": 2.36,
            "account_receivable_turnover_ratio": 0.95,
            "reinvestment_rate": -183.24,
            "research_to_sale_ratio": 4.77,
            "price_fair": 58,
            "eps_avg_yearly": 1.66,
            "eps_latest_yearly": 1.08,
            "eps_growth_yearly": 32.86
        },
        "20143": {
            "year_quarter": 20143,
            "year": 2014,
            "quarter": 3,
            "eps": 0.39,
            "eps_growth_year": -29.09,
            "eps_4q": 2.06,
            "eps_4q_growth_year": 69.29,
            "roe": 1.4,
            "roe_4q": 7.66,
            "gross_profit": 85373,
            "gross_margin": 16.06,
            "gross_margin_4q_avg": 15.91,
            "net_income": 23358,
            "net_income_4q": null,
            "revenue": 531624,
            "revenue_4q": null,
            "common_shares": 613876,
            "book_valuer_per_share": 27.57,
            "book_valuer_per_share_4q_avg": 27.4,
            "equity": 1678879,
            "current_ratio": 314.12,
            "debt_ratio": 28.9,
            "inventory_turnover_ratio": 1.96,
            "account_receivable_turnover_ratio": 0.87,
            "reinvestment_rate": -19.12,
            "research_to_sale_ratio": 5.05,
            "price_fair": 59.6,
            "eps_avg_yearly": 1.7,
            "eps_latest_yearly": 1.56,
            "eps_growth_yearly": 66.66
        },
        "20144": {
            "year_quarter": 20144,
            "year": 2014,
            "quarter": 4,
            "eps": 0.16,
            "eps_growth_year": -72.34,
            "eps_4q": 1.65,
            "eps_4q_growth_year": 9.13,
            "roe": 0.58,
            "roe_4q": 6.07,
            "gross_profit": 84219,
            "gross_margin": 18.56,
            "gross_margin_4q_avg": 16.71,
            "net_income": 9753,
            "net_income_4q": null,
            "revenue": 453880,
            "revenue_4q": null,
            "common_shares": 613876,
            "book_valuer_per_share": 28.09,
            "book_valuer_per_share_4q_avg": 27.68,
            "equity": 1710298,
            "current_ratio": 369.2,
            "debt_ratio": 24.01,
            "inventory_turnover_ratio": 1.56,
            "account_receivable_turnover_ratio": 0.84,
            "reinvestment_rate": -13.85,
            "research_to_sale_ratio": 5.37,
            "price_fair": 57.12,
            "eps_avg_yearly": 1.63,
            "eps_latest_yearly": 0.64,
            "eps_growth_yearly": 46.49
        },
        "20151": {
            "year_quarter": 20151,
            "year": 2015,
            "quarter": 1,
            "eps": -0.2,
            "eps_growth_year": -123.26,
            "eps_4q": 0.61,
            "eps_4q_growth_year": -71.34,
            "roe": -0.7,
            "roe_4q": 2.25,
            "gross_profit": 82108,
            "gross_margin": 22.86,
            "gross_margin_4q_avg": 18.37,
            "net_income": -11944,
            "net_income_4q": null,
            "revenue": 359181,
            "revenue_4q": null,
            "common_shares": 608876,
            "book_valuer_per_share": 27.74,
            "book_valuer_per_share_4q_avg": 27.61,
            "equity": 1689205,
            "current_ratio": 373.03,
            "debt_ratio": 23.89,
            "inventory_turnover_ratio": 1.26,
            "account_receivable_turnover_ratio": 0.88,
            "reinvestment_rate": -173,
            "research_to_sale_ratio": 5.24,
            "price_fair": 57.12,
            "eps_avg_yearly": 1.63,
            "eps_latest_yearly": 0.64,
            "eps_growth_yearly": 46.49
        },
        "20152": {
            "year_quarter": 20152,
            "year": 2015,
            "quarter": 2,
            "eps": -0.23,
            "eps_growth_year": -185.19,
            "eps_4q": 0.12,
            "eps_4q_growth_year": -94.75,
            "roe": -0.86,
            "roe_4q": 0.4199999999999998,
            "gross_profit": 94558,
            "gross_margin": 19.77,
            "gross_margin_4q_avg": 19.31,
            "net_income": -14070,
            "net_income_4q": null,
            "revenue": 478298,
            "revenue_4q": null,
            "common_shares": 608876,
            "book_valuer_per_share": 25.92,
            "book_valuer_per_share_4q_avg": 27.33,
            "equity": 1578429,
            "current_ratio": 303.96,
            "debt_ratio": 28.78,
            "inventory_turnover_ratio": 1.85,
            "account_receivable_turnover_ratio": 1.15,
            "reinvestment_rate": -200.85,
            "research_to_sale_ratio": 3.81,
            "price_fair": 54.7,
            "eps_avg_yearly": 1.56,
            "eps_latest_yearly": 0.64,
            "eps_growth_yearly": 46.91
        },
        "20153": {
            "year_quarter": 20153,
            "year": 2015,
            "quarter": 3,
            "eps": 0.32,
            "eps_growth_year": -17.95,
            "eps_4q": 0.05,
            "eps_4q_growth_year": -97.42,
            "roe": 1.21,
            "roe_4q": 0.22999999999999998,
            "gross_profit": 68521,
            "gross_margin": 17.83,
            "gross_margin_4q_avg": 19.76,
            "net_income": 19495,
            "net_income_4q": null,
            "revenue": 384390,
            "revenue_4q": null,
            "common_shares": 608876,
            "book_valuer_per_share": 26.88,
            "book_valuer_per_share_4q_avg": 27.16,
            "equity": 1636875,
            "current_ratio": 326.31,
            "debt_ratio": 26.72,
            "inventory_turnover_ratio": 1.34,
            "account_receivable_turnover_ratio": 0.76,
            "reinvestment_rate": -203.98,
            "research_to_sale_ratio": 5.11,
            "price_fair": 55.25,
            "eps_avg_yearly": 1.58,
            "eps_latest_yearly": 0.64,
            "eps_growth_yearly": 65.19
        },
        "20154": {
            "year_quarter": 20154,
            "year": 2015,
            "quarter": 4,
            "eps": -0.44,
            "eps_growth_year": -371.99,
            "eps_4q": -0.54,
            "eps_4q_growth_year": -132.86,
            "roe": -1.64,
            "roe_4q": -1.99,
            "gross_profit": 34114,
            "gross_margin": 11.12,
            "gross_margin_4q_avg": 17.9,
            "net_income": -26527,
            "net_income_4q": null,
            "revenue": 306789,
            "revenue_4q": null,
            "common_shares": 608876,
            "book_valuer_per_share": 26.29,
            "book_valuer_per_share_4q_avg": 26.71,
            "equity": 1600633,
            "current_ratio": 338.29,
            "debt_ratio": 24.46,
            "inventory_turnover_ratio": 1.05,
            "account_receivable_turnover_ratio": 0.56,
            "reinvestment_rate": -221.4,
            "research_to_sale_ratio": 6.35,
            "price_fair": 54.48,
            "eps_avg_yearly": 1.56,
            "eps_latest_yearly": 0.64,
            "eps_growth_yearly": 58.86
        },
        "20161": {
            "year_quarter": 20161,
            "year": 2016,
            "quarter": 1,
            "eps": -0.04,
            "eps_growth_year": null,
            "eps_4q": -0.38,
            "eps_4q_growth_year": -162.63,
            "roe": -0.14,
            "roe_4q": -1.4299999999999997,
            "gross_profit": 94818,
            "gross_margin": 23.86,
            "gross_margin_4q_avg": 18.15,
            "net_income": -2228,
            "net_income_4q": null,
            "revenue": 397370,
            "revenue_4q": null,
            "common_shares": 608876,
            "book_valuer_per_share": 26.03,
            "book_valuer_per_share_4q_avg": 26.28,
            "equity": 1584883,
            "current_ratio": 292.41,
            "debt_ratio": 27.62,
            "inventory_turnover_ratio": 1.14,
            "account_receivable_turnover_ratio": 0.69,
            "reinvestment_rate": -218.45,
            "research_to_sale_ratio": 4.84,
            "price_fair": 54.85,
            "eps_avg_yearly": 1.57,
            "eps_latest_yearly": 0.64,
            "eps_growth_yearly": 72.11
        },
        "20162": {
            "year_quarter": 20162,
            "year": 2016,
            "quarter": 2,
            "eps": 0.09,
            "eps_growth_year": null,
            "eps_4q": -0.06,
            "eps_4q_growth_year": -152.47,
            "roe": 0.35,
            "roe_4q": -0.21999999999999997,
            "gross_profit": 74899,
            "gross_margin": 15.15,
            "gross_margin_4q_avg": 16.99,
            "net_income": 5536,
            "net_income_4q": null,
            "revenue": 494350,
            "revenue_4q": null,
            "common_shares": 608876,
            "book_valuer_per_share": 25.95,
            "book_valuer_per_share_4q_avg": 26.29,
            "equity": 1580330,
            "current_ratio": 273.72,
            "debt_ratio": 29.14,
            "inventory_turnover_ratio": 1.56,
            "account_receivable_turnover_ratio": 0.81,
            "reinvestment_rate": -217.08,
            "research_to_sale_ratio": 3.43,
            "price_fair": 56.14,
            "eps_avg_yearly": 1.6,
            "eps_latest_yearly": 0.64,
            "eps_growth_yearly": 85.99
        },
        "20163": {
            "year_quarter": 20163,
            "year": 2016,
            "quarter": 3,
            "eps": -0.42,
            "eps_growth_year": -231.25,
            "eps_4q": -0.8,
            "eps_4q_growth_year": -1614.79,
            "roe": -1.67,
            "roe_4q": -3.0999999999999996,
            "gross_profit": 112170,
            "gross_margin": 22.94,
            "gross_margin_4q_avg": 18.27,
            "net_income": -25769,
            "net_income_4q": null,
            "revenue": 488962,
            "revenue_4q": null,
            "common_shares": 608876,
            "book_valuer_per_share": 24.6,
            "book_valuer_per_share_4q_avg": 25.72,
            "equity": 1497850,
            "current_ratio": 276.96,
            "debt_ratio": 27.66,
            "inventory_turnover_ratio": 1.87,
            "account_receivable_turnover_ratio": 0.87,
            "reinvestment_rate": -265.4,
            "research_to_sale_ratio": 4.15,
            "price_fair": 54.13,
            "eps_avg_yearly": 1.55,
            "eps_latest_yearly": 0.64,
            "eps_growth_yearly": 61.47
        },
        "20164": {
            "year_quarter": 20164,
            "year": 2016,
            "quarter": 4,
            "eps": 0.28,
            "eps_growth_year": null,
            "eps_4q": -0.08,
            "eps_4q_growth_year": null,
            "roe": 1.14,
            "roe_4q": -0.32000000000000006,
            "gross_profit": 77546,
            "gross_margin": 21.46,
            "gross_margin_4q_avg": 20.85,
            "net_income": 17300,
            "net_income_4q": null,
            "revenue": 361303,
            "revenue_4q": null,
            "common_shares": 608876,
            "book_valuer_per_share": 25.03,
            "book_valuer_per_share_4q_avg": 25.4,
            "equity": 1524034,
            "current_ratio": 183.18,
            "debt_ratio": 35.88,
            "inventory_turnover_ratio": 1.48,
            "account_receivable_turnover_ratio": 0.8,
            "reinvestment_rate": -47.99,
            "research_to_sale_ratio": 7.06,
            "price_fair": 56,
            "eps_avg_yearly": 1.6,
            "eps_latest_yearly": 0.64,
            "eps_growth_yearly": 92.74
        },
        "20171": {
            "year_quarter": 20171,
            "year": 2017,
            "quarter": 1,
            "eps": -0.19,
            "eps_growth_year": null,
            "eps_4q": -0.24,
            "eps_4q_growth_year": null,
            "roe": -0.78,
            "roe_4q": -0.9600000000000001,
            "gross_profit": 113900,
            "gross_margin": 22.45,
            "gross_margin_4q_avg": 20.5,
            "net_income": -11716,
            "net_income_4q": null,
            "revenue": 507461,
            "revenue_4q": null,
            "common_shares": 608876,
            "book_valuer_per_share": 24.12,
            "book_valuer_per_share_4q_avg": 24.93,
            "equity": 1468443,
            "current_ratio": 241.9,
            "debt_ratio": 29.62,
            "inventory_turnover_ratio": 1.47,
            "account_receivable_turnover_ratio": 1.24,
            "reinvestment_rate": 203.31,
            "research_to_sale_ratio": 4.11,
            "price_fair": 59.2,
            "eps_avg_yearly": 1.69,
            "eps_latest_yearly": 0.64,
            "eps_growth_yearly": 114.15
        },
        "20172": {
            "year_quarter": 20172,
            "year": 2017,
            "quarter": 2,
            "eps": -0.49,
            "eps_growth_year": -644.44,
            "eps_4q": -0.82,
            "eps_4q_growth_year": null,
            "roe": -2.04,
            "roe_4q": -3.3500000000000005,
            "gross_profit": 66124,
            "gross_margin": 11.23,
            "gross_margin_4q_avg": 19.52,
            "net_income": -29687,
            "net_income_4q": null,
            "revenue": 588632,
            "revenue_4q": null,
            "common_shares": 608876,
            "book_valuer_per_share": 23.76,
            "book_valuer_per_share_4q_avg": 24.38,
            "equity": 1446636,
            "current_ratio": 211.54,
            "debt_ratio": 34.22,
            "inventory_turnover_ratio": 1.53,
            "account_receivable_turnover_ratio": 1.22,
            "reinvestment_rate": 295.85,
            "research_to_sale_ratio": 3.18,
            "price_fair": 65.57,
            "eps_avg_yearly": 1.87,
            "eps_latest_yearly": 0.64,
            "eps_growth_yearly": 158.18
        },
        "20173": {
            "year_quarter": 20173,
            "year": 2017,
            "quarter": 3,
            "eps": -0.95,
            "eps_growth_year": null,
            "eps_4q": -1.34,
            "eps_4q_growth_year": null,
            "roe": -4.12,
            "roe_4q": -5.800000000000001,
            "gross_profit": 40227,
            "gross_margin": 9.41,
            "gross_margin_4q_avg": 16.14,
            "net_income": -57777,
            "net_income_4q": null,
            "revenue": 427651,
            "revenue_4q": null,
            "common_shares": 608876,
            "book_valuer_per_share": 22.36,
            "book_valuer_per_share_4q_avg": 23.82,
            "equity": 1361373,
            "current_ratio": 228.24,
            "debt_ratio": 30.14,
            "inventory_turnover_ratio": 0.98,
            "account_receivable_turnover_ratio": 0.79,
            "reinvestment_rate": null,
            "research_to_sale_ratio": 4.74,
            "price_fair": 5.42,
            "eps_avg_yearly": 1.81,
            "eps_latest_yearly": 0.64,
            "eps_growth_yearly": -23.52
        },
        "20174": {
            "year_quarter": 20174,
            "year": 2017,
            "quarter": 4,
            "eps": -1.2,
            "eps_growth_year": -520.86,
            "eps_4q": -2.82,
            "eps_4q_growth_year": null,
            "roe": -5.51,
            "roe_4q": -12.449999999999998,
            "gross_profit": 44075,
            "gross_margin": 8.23,
            "gross_margin_4q_avg": 12.83,
            "net_income": -72809,
            "net_income_4q": null,
            "revenue": 535783,
            "revenue_4q": null,
            "common_shares": 608876,
            "book_valuer_per_share": 21.01,
            "book_valuer_per_share_4q_avg": 22.81,
            "equity": 1279535,
            "current_ratio": 192.86,
            "debt_ratio": 36.54,
            "inventory_turnover_ratio": 1.13,
            "account_receivable_turnover_ratio": 0.94,
            "reinvestment_rate": null,
            "research_to_sale_ratio": 3.93,
            "price_fair": 5.04,
            "eps_avg_yearly": 1.68,
            "eps_latest_yearly": 0.64,
            "eps_growth_yearly": -34.86
        },
        "20181": {
            "year_quarter": 20181,
            "year": 2018,
            "quarter": 1,
            "eps": -1.21,
            "eps_growth_year": null,
            "eps_4q": -3.85,
            "eps_4q_growth_year": null,
            "roe": -5.95,
            "roe_4q": -17.62,
            "gross_profit": 21439,
            "gross_margin": 5.07,
            "gross_margin_4q_avg": 8.49,
            "net_income": -73911,
            "net_income_4q": null,
            "revenue": 422886,
            "revenue_4q": null,
            "common_shares": 608876,
            "book_valuer_per_share": 19.79,
            "book_valuer_per_share_4q_avg": 21.73,
            "equity": 1205045,
            "current_ratio": 177.24,
            "debt_ratio": 39.88,
            "inventory_turnover_ratio": 0.78,
            "account_receivable_turnover_ratio": 0.78,
            "reinvestment_rate": null,
            "research_to_sale_ratio": 4.43,
            "price_fair": 3.28,
            "eps_avg_yearly": 1.09,
            "eps_latest_yearly": 0.64,
            "eps_growth_yearly": -110.85
        },
        "20182": {
            "year_quarter": 20182,
            "year": 2018,
            "quarter": 2,
            "eps": 0.21,
            "eps_growth_year": null,
            "eps_4q": -3.15,
            "eps_4q_growth_year": null,
            "roe": 1.04,
            "roe_4q": -14.54,
            "gross_profit": 72063,
            "gross_margin": 11.21,
            "gross_margin_4q_avg": 8.48,
            "net_income": 12668,
            "net_income_4q": null,
            "revenue": 642562,
            "revenue_4q": null,
            "common_shares": 608876,
            "book_valuer_per_share": 20.26,
            "book_valuer_per_share_4q_avg": 20.86,
            "equity": 1233511,
            "current_ratio": 177.85,
            "debt_ratio": 40.88,
            "inventory_turnover_ratio": 1.09,
            "account_receivable_turnover_ratio": 1.14,
            "reinvestment_rate": null,
            "research_to_sale_ratio": 3.3,
            "price_fair": 3.3,
            "eps_avg_yearly": 1.1,
            "eps_latest_yearly": 0.64,
            "eps_growth_yearly": -29.06
        },
        "20183": {
            "year_quarter": 20183,
            "year": 2018,
            "quarter": 3,
            "eps": 0.34,
            "eps_growth_year": null,
            "eps_4q": -1.86,
            "eps_4q_growth_year": null,
            "roe": 1.69,
            "roe_4q": -8.73,
            "gross_profit": 130748,
            "gross_margin": 18.69,
            "gross_margin_4q_avg": 10.8,
            "net_income": 20862,
            "net_income_4q": null,
            "revenue": 699661,
            "revenue_4q": null,
            "common_shares": 608876,
            "book_valuer_per_share": 20.4,
            "book_valuer_per_share_4q_avg": 20.37,
            "equity": 1242154,
            "current_ratio": 169.73,
            "debt_ratio": 44.72,
            "inventory_turnover_ratio": 1.09,
            "account_receivable_turnover_ratio": 0.99,
            "reinvestment_rate": null,
            "research_to_sale_ratio": 2.64,
            "price_fair": 15.86,
            "eps_avg_yearly": 1,
            "eps_latest_yearly": 1.36,
            "eps_growth_yearly": 5.86
        },
        "20184": {
            "year_quarter": 20184,
            "year": 2018,
            "quarter": 4,
            "eps": 0.2,
            "eps_growth_year": null,
            "eps_4q": -0.46,
            "eps_4q_growth_year": null,
            "roe": 0.98,
            "roe_4q": -2.24,
            "gross_profit": 110889,
            "gross_margin": 18.89,
            "gross_margin_4q_avg": 13.47,
            "net_income": 12287,
            "net_income_4q": null,
            "revenue": 587009,
            "revenue_4q": null,
            "common_shares": 608876,
            "book_valuer_per_share": 20.67,
            "book_valuer_per_share_4q_avg": 20.28,
            "equity": 1258819,
            "current_ratio": 176.86,
            "debt_ratio": 42.91,
            "inventory_turnover_ratio": 0.92,
            "account_receivable_turnover_ratio": 0.78,
            "reinvestment_rate": null,
            "research_to_sale_ratio": 8.44,
            "price_fair": 37.8,
            "eps_avg_yearly": 1.08,
            "eps_latest_yearly": 0.8,
            "eps_growth_yearly": 41.46
        },
        "20191": {
            "year_quarter": 20191,
            "year": 2019,
            "quarter": 1,
            "eps": 0.51,
            "eps_growth_year": null,
            "eps_4q": 1.27,
            "eps_4q_growth_year": null,
            "roe": 2.44,
            "roe_4q": 6.1499999999999995,
            "gross_profit": 127166,
            "gross_margin": 17.22,
            "gross_margin_4q_avg": 16.5,
            "net_income": 31259,
            "net_income_4q": null,
            "revenue": 738482,
            "revenue_4q": null,
            "common_shares": 608876,
            "book_valuer_per_share": 21.36,
            "book_valuer_per_share_4q_avg": 20.67,
            "equity": 1300761,
            "current_ratio": 191.05,
            "debt_ratio": 39.56,
            "inventory_turnover_ratio": 1.52,
            "account_receivable_turnover_ratio": 0.94,
            "reinvestment_rate": null,
            "research_to_sale_ratio": 3.45,
            "price_fair": 49,
            "eps_avg_yearly": 1.4,
            "eps_latest_yearly": 2.04,
            "eps_growth_yearly": 234.3
        },
        "20192": {
            "year_quarter": 20192,
            "year": 2019,
            "quarter": 2,
            "eps": 0.61,
            "eps_growth_year": 190.48,
            "eps_4q": 1.67,
            "eps_4q_growth_year": null,
            "roe": 2.81,
            "roe_4q": 7.92,
            "gross_profit": 110197,
            "gross_margin": 18.11,
            "gross_margin_4q_avg": 18.23,
            "net_income": 36995,
            "net_income_4q": null,
            "revenue": 608361,
            "revenue_4q": null,
            "common_shares": 608876,
            "book_valuer_per_share": 21.94,
            "book_valuer_per_share_4q_avg": 21.09,
            "equity": 1335634,
            "current_ratio": 210.41,
            "debt_ratio": 35.9,
            "inventory_turnover_ratio": 1.9,
            "account_receivable_turnover_ratio": 0.81,
            "reinvestment_rate": null,
            "research_to_sale_ratio": 4.12,
            "price_fair": 58.1,
            "eps_avg_yearly": 1.66,
            "eps_latest_yearly": 2.44,
            "eps_growth_yearly": 195.34
        },
        "20193": {
            "year_quarter": 20193,
            "year": 2019,
            "quarter": 3,
            "eps": 0.17,
            "eps_growth_year": -50,
            "eps_4q": 1.49,
            "eps_4q_growth_year": null,
            "roe": 0.76,
            "roe_4q": 6.99,
            "gross_profit": 92630,
            "gross_margin": 25.1,
            "gross_margin_4q_avg": 19.83,
            "net_income": 10094,
            "net_income_4q": null,
            "revenue": 368979,
            "revenue_4q": null,
            "common_shares": 608876,
            "book_valuer_per_share": 21.89,
            "book_valuer_per_share_4q_avg": 21.47,
            "equity": 1332772,
            "current_ratio": 228.58,
            "debt_ratio": 32.92,
            "inventory_turnover_ratio": 1.4,
            "account_receivable_turnover_ratio": 0.67,
            "reinvestment_rate": null,
            "research_to_sale_ratio": 6.84,
            "price_fair": 51.24,
            "eps_avg_yearly": 1.46,
            "eps_latest_yearly": 0.68,
            "eps_growth_yearly": 98.56
        },
        "20194": {
            "year_quarter": 20194,
            "year": 2019,
            "quarter": 4,
            "eps": -0.19,
            "eps_growth_year": -192.03,
            "eps_4q": 1.1,
            "eps_4q_growth_year": null,
            "roe": -0.86,
            "roe_4q": 5.15,
            "gross_profit": 89719,
            "gross_margin": 20.18,
            "gross_margin_4q_avg": 20.15,
            "net_income": -11308,
            "net_income_4q": null,
            "revenue": 444634,
            "revenue_4q": null,
            "common_shares": 608876,
            "book_valuer_per_share": 21.43,
            "book_valuer_per_share_4q_avg": 21.66,
            "equity": 1304550,
            "current_ratio": 224.02,
            "debt_ratio": 33.87,
            "inventory_turnover_ratio": 2.01,
            "account_receivable_turnover_ratio": 0.98,
            "reinvestment_rate": null,
            "research_to_sale_ratio": 5.47,
            "price_fair": 51.24,
            "eps_avg_yearly": 1.46,
            "eps_latest_yearly": 0.68,
            "eps_growth_yearly": 98.56
        },
        "20201": {
            "year_quarter": 20201,
            "year": 2020,
            "quarter": 1,
            "eps": -0.31,
            "eps_growth_year": -160.78,
            "eps_4q": 0.28,
            "eps_4q_growth_year": -77.81,
            "roe": -1.44,
            "roe_4q": 1.2700000000000002,
            "gross_profit": 46483,
            "gross_margin": 18.62,
            "gross_margin_4q_avg": 20.5,
            "net_income": -18678,
            "net_income_4q": null,
            "revenue": 249574,
            "revenue_4q": null,
            "common_shares": 608876,
            "book_valuer_per_share": 21.07,
            "book_valuer_per_share_4q_avg": 21.58,
            "equity": 1282701,
            "current_ratio": 249.61,
            "debt_ratio": 29.77,
            "inventory_turnover_ratio": 1.2,
            "account_receivable_turnover_ratio": 0.57,
            "reinvestment_rate": null,
            "research_to_sale_ratio": 9.73,
            "price_fair": 51.24,
            "eps_avg_yearly": 1.46,
            "eps_latest_yearly": 0.68,
            "eps_growth_yearly": 98.56
        },
        "20202": {
            "year_quarter": 20202,
            "year": 2020,
            "quarter": 2,
            "eps": -0.62,
            "eps_growth_year": -201.64,
            "eps_4q": -0.94,
            "eps_4q_growth_year": -156.59,
            "roe": -3.02,
            "roe_4q": -4.5600000000000005,
            "gross_profit": 85312,
            "gross_margin": 26.76,
            "gross_margin_4q_avg": 22.67,
            "net_income": -37495,
            "net_income_4q": null,
            "revenue": 318819,
            "revenue_4q": null,
            "common_shares": 608876,
            "book_valuer_per_share": 19.69,
            "book_valuer_per_share_4q_avg": 21.02,
            "equity": 1198821,
            "current_ratio": 230.23,
            "debt_ratio": 32.33,
            "inventory_turnover_ratio": 1.29,
            "account_receivable_turnover_ratio": 0.81,
            "reinvestment_rate": null,
            "research_to_sale_ratio": 8.02,
            "price_fair": 51.24,
            "eps_avg_yearly": 1.46,
            "eps_latest_yearly": 0.68,
            "eps_growth_yearly": 98.56
        },
        "20203": {
            "year_quarter": 20203,
            "year": 2020,
            "quarter": 3,
            "eps": -1.08,
            "eps_growth_year": -735.29,
            "eps_4q": -2.19,
            "eps_4q_growth_year": -247.02,
            "roe": -5.64,
            "roe_4q": -10.959999999999999,
            "gross_profit": 29063,
            "gross_margin": 20.06,
            "gross_margin_4q_avg": 21.41,
            "net_income": -65771,
            "net_income_4q": null,
            "revenue": 144890,
            "revenue_4q": null,
            "common_shares": 608876,
            "book_valuer_per_share": 18.61,
            "book_valuer_per_share_4q_avg": 20.2,
            "equity": 1133090,
            "current_ratio": 255.87,
            "debt_ratio": 28.71,
            "inventory_turnover_ratio": 0.52,
            "account_receivable_turnover_ratio": 0.42,
            "reinvestment_rate": null,
            "research_to_sale_ratio": 15.89,
            "price_fair": 51.24,
            "eps_avg_yearly": 1.46,
            "eps_latest_yearly": 0.68,
            "eps_growth_yearly": 98.56
        },
        "20204": {
            "year_quarter": 20204,
            "year": 2020,
            "quarter": 4,
            "eps": -0.49,
            "eps_growth_year": null,
            "eps_4q": -2.49,
            "eps_4q_growth_year": -326.16,
            "roe": -2.66,
            "roe_4q": -12.76,
            "gross_profit": 65932,
            "gross_margin": 21.96,
            "gross_margin_4q_avg": 21.85,
            "net_income": -29675,
            "net_income_4q": null,
            "revenue": 300216,
            "revenue_4q": null,
            "common_shares": 608876,
            "book_valuer_per_share": 18.06,
            "book_valuer_per_share_4q_avg": 19.36,
            "equity": 1099650,
            "current_ratio": 224,
            "debt_ratio": 33.71,
            "inventory_turnover_ratio": 0.92,
            "account_receivable_turnover_ratio": 0.85,
            "reinvestment_rate": null,
            "research_to_sale_ratio": 7.74,
            "price_fair": 51.24,
            "eps_avg_yearly": 1.46,
            "eps_latest_yearly": 0.68,
            "eps_growth_yearly": 98.56
        },
        "20211": {
            "year_quarter": 20211,
            "year": 2021,
            "quarter": 1,
            "eps": 0.03,
            "eps_growth_year": null,
            "eps_4q": -2.16,
            "eps_4q_growth_year": -867.5,
            "roe": 0.15,
            "roe_4q": -11.17,
            "gross_profit": 65566,
            "gross_margin": 21.7,
            "gross_margin_4q_avg": 22.62,
            "net_income": 1676,
            "net_income_4q": null,
            "revenue": 302089,
            "revenue_4q": null,
            "common_shares": 608876,
            "book_valuer_per_share": 18.14,
            "book_valuer_per_share_4q_avg": 18.63,
            "equity": 1104456,
            "current_ratio": 219.98,
            "debt_ratio": 34.55,
            "inventory_turnover_ratio": 0.9,
            "account_receivable_turnover_ratio": 0.74,
            "reinvestment_rate": null,
            "research_to_sale_ratio": 7.11,
            "price_fair": 51.24,
            "eps_avg_yearly": 1.46,
            "eps_latest_yearly": 0.68,
            "eps_growth_yearly": 98.56
        },
        "20212": {
            "year_quarter": 20212,
            "year": 2021,
            "quarter": 2,
            "eps": -0.45,
            "eps_growth_year": null,
            "eps_4q": -1.99,
            "eps_4q_growth_year": null,
            "roe": -2.54,
            "roe_4q": -10.690000000000001,
            "gross_profit": 53795,
            "gross_margin": 24.69,
            "gross_margin_4q_avg": 22.1,
            "net_income": -27692,
            "net_income_4q": null,
            "revenue": 217855,
            "revenue_4q": null,
            "common_shares": 608876,
            "book_valuer_per_share": 17.63,
            "book_valuer_per_share_4q_avg": 18.11,
            "equity": 1073335,
            "current_ratio": 229.18,
            "debt_ratio": 32.79,
            "inventory_turnover_ratio": 0.55,
            "account_receivable_turnover_ratio": 0.62,
            "reinvestment_rate": null,
            "research_to_sale_ratio": 10.8,
            "price_fair": 51.24,
            "eps_avg_yearly": 1.46,
            "eps_latest_yearly": 0.68,
            "eps_growth_yearly": 98.56
        },
        "20213": {
            "year_quarter": 20213,
            "year": 2021,
            "quarter": 3,
            "eps": -0.45,
            "eps_growth_year": null,
            "eps_4q": -1.37,
            "eps_4q_growth_year": null,
            "roe": -2.62,
            "roe_4q": -7.67,
            "gross_profit": 43831,
            "gross_margin": 15.67,
            "gross_margin_4q_avg": 21.01,
            "net_income": -27729,
            "net_income_4q": null,
            "revenue": 279654,
            "revenue_4q": null,
            "common_shares": 608876,
            "book_valuer_per_share": 17.14,
            "book_valuer_per_share_4q_avg": 17.74,
            "equity": 1043842,
            "current_ratio": 249,
            "debt_ratio": 29.67,
            "inventory_turnover_ratio": 0.83,
            "account_receivable_turnover_ratio": 0.81,
            "reinvestment_rate": null,
            "research_to_sale_ratio": 8.75,
            "price_fair": 51.24,
            "eps_avg_yearly": 1.46,
            "eps_latest_yearly": 0.68,
            "eps_growth_yearly": 98.56
        },
        "20214": {
            "year_quarter": 20214,
            "year": 2021,
            "quarter": 4,
            "eps": -0.42,
            "eps_growth_year": null,
            "eps_4q": -1.31,
            "eps_4q_growth_year": null,
            "roe": -2.5,
            "roe_4q": -7.51,
            "gross_profit": 46301,
            "gross_margin": 19.21,
            "gross_margin_4q_avg": 20.32,
            "net_income": -25821,
            "net_income_4q": null,
            "revenue": 241009,
            "revenue_4q": null,
            "common_shares": 608876,
            "book_valuer_per_share": 16.77,
            "book_valuer_per_share_4q_avg": 17.42,
            "equity": 1021215,
            "current_ratio": 227.19,
            "debt_ratio": 32.92,
            "inventory_turnover_ratio": 0.9,
            "account_receivable_turnover_ratio": 0.8,
            "reinvestment_rate": null,
            "research_to_sale_ratio": 11.54,
            "price_fair": 51.24,
            "eps_avg_yearly": 1.46,
            "eps_latest_yearly": 0.68,
            "eps_growth_yearly": 98.56
        },
        "20221": {
            "year_quarter": 20221,
            "year": 2022,
            "quarter": 1,
            "eps": -0.36,
            "eps_growth_year": -1300,
            "eps_4q": -1.69,
            "eps_4q_growth_year": null,
            "roe": -2.14,
            "roe_4q": -9.8,
            "gross_profit": 11651,
            "gross_margin": 10.08,
            "gross_margin_4q_avg": 17.41,
            "net_income": -21782,
            "net_income_4q": null,
            "revenue": 115631,
            "revenue_4q": null,
            "common_shares": 608876,
            "book_valuer_per_share": 16.64,
            "book_valuer_per_share_4q_avg": 17.05,
            "equity": 1013104,
            "current_ratio": 283.21,
            "debt_ratio": 25.08,
            "inventory_turnover_ratio": 0.6,
            "account_receivable_turnover_ratio": 0.5,
            "reinvestment_rate": null,
            "research_to_sale_ratio": 18.04,
            "price_fair": 51.24,
            "eps_avg_yearly": 1.46,
            "eps_latest_yearly": 0.68,
            "eps_growth_yearly": 98.56
        },
        "20222": {
            "year_quarter": 20222,
            "year": 2022,
            "quarter": 2,
            "eps": -0.31,
            "eps_growth_year": null,
            "eps_4q": -1.55,
            "eps_4q_growth_year": null,
            "roe": -1.9,
            "roe_4q": -9.16,
            "gross_profit": 33242,
            "gross_margin": 21.7,
            "gross_margin_4q_avg": 16.67,
            "net_income": -19013,
            "net_income_4q": null,
            "revenue": 153166,
            "revenue_4q": null,
            "common_shares": 608876,
            "book_valuer_per_share": 16.26,
            "book_valuer_per_share_4q_avg": 16.7,
            "equity": 990282,
            "current_ratio": 214.46,
            "debt_ratio": 34.52,
            "inventory_turnover_ratio": 0.52,
            "account_receivable_turnover_ratio": 0.73,
            "reinvestment_rate": null,
            "research_to_sale_ratio": 15.55,
            "price_fair": 51.24,
            "eps_avg_yearly": 1.46,
            "eps_latest_yearly": 0.68,
            "eps_growth_yearly": 98.56
        },
        "20223": {
            "year_quarter": 20223,
            "year": 2022,
            "quarter": 3,
            "eps": 0.64,
            "eps_growth_year": null,
            "eps_4q": -0.45,
            "eps_4q_growth_year": null,
            "roe": 3.87,
            "roe_4q": -2.67,
            "gross_profit": 83408,
            "gross_margin": 18.88,
            "gross_margin_4q_avg": 17.47,
            "net_income": 39161,
            "net_income_4q": null,
            "revenue": 441713,
            "revenue_4q": null,
            "common_shares": 608876,
            "book_valuer_per_share": 17,
            "book_valuer_per_share_4q_avg": 16.67,
            "equity": 1034785,
            "current_ratio": 200.65,
            "debt_ratio": 38.29,
            "inventory_turnover_ratio": 1.17,
            "account_receivable_turnover_ratio": 1.35,
            "reinvestment_rate": null,
            "research_to_sale_ratio": 5.71,
            "price_fair": 52.15,
            "eps_avg_yearly": 1.49,
            "eps_latest_yearly": 0.68,
            "eps_growth_yearly": 61.3
        },
        "20224": {
            "year_quarter": 20224,
            "year": 2022,
            "quarter": 4,
            "eps": 0.1,
            "eps_growth_year": null,
            "eps_4q": 0.07,
            "eps_4q_growth_year": null,
            "roe": 0.57,
            "roe_4q": 0.40000000000000036,
            "gross_profit": 114308,
            "gross_margin": 25.07,
            "gross_margin_4q_avg": 18.93,
            "net_income": 5855,
            "net_income_4q": null,
            "revenue": 455885,
            "revenue_4q": null,
            "common_shares": 608876,
            "book_valuer_per_share": 17.02,
            "book_valuer_per_share_4q_avg": 16.73,
            "equity": 1036530,
            "current_ratio": 188.91,
            "debt_ratio": 43.28,
            "inventory_turnover_ratio": 1.21,
            "account_receivable_turnover_ratio": 0.96,
            "reinvestment_rate": null,
            "research_to_sale_ratio": 5.57,
            "price_fair": 39.06,
            "eps_avg_yearly": 1.39,
            "eps_latest_yearly": 0.4,
            "eps_growth_yearly": 18.1
        },
        "20231": {
            "year_quarter": 20231,
            "year": 2023,
            "quarter": 1,
            "eps": -0.33,
            "eps_growth_year": null,
            "eps_4q": 0.1,
            "eps_4q_growth_year": null,
            "roe": -1.95,
            "roe_4q": 0.5900000000000003,
            "gross_profit": 64377,
            "gross_margin": 20.01,
            "gross_margin_4q_avg": 21.42,
            "net_income": -20101,
            "net_income_4q": null,
            "revenue": 321691,
            "revenue_4q": null,
            "common_shares": 612006,
            "book_valuer_per_share": 16.7,
            "book_valuer_per_share_4q_avg": 16.75,
            "equity": 1021979,
            "current_ratio": 194.29,
            "debt_ratio": 43.02,
            "inventory_turnover_ratio": 1.16,
            "account_receivable_turnover_ratio": 0.57,
            "reinvestment_rate": null,
            "research_to_sale_ratio": 7.49,
            "price_fair": 3.52,
            "eps_avg_yearly": 1.17,
            "eps_latest_yearly": 0.4,
            "eps_growth_yearly": -182.53
        },
        "20232": {
            "year_quarter": 20232,
            "year": 2023,
            "quarter": 2,
            "eps": 0.25,
            "eps_growth_year": null,
            "eps_4q": 0.65,
            "eps_4q_growth_year": null,
            "roe": 1.47,
            "roe_4q": 3.96,
            "gross_profit": 67211,
            "gross_margin": 27.98,
            "gross_margin_4q_avg": 22.99,
            "net_income": 15127,
            "net_income_4q": null,
            "revenue": 240234,
            "revenue_4q": null,
            "common_shares": 612006,
            "book_valuer_per_share": 16.82,
            "book_valuer_per_share_4q_avg": 16.89,
            "equity": 1029388,
            "current_ratio": 203.35,
            "debt_ratio": 41.3,
            "inventory_turnover_ratio": 1.23,
            "account_receivable_turnover_ratio": 0.38,
            "reinvestment_rate": null,
            "research_to_sale_ratio": 9.89,
            "price_fair": 1.62,
            "eps_avg_yearly": 0.54,
            "eps_latest_yearly": 0.4,
            "eps_growth_yearly": -313.01
        },
        "20233": {
            "year_quarter": 20233,
            "year": 2023,
            "quarter": 3,
            "eps": -0.59,
            "eps_growth_year": -192.19,
            "eps_4q": -0.58,
            "eps_4q_growth_year": null,
            "roe": -3.56,
            "roe_4q": -3.47,
            "gross_profit": 24695,
            "gross_margin": 28.59,
            "gross_margin_4q_avg": 25.41,
            "net_income": -36136,
            "net_income_4q": null,
            "revenue": 86362,
            "revenue_4q": null,
            "common_shares": 612006,
            "book_valuer_per_share": 16.37,
            "book_valuer_per_share_4q_avg": 16.73,
            "equity": 1001708,
            "current_ratio": 243.66,
            "debt_ratio": 39.36,
            "inventory_turnover_ratio": 0.8,
            "account_receivable_turnover_ratio": 0.18,
            "reinvestment_rate": null,
            "research_to_sale_ratio": 25.02,
            "price_fair": 1.2,
            "eps_avg_yearly": 0.4,
            "eps_latest_yearly": 0.4,
            "eps_growth_yearly": -337.5
        },
        "20234": {
            "year_quarter": 20234,
            "year": 2023,
            "quarter": 4,
            "eps": -2.34,
            "eps_growth_year": -2531.95,
            "eps_4q": -3.01,
            "eps_4q_growth_year": -4442.38,
            "roe": -15.44,
            "roe_4q": -19.48,
            "gross_profit": 42700,
            "gross_margin": 31.99,
            "gross_margin_4q_avg": 27.14,
            "net_income": -143123,
            "net_income_4q": null,
            "revenue": 133468,
            "revenue_4q": null,
            "common_shares": 612006,
            "book_valuer_per_share": 13.93,
            "book_valuer_per_share_4q_avg": 15.96,
            "equity": 852324,
            "current_ratio": 167.23,
            "debt_ratio": 47.92,
            "inventory_turnover_ratio": 0.98,
            "account_receivable_turnover_ratio": 0.5,
            "reinvestment_rate": null,
            "research_to_sale_ratio": 19.23,
            "price_fair": 1.2,
            "eps_avg_yearly": 0.4,
            "eps_latest_yearly": 0.4,
            "eps_growth_yearly": -337.5
        }
    },
    "months": {
        "2005-03": {
            "month": "2005-03",
            "price": "80.15",
            "revenue": 468184
        },
        "2005-04": {
            "month": "2005-04",
            "price": "106.07",
            "revenue": 470396
        },
        "2005-05": {
            "month": "2005-05",
            "price": "112.58",
            "revenue": 310164
        },
        "2005-06": {
            "month": "2005-06",
            "price": "120.48",
            "revenue": 133921
        },
        "2005-07": {
            "month": "2005-07",
            "price": "141.14",
            "revenue": 337136
        },
        "2005-08": {
            "month": "2005-08",
            "price": "121.10",
            "revenue": 613379
        },
        "2005-09": {
            "month": "2005-09",
            "price": "114.15",
            "revenue": 588587
        },
        "2005-10": {
            "month": "2005-10",
            "price": "122.55",
            "revenue": 502220
        },
        "2005-11": {
            "month": "2005-11",
            "price": "117.41",
            "revenue": 530173
        },
        "2005-12": {
            "month": "2005-12",
            "price": "149.36",
            "revenue": 123014
        },
        "2006-01": {
            "month": "2006-01",
            "price": "171.66",
            "revenue": 490885
        },
        "2006-02": {
            "month": "2006-02",
            "price": "170.05",
            "revenue": 143095
        },
        "2006-03": {
            "month": "2006-03",
            "price": "159.30",
            "revenue": 177817
        },
        "2006-04": {
            "month": "2006-04",
            "price": "145.92",
            "revenue": 238525
        },
        "2006-05": {
            "month": "2006-05",
            "price": "89.78",
            "revenue": 219175
        },
        "2006-06": {
            "month": "2006-06",
            "price": "73.54",
            "revenue": 111053
        },
        "2006-07": {
            "month": "2006-07",
            "price": "68.36",
            "revenue": 146748
        },
        "2006-08": {
            "month": "2006-08",
            "price": "57.73",
            "revenue": 252472
        },
        "2006-09": {
            "month": "2006-09",
            "price": "58.28",
            "revenue": 426935
        },
        "2006-10": {
            "month": "2006-10",
            "price": "63.38",
            "revenue": 392841
        },
        "2006-11": {
            "month": "2006-11",
            "price": "82.39",
            "revenue": 453069
        },
        "2006-12": {
            "month": "2006-12",
            "price": "80.81",
            "revenue": 287653
        },
        "2007-01": {
            "month": "2007-01",
            "price": "82.48",
            "revenue": 240564
        },
        "2007-02": {
            "month": "2007-02",
            "price": "83.41",
            "revenue": 129550
        },
        "2007-03": {
            "month": "2007-03",
            "price": "91.52",
            "revenue": 165024
        },
        "2007-04": {
            "month": "2007-04",
            "price": "98.64",
            "revenue": 210960
        },
        "2007-05": {
            "month": "2007-05",
            "price": "103.78",
            "revenue": 269010
        },
        "2007-06": {
            "month": "2007-06",
            "price": "99.82",
            "revenue": 147239
        },
        "2007-07": {
            "month": "2007-07",
            "price": "120.36",
            "revenue": 216521
        },
        "2007-08": {
            "month": "2007-08",
            "price": "110.61",
            "revenue": 368570
        },
        "2007-09": {
            "month": "2007-09",
            "price": "109.56",
            "revenue": 323653
        },
        "2007-10": {
            "month": "2007-10",
            "price": "86.17",
            "revenue": 335896
        },
        "2007-11": {
            "month": "2007-11",
            "price": "65.36",
            "revenue": 287882
        },
        "2007-12": {
            "month": "2007-12",
            "price": "59.59",
            "revenue": 278798
        },
        "2008-01": {
            "month": "2008-01",
            "price": "54.32",
            "revenue": 152747
        },
        "2008-02": {
            "month": "2008-02",
            "price": "53.09",
            "revenue": 89560
        },
        "2008-03": {
            "month": "2008-03",
            "price": "54.20",
            "revenue": 249354
        },
        "2008-04": {
            "month": "2008-04",
            "price": "55.05",
            "revenue": 50371
        },
        "2008-05": {
            "month": "2008-05",
            "price": "54.15",
            "revenue": 139179
        },
        "2008-06": {
            "month": "2008-06",
            "price": "45.04",
            "revenue": 85076
        },
        "2008-07": {
            "month": "2008-07",
            "price": "31.80",
            "revenue": 71513
        },
        "2008-08": {
            "month": "2008-08",
            "price": "30.23",
            "revenue": 83162
        },
        "2008-09": {
            "month": "2008-09",
            "price": "22.08",
            "revenue": 69821
        },
        "2008-10": {
            "month": "2008-10",
            "price": "16.69",
            "revenue": 121860
        },
        "2008-11": {
            "month": "2008-11",
            "price": "12.34",
            "revenue": 190641
        },
        "2008-12": {
            "month": "2008-12",
            "price": "13.46",
            "revenue": 127990
        },
        "2009-01": {
            "month": "2009-01",
            "price": "14.07",
            "revenue": 163234
        },
        "2009-02": {
            "month": "2009-02",
            "price": "16.16",
            "revenue": 179667
        },
        "2009-03": {
            "month": "2009-03",
            "price": "22.29",
            "revenue": 177874
        },
        "2009-04": {
            "month": "2009-04",
            "price": "26.09",
            "revenue": 211821
        },
        "2009-05": {
            "month": "2009-05",
            "price": "33.91",
            "revenue": 291206
        },
        "2009-06": {
            "month": "2009-06",
            "price": "41.53",
            "revenue": 230793
        },
        "2009-07": {
            "month": "2009-07",
            "price": "42.47",
            "revenue": 205016
        },
        "2009-08": {
            "month": "2009-08",
            "price": "44.37",
            "revenue": 284897
        },
        "2009-09": {
            "month": "2009-09",
            "price": "50.36",
            "revenue": 317828
        },
        "2009-10": {
            "month": "2009-10",
            "price": "52.60",
            "revenue": 262470
        },
        "2009-11": {
            "month": "2009-11",
            "price": "48.43",
            "revenue": 288085
        },
        "2009-12": {
            "month": "2009-12",
            "price": "49.03",
            "revenue": 191365
        },
        "2010-01": {
            "month": "2010-01",
            "price": "47.80",
            "revenue": 144803
        },
        "2010-02": {
            "month": "2010-02",
            "price": "44.46",
            "revenue": 131439
        },
        "2010-03": {
            "month": "2010-03",
            "price": "43.73",
            "revenue": 198903
        },
        "2010-04": {
            "month": "2010-04",
            "price": "42.91",
            "revenue": 199563
        },
        "2010-05": {
            "month": "2010-05",
            "price": "33.79",
            "revenue": 209167
        },
        "2010-06": {
            "month": "2010-06",
            "price": "33.33",
            "revenue": 240673
        },
        "2010-07": {
            "month": "2010-07",
            "price": "31.37",
            "revenue": 155832
        },
        "2010-08": {
            "month": "2010-08",
            "price": "30.20",
            "revenue": 95268
        },
        "2010-09": {
            "month": "2010-09",
            "price": "28.54",
            "revenue": 152229
        },
        "2010-10": {
            "month": "2010-10",
            "price": "26.73",
            "revenue": 91077
        },
        "2010-11": {
            "month": "2010-11",
            "price": "28.17",
            "revenue": 135045
        },
        "2010-12": {
            "month": "2010-12",
            "price": "32.13",
            "revenue": 213792
        },
        "2011-01": {
            "month": "2011-01",
            "price": "28.00",
            "revenue": 215334
        },
        "2011-02": {
            "month": "2011-02",
            "price": "26.85",
            "revenue": 21246
        },
        "2011-03": {
            "month": "2011-03",
            "price": "25.84",
            "revenue": 211089
        },
        "2011-04": {
            "month": "2011-04",
            "price": "25.57",
            "revenue": 212850
        },
        "2011-05": {
            "month": "2011-05",
            "price": "25.25",
            "revenue": 174711
        },
        "2011-06": {
            "month": "2011-06",
            "price": "26.33",
            "revenue": 192576
        },
        "2011-07": {
            "month": "2011-07",
            "price": "23.90",
            "revenue": 196454
        },
        "2011-08": {
            "month": "2011-08",
            "price": "21.96",
            "revenue": 148998
        },
        "2011-09": {
            "month": "2011-09",
            "price": "23.53",
            "revenue": 120943
        },
        "2011-10": {
            "month": "2011-10",
            "price": "23.62",
            "revenue": 146674
        },
        "2011-11": {
            "month": "2011-11",
            "price": "21.41",
            "revenue": 139437
        },
        "2011-12": {
            "month": "2011-12",
            "price": "20.33",
            "revenue": 174254
        },
        "2012-01": {
            "month": "2012-01",
            "price": "20.75",
            "revenue": 117644
        },
        "2012-02": {
            "month": "2012-02",
            "price": "22.80",
            "revenue": 86952
        },
        "2012-03": {
            "month": "2012-03",
            "price": "23.21",
            "revenue": 137470
        },
        "2012-04": {
            "month": "2012-04",
            "price": "22.09",
            "revenue": 147042
        },
        "2012-05": {
            "month": "2012-05",
            "price": "19.88",
            "revenue": 158785
        },
        "2012-06": {
            "month": "2012-06",
            "price": "19.27",
            "revenue": 127680
        },
        "2012-07": {
            "month": "2012-07",
            "price": "19.12",
            "revenue": 173552
        },
        "2012-08": {
            "month": "2012-08",
            "price": "18.61",
            "revenue": 145660
        },
        "2012-09": {
            "month": "2012-09",
            "price": "19.29",
            "revenue": 126548
        },
        "2012-10": {
            "month": "2012-10",
            "price": "19.01",
            "revenue": 149623
        },
        "2012-11": {
            "month": "2012-11",
            "price": "19.05",
            "revenue": 107368
        },
        "2012-12": {
            "month": "2012-12",
            "price": "19.18",
            "revenue": 128674
        },
        "2013-01": {
            "month": "2013-01",
            "price": "18.93",
            "revenue": 89177
        },
        "2013-02": {
            "month": "2013-02",
            "price": "18.83",
            "revenue": 43389
        },
        "2013-03": {
            "month": "2013-03",
            "price": "18.65",
            "revenue": 109855
        },
        "2013-04": {
            "month": "2013-04",
            "price": "18.45",
            "revenue": 101067
        },
        "2013-05": {
            "month": "2013-05",
            "price": "18.42",
            "revenue": 99258
        },
        "2013-06": {
            "month": "2013-06",
            "price": "18.56",
            "revenue": 144582
        },
        "2013-07": {
            "month": "2013-07",
            "price": "18.40",
            "revenue": 169155
        },
        "2013-08": {
            "month": "2013-08",
            "price": "17.79",
            "revenue": 220040
        },
        "2013-09": {
            "month": "2013-09",
            "price": "20.66",
            "revenue": 234121
        },
        "2013-10": {
            "month": "2013-10",
            "price": "24.11",
            "revenue": 215326
        },
        "2013-11": {
            "month": "2013-11",
            "price": "27.27",
            "revenue": 157291
        },
        "2013-12": {
            "month": "2013-12",
            "price": "27.59",
            "revenue": 275146
        },
        "2014-01": {
            "month": "2014-01",
            "price": "32.26",
            "revenue": 262812
        },
        "2014-02": {
            "month": "2014-02",
            "price": "36.02",
            "revenue": 153194
        },
        "2014-03": {
            "month": "2014-03",
            "price": "36.44",
            "revenue": 256092
        },
        "2014-04": {
            "month": "2014-04",
            "price": "39.71",
            "revenue": 222259
        },
        "2014-05": {
            "month": "2014-05",
            "price": "39.91",
            "revenue": 155010
        },
        "2014-06": {
            "month": "2014-06",
            "price": "38.30",
            "revenue": 241202
        },
        "2014-07": {
            "month": "2014-07",
            "price": "35.18",
            "revenue": 190146
        },
        "2014-08": {
            "month": "2014-08",
            "price": "33.12",
            "revenue": 227009
        },
        "2014-09": {
            "month": "2014-09",
            "price": "32.73",
            "revenue": 142424
        },
        "2014-10": {
            "month": "2014-10",
            "price": "29.92",
            "revenue": 69779
        },
        "2014-11": {
            "month": "2014-11",
            "price": "27.70",
            "revenue": 147546
        },
        "2014-12": {
            "month": "2014-12",
            "price": "30.22",
            "revenue": 226458
        },
        "2015-01": {
            "month": "2015-01",
            "price": "33.14",
            "revenue": 154040
        },
        "2015-02": {
            "month": "2015-02",
            "price": "33.08",
            "revenue": 90343
        },
        "2015-03": {
            "month": "2015-03",
            "price": "32.49",
            "revenue": 114798
        },
        "2015-04": {
            "month": "2015-04",
            "price": "30.44",
            "revenue": 159481
        },
        "2015-05": {
            "month": "2015-05",
            "price": "29.39",
            "revenue": 209896
        },
        "2015-06": {
            "month": "2015-06",
            "price": "29.08",
            "revenue": 108919
        },
        "2015-07": {
            "month": "2015-07",
            "price": "28.66",
            "revenue": 131534
        },
        "2015-08": {
            "month": "2015-08",
            "price": "28.30",
            "revenue": 132876
        },
        "2015-09": {
            "month": "2015-09",
            "price": "27.59",
            "revenue": 119978
        },
        "2015-10": {
            "month": "2015-10",
            "price": "27.02",
            "revenue": 80996
        },
        "2015-11": {
            "month": "2015-11",
            "price": "25.42",
            "revenue": 86154
        },
        "2015-12": {
            "month": "2015-12",
            "price": "22.64",
            "revenue": 139055
        },
        "2016-01": {
            "month": "2016-01",
            "price": "20.97",
            "revenue": 119014
        },
        "2016-02": {
            "month": "2016-02",
            "price": "20.88",
            "revenue": 89657
        },
        "2016-03": {
            "month": "2016-03",
            "price": "21.36",
            "revenue": 188686
        },
        "2016-04": {
            "month": "2016-04",
            "price": "20.86",
            "revenue": 178839
        },
        "2016-05": {
            "month": "2016-05",
            "price": "20.24",
            "revenue": 166563
        },
        "2016-06": {
            "month": "2016-06",
            "price": "20.04",
            "revenue": 148957
        },
        "2016-07": {
            "month": "2016-07",
            "price": "19.80",
            "revenue": 179790
        },
        "2016-08": {
            "month": "2016-08",
            "price": "19.61",
            "revenue": 169260
        },
        "2016-09": {
            "month": "2016-09",
            "price": "18.78",
            "revenue": 138564
        },
        "2016-10": {
            "month": "2016-10",
            "price": "18.43",
            "revenue": 92494
        },
        "2016-11": {
            "month": "2016-11",
            "price": "17.65",
            "revenue": 80225
        },
        "2016-12": {
            "month": "2016-12",
            "price": "17.22",
            "revenue": 188737
        },
        "2017-01": {
            "month": "2017-01",
            "price": "17.33",
            "revenue": 207001
        },
        "2017-02": {
            "month": "2017-02",
            "price": "18.75",
            "revenue": 138956
        },
        "2017-03": {
            "month": "2017-03",
            "price": "19.49",
            "revenue": 162063
        },
        "2017-04": {
            "month": "2017-04",
            "price": "19.34",
            "revenue": 143800
        },
        "2017-05": {
            "month": "2017-05",
            "price": "19.07",
            "revenue": 217771
        },
        "2017-06": {
            "month": "2017-06",
            "price": "19.01",
            "revenue": 227187
        },
        "2017-07": {
            "month": "2017-07",
            "price": "18.54",
            "revenue": 173278
        },
        "2017-08": {
            "month": "2017-08",
            "price": "16.54",
            "revenue": 109195
        },
        "2017-09": {
            "month": "2017-09",
            "price": "16.14",
            "revenue": 131941
        },
        "2017-10": {
            "month": "2017-10",
            "price": "15.93",
            "revenue": 133038
        },
        "2017-11": {
            "month": "2017-11",
            "price": "15.85",
            "revenue": 237601
        },
        "2017-12": {
            "month": "2017-12",
            "price": "15.42",
            "revenue": 187569
        },
        "2018-01": {
            "month": "2018-01",
            "price": "15.12",
            "revenue": 164370
        },
        "2018-02": {
            "month": "2018-02",
            "price": "14.64",
            "revenue": 71870
        },
        "2018-03": {
            "month": "2018-03",
            "price": "14.22",
            "revenue": 186450
        },
        "2018-04": {
            "month": "2018-04",
            "price": "13.12",
            "revenue": 180685
        },
        "2018-05": {
            "month": "2018-05",
            "price": "13.44",
            "revenue": 259589
        },
        "2018-06": {
            "month": "2018-06",
            "price": "13.48",
            "revenue": 194505
        },
        "2018-07": {
            "month": "2018-07",
            "price": "13.32",
            "revenue": 197705
        },
        "2018-08": {
            "month": "2018-08",
            "price": "12.66",
            "revenue": 196453
        },
        "2018-09": {
            "month": "2018-09",
            "price": "12.00",
            "revenue": 293785
        },
        "2018-10": {
            "month": "2018-10",
            "price": "11.12",
            "revenue": 211272
        },
        "2018-11": {
            "month": "2018-11",
            "price": "11.11",
            "revenue": 152458
        },
        "2018-12": {
            "month": "2018-12",
            "price": "11.00",
            "revenue": 264377
        },
        "2019-01": {
            "month": "2019-01",
            "price": "13.71",
            "revenue": 331795
        },
        "2019-02": {
            "month": "2019-02",
            "price": "18.02",
            "revenue": 70356
        },
        "2019-03": {
            "month": "2019-03",
            "price": "18.08",
            "revenue": 336331
        },
        "2019-04": {
            "month": "2019-04",
            "price": "21.66",
            "revenue": 198841
        },
        "2019-05": {
            "month": "2019-05",
            "price": "19.49",
            "revenue": 233577
        },
        "2019-06": {
            "month": "2019-06",
            "price": "18.70",
            "revenue": 175943
        },
        "2019-07": {
            "month": "2019-07",
            "price": "19.15",
            "revenue": 92573
        },
        "2019-08": {
            "month": "2019-08",
            "price": "17.22",
            "revenue": 123445
        },
        "2019-09": {
            "month": "2019-09",
            "price": "17.89",
            "revenue": 152961
        },
        "2019-10": {
            "month": "2019-10",
            "price": "17.05",
            "revenue": 86843
        },
        "2019-11": {
            "month": "2019-11",
            "price": "18.06",
            "revenue": 198510
        },
        "2019-12": {
            "month": "2019-12",
            "price": "20.77",
            "revenue": 159281
        },
        "2020-01": {
            "month": "2020-01",
            "price": "20.48",
            "revenue": 125027
        },
        "2020-02": {
            "month": "2020-02",
            "price": "19.09",
            "revenue": 30660
        },
        "2020-03": {
            "month": "2020-03",
            "price": "15.39",
            "revenue": 93886
        },
        "2020-04": {
            "month": "2020-04",
            "price": "15.15",
            "revenue": 155677
        },
        "2020-05": {
            "month": "2020-05",
            "price": "15.16",
            "revenue": 121038
        },
        "2020-06": {
            "month": "2020-06",
            "price": "14.79",
            "revenue": 42104
        },
        "2020-07": {
            "month": "2020-07",
            "price": "14.17",
            "revenue": 76302
        },
        "2020-08": {
            "month": "2020-08",
            "price": "13.25",
            "revenue": 46568
        },
        "2020-09": {
            "month": "2020-09",
            "price": "13.01",
            "revenue": 22019
        },
        "2020-10": {
            "month": "2020-10",
            "price": "12.42",
            "revenue": 117293
        },
        "2020-11": {
            "month": "2020-11",
            "price": "12.18",
            "revenue": 78637
        },
        "2020-12": {
            "month": "2020-12",
            "price": "12.83",
            "revenue": 104286
        },
        "2021-01": {
            "month": "2021-01",
            "price": "11.82",
            "revenue": 98831
        },
        "2021-02": {
            "month": "2021-02",
            "price": "11.42",
            "revenue": 101205
        },
        "2021-03": {
            "month": "2021-03",
            "price": "12.89",
            "revenue": 102503
        },
        "2021-04": {
            "month": "2021-04",
            "price": "13.56",
            "revenue": 55247
        },
        "2021-05": {
            "month": "2021-05",
            "price": "11.86",
            "revenue": 84984
        },
        "2021-06": {
            "month": "2021-06",
            "price": "12.29",
            "revenue": 77624
        },
        "2021-07": {
            "month": "2021-07",
            "price": "12.64",
            "revenue": 116606
        },
        "2021-08": {
            "month": "2021-08",
            "price": "12.25",
            "revenue": 94704
        },
        "2021-09": {
            "month": "2021-09",
            "price": "16.74",
            "revenue": 68344
        },
        "2021-10": {
            "month": "2021-10",
            "price": "16.78",
            "revenue": 70998
        },
        "2021-11": {
            "month": "2021-11",
            "price": "17.32",
            "revenue": 103453
        },
        "2021-12": {
            "month": "2021-12",
            "price": "18.80",
            "revenue": 66558
        },
        "2022-01": {
            "month": "2022-01",
            "price": "17.49",
            "revenue": 87700
        },
        "2022-02": {
            "month": "2022-02",
            "price": "17.69",
            "revenue": 9320
        },
        "2022-03": {
            "month": "2022-03",
            "price": "17.34",
            "revenue": 18611
        },
        "2022-04": {
            "month": "2022-04",
            "price": "17.46",
            "revenue": 51139
        },
        "2022-05": {
            "month": "2022-05",
            "price": "22.34",
            "revenue": 66599
        },
        "2022-06": {
            "month": "2022-06",
            "price": "26.42",
            "revenue": 35428
        },
        "2022-07": {
            "month": "2022-07",
            "price": "25.65",
            "revenue": 97626
        },
        "2022-08": {
            "month": "2022-08",
            "price": "26.28",
            "revenue": 222787
        },
        "2022-09": {
            "month": "2022-09",
            "price": "26.24",
            "revenue": 121300
        },
        "2022-10": {
            "month": "2022-10",
            "price": "22.60",
            "revenue": 96473
        },
        "2022-11": {
            "month": "2022-11",
            "price": "27.65",
            "revenue": 207538
        },
        "2022-12": {
            "month": "2022-12",
            "price": "30.58",
            "revenue": 151874
        },
        "2023-01": {
            "month": "2023-01",
            "price": "31.24",
            "revenue": 107274
        },
        "2023-02": {
            "month": "2023-02",
            "price": "31.05",
            "revenue": 97909
        },
        "2023-03": {
            "month": "2023-03",
            "price": "30.14",
            "revenue": 116508
        },
        "2023-04": {
            "month": "2023-04",
            "price": "33.24",
            "revenue": 83716
        },
        "2023-05": {
            "month": "2023-05",
            "price": "30.94",
            "revenue": 84562
        },
        "2023-06": {
            "month": "2023-06",
            "price": "30.38",
            "revenue": 71956
        },
        "2023-07": {
            "month": "2023-07",
            "price": "28.27",
            "revenue": 32016
        },
        "2023-08": {
            "month": "2023-08",
            "price": "24.88",
            "revenue": 27345
        },
        "2023-09": {
            "month": "2023-09",
            "price": "24.58",
            "revenue": 27001
        },
        "2023-10": {
            "month": "2023-10",
            "price": "24.59",
            "revenue": 21162
        },
        "2023-11": {
            "month": "2023-11",
            "price": "24.94",
            "revenue": 36923
        },
        "2023-12": {
            "month": "2023-12",
            "price": "24.30",
            "revenue": 75383
        },
        "2024-01": {
            "month": "2024-01",
            "price": "24.10",
            "revenue": 83437
        },
        "2024-02": {
            "month": "2024-02",
            "price": "26.20",
            "revenue": 26314
        }
    }
}
