{
    "summary": {
        "stock_name": "華亞科",
        "stock_id": "3474",
        "category": "半導體",
        "main_business": "CC01080 電子零組件製造業<BR>F401010 國際貿易業<BR>ZZ99999 除許可業務外，得經營法令非禁止或限制之業務",
        "website_url": "",
        "ceo": "梅國勳",
        "pe_ratio": -93,
        "report_year_from": 2004,
        "report_year_to": 2017,
        "age": 20,
        "eps_negative_percentage": 50,
        "eps_growth_avg": {
            "last_all": -26.68,
            "last_2y": -22.21,
            "last_4y": -22.21,
            "last_8y": -41.66,
            "last_12y": null,
            "last_16y": null,
            "last_20y": null,
            "at_2006_last_3y": null,
            "at_2007_last_3y": null,
            "at_2008_last_3y": null,
            "at_2009_last_3y": -31.16,
            "at_2010_last_3y": -96.74,
            "at_2011_last_3y": -100,
            "at_2012_last_3y": null,
            "at_2013_last_3y": null,
            "at_2014_last_3y": 100,
            "at_2015_last_3y": 16.69,
            "at_2016_last_3y": -22.21,
            "at_2017_last_3y": -22.21,
            "at_2018_last_3y": -22.21,
            "at_2019_last_3y": -22.21,
            "at_2020_last_3y": -22.21,
            "at_2021_last_3y": -22.21,
            "at_2022_last_3y": -22.21,
            "at_2023_last_3y": -22.21,
            "at_2024_last_3y": -22.21,
            "at_2006_last_all": null,
            "at_2007_last_all": 3.26,
            "at_2008_last_all": -31.16,
            "at_2009_last_all": -31.16,
            "at_2010_last_all": -31.16,
            "at_2011_last_all": -31.16,
            "at_2012_last_all": -31.16,
            "at_2013_last_all": -31.16,
            "at_2014_last_all": 1.63,
            "at_2015_last_all": -12.02,
            "at_2016_last_all": -26.68,
            "at_2017_last_all": -26.68,
            "at_2018_last_all": -26.68,
            "at_2019_last_all": -26.68,
            "at_2020_last_all": -26.68,
            "at_2021_last_all": -26.68,
            "at_2022_last_all": -26.68,
            "at_2023_last_all": -26.68,
            "at_2024_last_all": -26.68
        },
        "latest_eps": -0.32,
        "latest_price": 29.8,
        "latest_roe": -1.59,
        "latest_gross_margin": 12.11,
        "latest_equity": 131178859,
        "latest_revenue": 13891683,
        "latest_gross_profit": 1682379,
        "latest_net_income": 885967,
        "latest_debt_ratio": 15.06,
        "latest_current_ratio": 234.06,
        "latest_account_receivable_turnover_ratio": 1.4,
        "latest_inventory_turnover_ratio": 2.37,
        "latest_reinvestment_rate": 42.24,
        "latest_research_to_sale_ratio": 0.66
    },
    "eps_dividends": {
        "2001": {
            "cash": 0,
            "stock": 0,
            "eps": 0
        },
        "2002": {
            "cash": 0,
            "stock": 0,
            "eps": 0
        },
        "2003": {
            "cash": 0,
            "stock": 0,
            "eps": 0
        },
        "2004": {
            "cash": 0,
            "stock": 0,
            "eps": 0
        },
        "2005": {
            "cash": 0,
            "stock": 0,
            "eps": 2.36
        },
        "2006": {
            "cash": 0,
            "stock": 0,
            "eps": 5.67
        },
        "2007": {
            "cash": 0,
            "stock": 0,
            "eps": 0.37
        },
        "2008": {
            "cash": 0,
            "stock": 0,
            "eps": -6.52
        },
        "2009": {
            "cash": 0,
            "stock": 0,
            "eps": -3.42
        },
        "2010": {
            "cash": 0,
            "stock": 0,
            "eps": -2.33
        },
        "2011": {
            "cash": 0,
            "stock": 0,
            "eps": -4.52
        },
        "2012": {
            "cash": 0,
            "stock": 0,
            "eps": -2.97
        },
        "2013": {
            "cash": 0,
            "stock": 0,
            "eps": 3.54
        },
        "2014": {
            "cash": 0,
            "stock": 0,
            "eps": 8.27
        },
        "2015": {
            "cash": 0,
            "stock": 0,
            "eps": 2.76
        },
        "2016": {
            "cash": 0,
            "stock": 0,
            "eps": -0.39
        }
    },
    "dividends": [],
    "prices": {
        "200101": "無",
        "200102": "無",
        "200103": "無",
        "200104": "無",
        "200105": "無",
        "200106": "無",
        "200107": "無",
        "200108": "無",
        "200109": "無",
        "200110": "無",
        "200111": "無",
        "200112": "無",
        "200201": "無",
        "200202": "無",
        "200203": "無",
        "200204": "無",
        "200205": "無",
        "200206": "無",
        "200207": "無",
        "200208": "無",
        "200209": "無",
        "200210": "無",
        "200211": "無",
        "200212": "無",
        "200301": "無",
        "200302": "無",
        "200303": "無",
        "200304": "無",
        "200305": "無",
        "200306": "無",
        "200307": "無",
        "200308": "無",
        "200309": "無",
        "200310": "無",
        "200311": "無",
        "200312": "無",
        "200401": "無",
        "200402": "無",
        "200403": "無",
        "200404": "無",
        "200405": "無",
        "200406": "無",
        "200407": "無",
        "200408": "無",
        "200409": "無",
        "200410": "無",
        "200411": "無",
        "200412": "無",
        "200501": "無",
        "200502": "無",
        "200503": "無",
        "200504": "26.15",
        "200505": "26.97",
        "200506": "27.64",
        "200507": "30.40",
        "200508": "33.11",
        "200509": "31.42",
        "200510": "30.75",
        "200511": "29.34",
        "200512": "29.65",
        "200601": "36.43",
        "200602": "35.14",
        "200603": "29.00",
        "200604": "35.47",
        "200605": "34.94",
        "200606": "30.04",
        "200607": "34.11",
        "200608": "32.89",
        "200609": "33.46",
        "200610": "32.31",
        "200611": "37.33",
        "200612": "38.56",
        "200701": "37.67",
        "200702": "36.63",
        "200703": "37.41",
        "200704": "38.04",
        "200705": "38.17",
        "200706": "40.61",
        "200707": "42.38",
        "200708": "35.72",
        "200709": "32.36",
        "200710": "31.89",
        "200711": "27.07",
        "200712": "26.39",
        "200801": "24.93",
        "200802": "26.31",
        "200803": "26.99",
        "200804": "27.65",
        "200805": "25.34",
        "200806": "20.66",
        "200807": "15.52",
        "200808": "13.35",
        "200809": "9.85",
        "200810": "9.22",
        "200811": "7.12",
        "200812": "7.54",
        "200901": "9.25",
        "200902": "12.38",
        "200903": "11.84",
        "200904": "15.65",
        "200905": "18.03",
        "200906": "14.74",
        "200907": "16.77",
        "200908": "16.80",
        "200909": "19.74",
        "200910": "20.89",
        "200911": "20.71",
        "200912": "22.04",
        "201001": "26.02",
        "201002": "22.34",
        "201003": "24.77",
        "201004": "23.81",
        "201005": "19.97",
        "201006": "19.45",
        "201007": "17.88",
        "201008": "17.14",
        "201009": "16.50",
        "201010": "15.63",
        "201011": "13.68",
        "201012": "14.14",
        "201101": "16.47",
        "201102": "16.95",
        "201103": "14.79",
        "201104": "14.79",
        "201105": "13.27",
        "201106": "10.77",
        "201107": "8.18",
        "201108": "6.38",
        "201109": "6.69",
        "201110": "5.76",
        "201111": "4.20",
        "201112": "4.36",
        "201201": "5.11",
        "201202": "6.66",
        "201203": "8.30",
        "201204": "7.72",
        "201205": "7.85",
        "201206": "7.16",
        "201207": "6.13",
        "201208": "5.47",
        "201209": "5.05",
        "201210": "4.31",
        "201211": "2.62",
        "201212": "3.44",
        "201301": "4.47",
        "201302": "5.71",
        "201303": "7.14",
        "201304": "10.27",
        "201305": "10.81",
        "201306": "14.55",
        "201307": "14.14",
        "201308": "12.00",
        "201309": "15.30",
        "201310": "18.45",
        "201311": "20.26",
        "201312": "21.34",
        "201401": "24.68",
        "201402": "25.39",
        "201403": "24.29",
        "201404": "27.05",
        "201405": "36.25",
        "201406": "51.89",
        "201407": "57.69",
        "201408": "49.22",
        "201409": "44.97",
        "201410": "43.50",
        "201411": "45.81",
        "201412": "47.15",
        "201501": "47.29",
        "201502": "46.23",
        "201503": "43.58",
        "201504": "38.95",
        "201505": "33.99",
        "201506": "29.75",
        "201507": "20.91",
        "201508": "18.50",
        "201509": "22.24",
        "201510": "23.66",
        "201511": "24.35",
        "201512": "25.35",
        "201601": "28.27",
        "201602": "28.42",
        "201603": "28.77",
        "201604": "29.15",
        "201605": "29.34",
        "201606": "26.59",
        "201607": "25.69",
        "201608": "26.55",
        "201609": "27.06",
        "201610": "29.32",
        "201611": "29.67",
        "201612": "無",
        "201701": "無",
        "201702": "無",
        "201703": "無",
        "201704": "無",
        "201705": "無",
        "201706": "無",
        "201707": "無",
        "201708": "無",
        "201709": "無",
        "201710": "無",
        "201711": "無",
        "201712": "無",
        "201801": "無",
        "201802": "無",
        "201803": "無",
        "201804": "無",
        "201805": "無",
        "201806": "無",
        "201807": "無",
        "201808": "無",
        "201809": "無",
        "201810": "無",
        "201811": "無",
        "201812": "無",
        "201901": "無",
        "201902": "無",
        "201903": "無",
        "201904": "無",
        "201905": "無",
        "201906": "無",
        "201907": "無",
        "201908": "無",
        "201909": "無",
        "201910": "無",
        "201911": "無",
        "201912": "無",
        "202001": "無",
        "202002": "無",
        "202003": "無",
        "202004": "無",
        "202005": "無",
        "202006": "無",
        "202007": "無",
        "202008": "無",
        "202009": "無",
        "202010": "無",
        "202011": "無",
        "202012": "無",
        "202101": "無",
        "202102": "無",
        "202103": "無",
        "202104": "無",
        "202105": "無",
        "202106": "無",
        "202107": "無",
        "202108": "無",
        "202109": "無",
        "202110": "無",
        "202111": "無",
        "202112": "無",
        "202201": "無",
        "202202": "無",
        "202203": "無",
        "202204": "無",
        "202205": "無",
        "202206": "無",
        "202207": "無",
        "202208": "無",
        "202209": "無",
        "202210": "無",
        "202211": "無",
        "202212": "無",
        "202301": "無",
        "202302": "無",
        "202303": "無",
        "202304": "無",
        "202305": "無",
        "202306": "無",
        "202307": "無",
        "202308": "無",
        "202309": "無",
        "202310": "無",
        "202311": "無",
        "202312": "無",
        "202401": "無",
        "202402": "無",
        "202403": "無",
        "202404": "無"
    },
    "quarters": {
        "20011": {
            "year_quarter": 20011,
            "year": 2001,
            "quarter": 1,
            "eps": null,
            "eps_growth_year": null,
            "eps_4q": null,
            "eps_4q_growth_year": null,
            "roe": null,
            "roe_4q": 0,
            "gross_profit": null,
            "gross_margin": null,
            "gross_margin_4q_avg": 0,
            "net_income": null,
            "net_income_4q": null,
            "revenue": null,
            "revenue_4q": null,
            "common_shares": null,
            "book_valuer_per_share": null,
            "book_valuer_per_share_4q_avg": 0,
            "equity": null,
            "current_ratio": null,
            "debt_ratio": null,
            "inventory_turnover_ratio": null,
            "account_receivable_turnover_ratio": null,
            "reinvestment_rate": null,
            "research_to_sale_ratio": null,
            "price_fair": 0,
            "eps_avg_yearly": 0,
            "eps_latest_yearly": 0,
            "eps_growth_yearly": 0
        },
        "20012": {
            "year_quarter": 20012,
            "year": 2001,
            "quarter": 2,
            "eps": null,
            "eps_growth_year": null,
            "eps_4q": null,
            "eps_4q_growth_year": null,
            "roe": null,
            "roe_4q": 0,
            "gross_profit": null,
            "gross_margin": null,
            "gross_margin_4q_avg": 0,
            "net_income": null,
            "net_income_4q": null,
            "revenue": null,
            "revenue_4q": null,
            "common_shares": null,
            "book_valuer_per_share": null,
            "book_valuer_per_share_4q_avg": 0,
            "equity": null,
            "current_ratio": null,
            "debt_ratio": null,
            "inventory_turnover_ratio": null,
            "account_receivable_turnover_ratio": null,
            "reinvestment_rate": null,
            "research_to_sale_ratio": null,
            "price_fair": 0,
            "eps_avg_yearly": 0,
            "eps_latest_yearly": 0,
            "eps_growth_yearly": 0
        },
        "20013": {
            "year_quarter": 20013,
            "year": 2001,
            "quarter": 3,
            "eps": null,
            "eps_growth_year": null,
            "eps_4q": null,
            "eps_4q_growth_year": null,
            "roe": null,
            "roe_4q": 0,
            "gross_profit": null,
            "gross_margin": null,
            "gross_margin_4q_avg": 0,
            "net_income": null,
            "net_income_4q": null,
            "revenue": null,
            "revenue_4q": null,
            "common_shares": null,
            "book_valuer_per_share": null,
            "book_valuer_per_share_4q_avg": 0,
            "equity": null,
            "current_ratio": null,
            "debt_ratio": null,
            "inventory_turnover_ratio": null,
            "account_receivable_turnover_ratio": null,
            "reinvestment_rate": null,
            "research_to_sale_ratio": null,
            "price_fair": 0,
            "eps_avg_yearly": 0,
            "eps_latest_yearly": 0,
            "eps_growth_yearly": 0
        },
        "20014": {
            "year_quarter": 20014,
            "year": 2001,
            "quarter": 4,
            "eps": null,
            "eps_growth_year": null,
            "eps_4q": null,
            "eps_4q_growth_year": null,
            "roe": null,
            "roe_4q": 0,
            "gross_profit": null,
            "gross_margin": null,
            "gross_margin_4q_avg": 0,
            "net_income": null,
            "net_income_4q": null,
            "revenue": null,
            "revenue_4q": null,
            "common_shares": null,
            "book_valuer_per_share": null,
            "book_valuer_per_share_4q_avg": 0,
            "equity": null,
            "current_ratio": null,
            "debt_ratio": null,
            "inventory_turnover_ratio": null,
            "account_receivable_turnover_ratio": null,
            "reinvestment_rate": null,
            "research_to_sale_ratio": null,
            "price_fair": 0,
            "eps_avg_yearly": 0,
            "eps_latest_yearly": 0,
            "eps_growth_yearly": 0
        },
        "20021": {
            "year_quarter": 20021,
            "year": 2002,
            "quarter": 1,
            "eps": null,
            "eps_growth_year": null,
            "eps_4q": null,
            "eps_4q_growth_year": null,
            "roe": null,
            "roe_4q": 0,
            "gross_profit": null,
            "gross_margin": null,
            "gross_margin_4q_avg": 0,
            "net_income": null,
            "net_income_4q": null,
            "revenue": null,
            "revenue_4q": null,
            "common_shares": null,
            "book_valuer_per_share": null,
            "book_valuer_per_share_4q_avg": 0,
            "equity": null,
            "current_ratio": null,
            "debt_ratio": null,
            "inventory_turnover_ratio": null,
            "account_receivable_turnover_ratio": null,
            "reinvestment_rate": null,
            "research_to_sale_ratio": null,
            "price_fair": 0,
            "eps_avg_yearly": 0,
            "eps_latest_yearly": 0,
            "eps_growth_yearly": 0
        },
        "20022": {
            "year_quarter": 20022,
            "year": 2002,
            "quarter": 2,
            "eps": null,
            "eps_growth_year": null,
            "eps_4q": null,
            "eps_4q_growth_year": null,
            "roe": null,
            "roe_4q": 0,
            "gross_profit": null,
            "gross_margin": null,
            "gross_margin_4q_avg": 0,
            "net_income": null,
            "net_income_4q": null,
            "revenue": null,
            "revenue_4q": null,
            "common_shares": null,
            "book_valuer_per_share": null,
            "book_valuer_per_share_4q_avg": 0,
            "equity": null,
            "current_ratio": null,
            "debt_ratio": null,
            "inventory_turnover_ratio": null,
            "account_receivable_turnover_ratio": null,
            "reinvestment_rate": null,
            "research_to_sale_ratio": null,
            "price_fair": 0,
            "eps_avg_yearly": 0,
            "eps_latest_yearly": 0,
            "eps_growth_yearly": 0
        },
        "20023": {
            "year_quarter": 20023,
            "year": 2002,
            "quarter": 3,
            "eps": null,
            "eps_growth_year": null,
            "eps_4q": null,
            "eps_4q_growth_year": null,
            "roe": null,
            "roe_4q": 0,
            "gross_profit": null,
            "gross_margin": null,
            "gross_margin_4q_avg": 0,
            "net_income": null,
            "net_income_4q": null,
            "revenue": null,
            "revenue_4q": null,
            "common_shares": null,
            "book_valuer_per_share": null,
            "book_valuer_per_share_4q_avg": 0,
            "equity": null,
            "current_ratio": null,
            "debt_ratio": null,
            "inventory_turnover_ratio": null,
            "account_receivable_turnover_ratio": null,
            "reinvestment_rate": null,
            "research_to_sale_ratio": null,
            "price_fair": 0,
            "eps_avg_yearly": 0,
            "eps_latest_yearly": 0,
            "eps_growth_yearly": 0
        },
        "20024": {
            "year_quarter": 20024,
            "year": 2002,
            "quarter": 4,
            "eps": null,
            "eps_growth_year": null,
            "eps_4q": null,
            "eps_4q_growth_year": null,
            "roe": null,
            "roe_4q": 0,
            "gross_profit": null,
            "gross_margin": null,
            "gross_margin_4q_avg": 0,
            "net_income": null,
            "net_income_4q": null,
            "revenue": null,
            "revenue_4q": null,
            "common_shares": 0,
            "book_valuer_per_share": null,
            "book_valuer_per_share_4q_avg": 0,
            "equity": 1925094,
            "current_ratio": 7700476,
            "debt_ratio": 0,
            "inventory_turnover_ratio": null,
            "account_receivable_turnover_ratio": null,
            "reinvestment_rate": null,
            "research_to_sale_ratio": null,
            "price_fair": 0,
            "eps_avg_yearly": 0,
            "eps_latest_yearly": 0,
            "eps_growth_yearly": 0
        },
        "20031": {
            "year_quarter": 20031,
            "year": 2003,
            "quarter": 1,
            "eps": null,
            "eps_growth_year": null,
            "eps_4q": null,
            "eps_4q_growth_year": null,
            "roe": null,
            "roe_4q": 0,
            "gross_profit": null,
            "gross_margin": null,
            "gross_margin_4q_avg": 0,
            "net_income": null,
            "net_income_4q": null,
            "revenue": null,
            "revenue_4q": null,
            "common_shares": null,
            "book_valuer_per_share": null,
            "book_valuer_per_share_4q_avg": 0,
            "equity": null,
            "current_ratio": null,
            "debt_ratio": null,
            "inventory_turnover_ratio": null,
            "account_receivable_turnover_ratio": null,
            "reinvestment_rate": null,
            "research_to_sale_ratio": null,
            "price_fair": 0,
            "eps_avg_yearly": 0,
            "eps_latest_yearly": 0,
            "eps_growth_yearly": 0
        },
        "20032": {
            "year_quarter": 20032,
            "year": 2003,
            "quarter": 2,
            "eps": null,
            "eps_growth_year": null,
            "eps_4q": null,
            "eps_4q_growth_year": null,
            "roe": null,
            "roe_4q": 0,
            "gross_profit": null,
            "gross_margin": null,
            "gross_margin_4q_avg": 0,
            "net_income": null,
            "net_income_4q": null,
            "revenue": null,
            "revenue_4q": null,
            "common_shares": null,
            "book_valuer_per_share": null,
            "book_valuer_per_share_4q_avg": 0,
            "equity": null,
            "current_ratio": null,
            "debt_ratio": null,
            "inventory_turnover_ratio": null,
            "account_receivable_turnover_ratio": null,
            "reinvestment_rate": null,
            "research_to_sale_ratio": null,
            "price_fair": 0,
            "eps_avg_yearly": 0,
            "eps_latest_yearly": 0,
            "eps_growth_yearly": 0
        },
        "20033": {
            "year_quarter": 20033,
            "year": 2003,
            "quarter": 3,
            "eps": null,
            "eps_growth_year": null,
            "eps_4q": null,
            "eps_4q_growth_year": null,
            "roe": null,
            "roe_4q": 0,
            "gross_profit": null,
            "gross_margin": null,
            "gross_margin_4q_avg": 0,
            "net_income": null,
            "net_income_4q": null,
            "revenue": null,
            "revenue_4q": null,
            "common_shares": null,
            "book_valuer_per_share": null,
            "book_valuer_per_share_4q_avg": 0,
            "equity": null,
            "current_ratio": null,
            "debt_ratio": null,
            "inventory_turnover_ratio": null,
            "account_receivable_turnover_ratio": null,
            "reinvestment_rate": null,
            "research_to_sale_ratio": null,
            "price_fair": 0,
            "eps_avg_yearly": 0,
            "eps_latest_yearly": 0,
            "eps_growth_yearly": 0
        },
        "20034": {
            "year_quarter": 20034,
            "year": 2003,
            "quarter": 4,
            "eps": null,
            "eps_growth_year": null,
            "eps_4q": null,
            "eps_4q_growth_year": null,
            "roe": null,
            "roe_4q": 0,
            "gross_profit": null,
            "gross_margin": null,
            "gross_margin_4q_avg": 0,
            "net_income": null,
            "net_income_4q": null,
            "revenue": null,
            "revenue_4q": null,
            "common_shares": 8591700,
            "book_valuer_per_share": 13.9,
            "book_valuer_per_share_4q_avg": 3.48,
            "equity": 11940641,
            "current_ratio": 53.81,
            "debt_ratio": 44.01,
            "inventory_turnover_ratio": null,
            "account_receivable_turnover_ratio": null,
            "reinvestment_rate": null,
            "research_to_sale_ratio": null,
            "price_fair": 0,
            "eps_avg_yearly": 0,
            "eps_latest_yearly": 0,
            "eps_growth_yearly": 0
        },
        "20041": {
            "year_quarter": 20041,
            "year": 2004,
            "quarter": 1,
            "eps": null,
            "eps_growth_year": null,
            "eps_4q": null,
            "eps_4q_growth_year": null,
            "roe": null,
            "roe_4q": 0,
            "gross_profit": null,
            "gross_margin": null,
            "gross_margin_4q_avg": 0,
            "net_income": null,
            "net_income_4q": null,
            "revenue": null,
            "revenue_4q": null,
            "common_shares": null,
            "book_valuer_per_share": null,
            "book_valuer_per_share_4q_avg": 3.48,
            "equity": null,
            "current_ratio": null,
            "debt_ratio": null,
            "inventory_turnover_ratio": null,
            "account_receivable_turnover_ratio": null,
            "reinvestment_rate": null,
            "research_to_sale_ratio": null,
            "price_fair": 0,
            "eps_avg_yearly": 0,
            "eps_latest_yearly": 0,
            "eps_growth_yearly": 0
        },
        "20042": {
            "year_quarter": 20042,
            "year": 2004,
            "quarter": 2,
            "eps": null,
            "eps_growth_year": null,
            "eps_4q": null,
            "eps_4q_growth_year": null,
            "roe": null,
            "roe_4q": 0,
            "gross_profit": null,
            "gross_margin": null,
            "gross_margin_4q_avg": 0,
            "net_income": null,
            "net_income_4q": null,
            "revenue": null,
            "revenue_4q": null,
            "common_shares": null,
            "book_valuer_per_share": null,
            "book_valuer_per_share_4q_avg": 3.48,
            "equity": null,
            "current_ratio": null,
            "debt_ratio": null,
            "inventory_turnover_ratio": null,
            "account_receivable_turnover_ratio": null,
            "reinvestment_rate": null,
            "research_to_sale_ratio": null,
            "price_fair": 0,
            "eps_avg_yearly": 0,
            "eps_latest_yearly": 0,
            "eps_growth_yearly": 0
        },
        "20043": {
            "year_quarter": 20043,
            "year": 2004,
            "quarter": 3,
            "eps": null,
            "eps_growth_year": null,
            "eps_4q": null,
            "eps_4q_growth_year": null,
            "roe": null,
            "roe_4q": 0,
            "gross_profit": null,
            "gross_margin": null,
            "gross_margin_4q_avg": 0,
            "net_income": null,
            "net_income_4q": null,
            "revenue": null,
            "revenue_4q": null,
            "common_shares": null,
            "book_valuer_per_share": null,
            "book_valuer_per_share_4q_avg": 3.48,
            "equity": null,
            "current_ratio": null,
            "debt_ratio": null,
            "inventory_turnover_ratio": null,
            "account_receivable_turnover_ratio": null,
            "reinvestment_rate": null,
            "research_to_sale_ratio": null,
            "price_fair": 0,
            "eps_avg_yearly": 0,
            "eps_latest_yearly": 0,
            "eps_growth_yearly": 0
        },
        "20044": {
            "year_quarter": 20044,
            "year": 2004,
            "quarter": 4,
            "eps": null,
            "eps_growth_year": null,
            "eps_4q": null,
            "eps_4q_growth_year": null,
            "roe": null,
            "roe_4q": 0,
            "gross_profit": null,
            "gross_margin": null,
            "gross_margin_4q_avg": 0,
            "net_income": null,
            "net_income_4q": null,
            "revenue": null,
            "revenue_4q": null,
            "common_shares": 24976600,
            "book_valuer_per_share": 16.59,
            "book_valuer_per_share_4q_avg": 4.15,
            "equity": 41442152,
            "current_ratio": 132.38,
            "debt_ratio": 39.19,
            "inventory_turnover_ratio": null,
            "account_receivable_turnover_ratio": null,
            "reinvestment_rate": null,
            "research_to_sale_ratio": null,
            "price_fair": 0,
            "eps_avg_yearly": 0,
            "eps_latest_yearly": 0,
            "eps_growth_yearly": 0
        },
        "20051": {
            "year_quarter": 20051,
            "year": 2005,
            "quarter": 1,
            "eps": 0.7,
            "eps_growth_year": null,
            "eps_4q": null,
            "eps_4q_growth_year": null,
            "roe": 4.17,
            "roe_4q": 4.17,
            "gross_profit": 1699603,
            "gross_margin": 34.61,
            "gross_margin_4q_avg": 8.65,
            "net_income": 1763649,
            "net_income_4q": null,
            "revenue": 4911004,
            "revenue_4q": null,
            "common_shares": 24976600,
            "book_valuer_per_share": 17.3,
            "book_valuer_per_share_4q_avg": 8.47,
            "equity": 43205801,
            "current_ratio": 147.11,
            "debt_ratio": 40.54,
            "inventory_turnover_ratio": 1.49,
            "account_receivable_turnover_ratio": null,
            "reinvestment_rate": null,
            "research_to_sale_ratio": null,
            "price_fair": 0,
            "eps_avg_yearly": 0,
            "eps_latest_yearly": 0,
            "eps_growth_yearly": 0
        },
        "20052": {
            "year_quarter": 20052,
            "year": 2005,
            "quarter": 2,
            "eps": 0.46,
            "eps_growth_year": null,
            "eps_4q": null,
            "eps_4q_growth_year": null,
            "roe": 2.64,
            "roe_4q": 6.8100000000000005,
            "gross_profit": 1296714,
            "gross_margin": 27.8,
            "gross_margin_4q_avg": 15.6,
            "net_income": 1152385,
            "net_income_4q": null,
            "revenue": 4663684,
            "revenue_4q": null,
            "common_shares": 24976600,
            "book_valuer_per_share": 17.71,
            "book_valuer_per_share_4q_avg": 12.9,
            "equity": 44222560,
            "current_ratio": 154.14,
            "debt_ratio": 47.7,
            "inventory_turnover_ratio": 1.37,
            "account_receivable_turnover_ratio": null,
            "reinvestment_rate": null,
            "research_to_sale_ratio": null,
            "price_fair": 5.52,
            "eps_avg_yearly": 1.84,
            "eps_latest_yearly": 1.84,
            "eps_growth_yearly": -137.14
        },
        "20053": {
            "year_quarter": 20053,
            "year": 2005,
            "quarter": 3,
            "eps": 0.63,
            "eps_growth_year": null,
            "eps_4q": null,
            "eps_4q_growth_year": null,
            "roe": 3.52,
            "roe_4q": 10.33,
            "gross_profit": 1792305,
            "gross_margin": 27.69,
            "gross_margin_4q_avg": 22.53,
            "net_income": 1582861,
            "net_income_4q": null,
            "revenue": 6472227,
            "revenue_4q": null,
            "common_shares": 25109540,
            "book_valuer_per_share": 18.24,
            "book_valuer_per_share_4q_avg": 17.46,
            "equity": 45805421,
            "current_ratio": 169.03,
            "debt_ratio": 48.6,
            "inventory_turnover_ratio": 1.66,
            "account_receivable_turnover_ratio": null,
            "reinvestment_rate": null,
            "research_to_sale_ratio": null,
            "price_fair": 33.44,
            "eps_avg_yearly": 2.18,
            "eps_latest_yearly": 2.52,
            "eps_growth_yearly": 5.34
        },
        "20054": {
            "year_quarter": 20054,
            "year": 2005,
            "quarter": 4,
            "eps": 0.57,
            "eps_growth_year": null,
            "eps_4q": 2.36,
            "eps_4q_growth_year": null,
            "roe": 3.08,
            "roe_4q": 13.41,
            "gross_profit": 1892835,
            "gross_margin": 27.1,
            "gross_margin_4q_avg": 29.3,
            "net_income": 1430863,
            "net_income_4q": null,
            "revenue": 6985288,
            "revenue_4q": null,
            "common_shares": 25109540,
            "book_valuer_per_share": 18.81,
            "book_valuer_per_share_4q_avg": 18.02,
            "equity": 47236284,
            "current_ratio": 146.29,
            "debt_ratio": 45.93,
            "inventory_turnover_ratio": 1.6,
            "account_receivable_turnover_ratio": null,
            "reinvestment_rate": null,
            "research_to_sale_ratio": null,
            "price_fair": 6.64,
            "eps_avg_yearly": 2.21,
            "eps_latest_yearly": 2.28,
            "eps_growth_yearly": -9.14
        },
        "20061": {
            "year_quarter": 20061,
            "year": 2006,
            "quarter": 1,
            "eps": 0.95,
            "eps_growth_year": 35.71,
            "eps_4q": 2.58,
            "eps_4q_growth_year": null,
            "roe": 4.7,
            "roe_4q": 13.940000000000001,
            "gross_profit": 2938643,
            "gross_margin": 34.41,
            "gross_margin_4q_avg": 29.25,
            "net_income": 2429925,
            "net_income_4q": null,
            "revenue": 8539013,
            "revenue_4q": null,
            "common_shares": 27109540,
            "book_valuer_per_share": 20.76,
            "book_valuer_per_share_4q_avg": 18.88,
            "equity": 56266209,
            "current_ratio": 227.22,
            "debt_ratio": 39.35,
            "inventory_turnover_ratio": 1.62,
            "account_receivable_turnover_ratio": null,
            "reinvestment_rate": null,
            "research_to_sale_ratio": null,
            "price_fair": 91.35,
            "eps_avg_yearly": 2.61,
            "eps_latest_yearly": 3.8,
            "eps_growth_yearly": 59.81
        },
        "20062": {
            "year_quarter": 20062,
            "year": 2006,
            "quarter": 2,
            "eps": 1.53,
            "eps_growth_year": 232.61,
            "eps_4q": 3.52,
            "eps_4q_growth_year": null,
            "roe": 6.64,
            "roe_4q": 17.94,
            "gross_profit": 4250330,
            "gross_margin": 40.91,
            "gross_margin_4q_avg": 32.53,
            "net_income": 4185726,
            "net_income_4q": null,
            "revenue": 10389439,
            "revenue_4q": null,
            "common_shares": 31109540,
            "book_valuer_per_share": 22.46,
            "book_valuer_per_share_4q_avg": 20.07,
            "equity": 69885282,
            "current_ratio": 208.42,
            "debt_ratio": 37.11,
            "inventory_turnover_ratio": 1.68,
            "account_receivable_turnover_ratio": null,
            "reinvestment_rate": null,
            "research_to_sale_ratio": null,
            "price_fair": 115.92,
            "eps_avg_yearly": 3.31,
            "eps_latest_yearly": 6.12,
            "eps_growth_yearly": 96.69
        },
        "20063": {
            "year_quarter": 20063,
            "year": 2006,
            "quarter": 3,
            "eps": 1.52,
            "eps_growth_year": 141.27,
            "eps_4q": 4.33,
            "eps_4q_growth_year": null,
            "roe": 6.05,
            "roe_4q": 20.47,
            "gross_profit": 4018959,
            "gross_margin": 39.58,
            "gross_margin_4q_avg": 35.5,
            "net_income": 4359786,
            "net_income_4q": null,
            "revenue": 10153954,
            "revenue_4q": null,
            "common_shares": 31109540,
            "book_valuer_per_share": 23.87,
            "book_valuer_per_share_4q_avg": 21.48,
            "equity": 74245068,
            "current_ratio": 216.13,
            "debt_ratio": 34.15,
            "inventory_turnover_ratio": 1.65,
            "account_receivable_turnover_ratio": null,
            "reinvestment_rate": null,
            "research_to_sale_ratio": null,
            "price_fair": 132.07,
            "eps_avg_yearly": 3.77,
            "eps_latest_yearly": 6.08,
            "eps_growth_yearly": 80.14
        },
        "20064": {
            "year_quarter": 20064,
            "year": 2006,
            "quarter": 4,
            "eps": 1.67,
            "eps_growth_year": 192.98,
            "eps_4q": 5.42,
            "eps_4q_growth_year": 129.29,
            "roe": 6.38,
            "roe_4q": 23.77,
            "gross_profit": 5257131,
            "gross_margin": 44.94,
            "gross_margin_4q_avg": 39.96,
            "net_income": 4892472,
            "net_income_4q": null,
            "revenue": 11699304,
            "revenue_4q": null,
            "common_shares": 31109540,
            "book_valuer_per_share": 25.44,
            "book_valuer_per_share_4q_avg": 23.13,
            "equity": 79137540,
            "current_ratio": 110.6,
            "debt_ratio": 42.52,
            "inventory_turnover_ratio": 1.72,
            "account_receivable_turnover_ratio": null,
            "reinvestment_rate": null,
            "research_to_sale_ratio": null,
            "price_fair": 146.6,
            "eps_avg_yearly": 4.19,
            "eps_latest_yearly": 6.68,
            "eps_growth_yearly": 74.33
        },
        "20071": {
            "year_quarter": 20071,
            "year": 2007,
            "quarter": 1,
            "eps": 1.25,
            "eps_growth_year": 31.58,
            "eps_4q": 5.59,
            "eps_4q_growth_year": 116.59,
            "roe": 4.78,
            "roe_4q": 23.85,
            "gross_profit": 4498435,
            "gross_margin": 36.66,
            "gross_margin_4q_avg": 40.52,
            "net_income": 3874593,
            "net_income_4q": null,
            "revenue": 12270127,
            "revenue_4q": null,
            "common_shares": 31109540,
            "book_valuer_per_share": 26.68,
            "book_valuer_per_share_4q_avg": 24.61,
            "equity": 83012133,
            "current_ratio": 110.32,
            "debt_ratio": 42.86,
            "inventory_turnover_ratio": 1.8,
            "account_receivable_turnover_ratio": null,
            "reinvestment_rate": null,
            "research_to_sale_ratio": null,
            "price_fair": 150.15,
            "eps_avg_yearly": 4.29,
            "eps_latest_yearly": 5,
            "eps_growth_yearly": 52.47
        },
        "20072": {
            "year_quarter": 20072,
            "year": 2007,
            "quarter": 2,
            "eps": 0.09,
            "eps_growth_year": -94.12,
            "eps_4q": 4.41,
            "eps_4q_growth_year": 25.3,
            "roe": 0.35,
            "roe_4q": 17.56,
            "gross_profit": 632312,
            "gross_margin": 5.83,
            "gross_margin_4q_avg": 31.75,
            "net_income": 273457,
            "net_income_4q": null,
            "revenue": 10845193,
            "revenue_4q": null,
            "common_shares": 33375120,
            "book_valuer_per_share": 22.5,
            "book_valuer_per_share_4q_avg": 24.62,
            "equity": 75098742,
            "current_ratio": 104.21,
            "debt_ratio": 49.56,
            "inventory_turnover_ratio": 2.05,
            "account_receivable_turnover_ratio": null,
            "reinvestment_rate": null,
            "research_to_sale_ratio": null,
            "price_fair": 59.31,
            "eps_avg_yearly": 3.85,
            "eps_latest_yearly": 0.36,
            "eps_growth_yearly": 5.39
        },
        "20073": {
            "year_quarter": 20073,
            "year": 2007,
            "quarter": 3,
            "eps": 0.13,
            "eps_growth_year": -91.45,
            "eps_4q": 2.78,
            "eps_4q_growth_year": -35.66,
            "roe": 0.59,
            "roe_4q": 12.100000000000001,
            "gross_profit": 1149140,
            "gross_margin": 9.06,
            "gross_margin_4q_avg": 24.12,
            "net_income": 443018,
            "net_income_4q": null,
            "revenue": 12689922,
            "revenue_4q": null,
            "common_shares": 33375120,
            "book_valuer_per_share": 22.63,
            "book_valuer_per_share_4q_avg": 24.31,
            "equity": 75541760,
            "current_ratio": 113.5,
            "debt_ratio": 49.29,
            "inventory_turnover_ratio": 2.1,
            "account_receivable_turnover_ratio": null,
            "reinvestment_rate": null,
            "research_to_sale_ratio": null,
            "price_fair": 114.86,
            "eps_avg_yearly": 3.52,
            "eps_latest_yearly": 0.52,
            "eps_growth_yearly": 22.63
        },
        "20074": {
            "year_quarter": 20074,
            "year": 2007,
            "quarter": 4,
            "eps": -1.1,
            "eps_growth_year": -165.87,
            "eps_4q": 0.28,
            "eps_4q_growth_year": -94.83,
            "roe": -4.97,
            "roe_4q": 0.75,
            "gross_profit": -2237482,
            "gross_margin": -22.24,
            "gross_margin_4q_avg": 7.33,
            "net_income": -3664219,
            "net_income_4q": null,
            "revenue": 10059306,
            "revenue_4q": null,
            "common_shares": 33375120,
            "book_valuer_per_share": 21.54,
            "book_valuer_per_share_4q_avg": 23.34,
            "equity": 71877541,
            "current_ratio": 98.98,
            "debt_ratio": 50.09,
            "inventory_turnover_ratio": 2.34,
            "account_receivable_turnover_ratio": null,
            "reinvestment_rate": null,
            "research_to_sale_ratio": null,
            "price_fair": 114.86,
            "eps_avg_yearly": 3.52,
            "eps_latest_yearly": 0.52,
            "eps_growth_yearly": 22.63
        },
        "20081": {
            "year_quarter": 20081,
            "year": 2008,
            "quarter": 1,
            "eps": -1.25,
            "eps_growth_year": -200,
            "eps_4q": -2.13,
            "eps_4q_growth_year": -138.16,
            "roe": -5.99,
            "roe_4q": -10.020000000000001,
            "gross_profit": -3603425,
            "gross_margin": -40.94,
            "gross_margin_4q_avg": -12.07,
            "net_income": -4181538,
            "net_income_4q": null,
            "revenue": 8802030,
            "revenue_4q": null,
            "common_shares": 33375120,
            "book_valuer_per_share": 20.28,
            "book_valuer_per_share_4q_avg": 21.74,
            "equity": 67696003,
            "current_ratio": 65.06,
            "debt_ratio": 53.68,
            "inventory_turnover_ratio": 2.92,
            "account_receivable_turnover_ratio": null,
            "reinvestment_rate": null,
            "research_to_sale_ratio": null,
            "price_fair": 114.86,
            "eps_avg_yearly": 3.52,
            "eps_latest_yearly": 0.52,
            "eps_growth_yearly": 22.63
        },
        "20082": {
            "year_quarter": 20082,
            "year": 2008,
            "quarter": 2,
            "eps": -0.98,
            "eps_growth_year": -1188.89,
            "eps_4q": -3.2,
            "eps_4q_growth_year": -172.47,
            "roe": -4.94,
            "roe_4q": -15.309999999999999,
            "gross_profit": -3081779,
            "gross_margin": -31.77,
            "gross_margin_4q_avg": -21.47,
            "net_income": -3264706,
            "net_income_4q": null,
            "revenue": 9698951,
            "revenue_4q": null,
            "common_shares": 33375120,
            "book_valuer_per_share": 19.31,
            "book_valuer_per_share_4q_avg": 20.94,
            "equity": 64431297,
            "current_ratio": 87.39,
            "debt_ratio": 56.79,
            "inventory_turnover_ratio": 3.36,
            "account_receivable_turnover_ratio": null,
            "reinvestment_rate": null,
            "research_to_sale_ratio": null,
            "price_fair": 114.86,
            "eps_avg_yearly": 3.52,
            "eps_latest_yearly": 0.52,
            "eps_growth_yearly": 22.63
        },
        "20083": {
            "year_quarter": 20083,
            "year": 2008,
            "quarter": 3,
            "eps": -1.21,
            "eps_growth_year": -1030.77,
            "eps_4q": -4.54,
            "eps_4q_growth_year": -263.24,
            "roe": -6.49,
            "roe_4q": -22.39,
            "gross_profit": -2809238,
            "gross_margin": -26.05,
            "gross_margin_4q_avg": -30.25,
            "net_income": -4050817,
            "net_income_4q": null,
            "revenue": 10785767,
            "revenue_4q": null,
            "common_shares": 33375120,
            "book_valuer_per_share": 18.09,
            "book_valuer_per_share_4q_avg": 19.81,
            "equity": 60380480,
            "current_ratio": 77.29,
            "debt_ratio": 57.92,
            "inventory_turnover_ratio": 3.51,
            "account_receivable_turnover_ratio": null,
            "reinvestment_rate": null,
            "research_to_sale_ratio": null,
            "price_fair": 114.86,
            "eps_avg_yearly": 3.52,
            "eps_latest_yearly": 0.52,
            "eps_growth_yearly": 22.63
        },
        "20084": {
            "year_quarter": 20084,
            "year": 2008,
            "quarter": 4,
            "eps": -3.08,
            "eps_growth_year": null,
            "eps_4q": -6.52,
            "eps_4q_growth_year": -2428.57,
            "roe": -18.6,
            "roe_4q": -36.02,
            "gross_profit": -5260075,
            "gross_margin": -63.74,
            "gross_margin_4q_avg": -40.63,
            "net_income": -10278837,
            "net_income_4q": null,
            "revenue": 8252870,
            "revenue_4q": null,
            "common_shares": 33375120,
            "book_valuer_per_share": 15.02,
            "book_valuer_per_share_4q_avg": 18.18,
            "equity": 50117482,
            "current_ratio": 51.41,
            "debt_ratio": 62.11,
            "inventory_turnover_ratio": 3.95,
            "account_receivable_turnover_ratio": 6.03,
            "reinvestment_rate": 6601,
            "research_to_sale_ratio": null,
            "price_fair": 114.86,
            "eps_avg_yearly": 3.52,
            "eps_latest_yearly": 0.52,
            "eps_growth_yearly": 22.63
        },
        "20091": {
            "year_quarter": 20091,
            "year": 2009,
            "quarter": 1,
            "eps": -1.59,
            "eps_growth_year": null,
            "eps_4q": -6.86,
            "eps_4q_growth_year": null,
            "roe": -11.2,
            "roe_4q": -41.23,
            "gross_profit": -4482231,
            "gross_margin": -70.53,
            "gross_margin_4q_avg": -48.02,
            "net_income": -5316258,
            "net_income_4q": null,
            "revenue": 6355163,
            "revenue_4q": null,
            "common_shares": 33375120,
            "book_valuer_per_share": 13.43,
            "book_valuer_per_share_4q_avg": 16.46,
            "equity": 44817329,
            "current_ratio": 49.57,
            "debt_ratio": 65.08,
            "inventory_turnover_ratio": 3.99,
            "account_receivable_turnover_ratio": 1.65,
            "reinvestment_rate": null,
            "research_to_sale_ratio": null,
            "price_fair": 114.86,
            "eps_avg_yearly": 3.52,
            "eps_latest_yearly": 0.52,
            "eps_growth_yearly": 22.63
        },
        "20092": {
            "year_quarter": 20092,
            "year": 2009,
            "quarter": 2,
            "eps": -1.23,
            "eps_growth_year": null,
            "eps_4q": -7.12,
            "eps_4q_growth_year": null,
            "roe": -9.61,
            "roe_4q": -45.9,
            "gross_profit": -3566278,
            "gross_margin": -47.79,
            "gross_margin_4q_avg": -52.03,
            "net_income": -4112254,
            "net_income_4q": null,
            "revenue": 7462355,
            "revenue_4q": null,
            "common_shares": 33375120,
            "book_valuer_per_share": 12.2,
            "book_valuer_per_share_4q_avg": 14.69,
            "equity": 40725807,
            "current_ratio": 45.9,
            "debt_ratio": 67.16,
            "inventory_turnover_ratio": 4.09,
            "account_receivable_turnover_ratio": 1.39,
            "reinvestment_rate": null,
            "research_to_sale_ratio": null,
            "price_fair": 129.73,
            "eps_avg_yearly": 3.71,
            "eps_latest_yearly": 0.52,
            "eps_growth_yearly": 40.38
        },
        "20093": {
            "year_quarter": 20093,
            "year": 2009,
            "quarter": 3,
            "eps": -0.73,
            "eps_growth_year": null,
            "eps_4q": -5.59,
            "eps_4q_growth_year": null,
            "roe": -5.67,
            "roe_4q": -45.08,
            "gross_profit": -1848660,
            "gross_margin": -19.38,
            "gross_margin_4q_avg": -50.36,
            "net_income": -2523566,
            "net_income_4q": null,
            "revenue": 9539512,
            "revenue_4q": null,
            "common_shares": 39775120,
            "book_valuer_per_share": 12.15,
            "book_valuer_per_share_4q_avg": 13.2,
            "equity": 48329832,
            "current_ratio": 58.15,
            "debt_ratio": 61.58,
            "inventory_turnover_ratio": 3.77,
            "account_receivable_turnover_ratio": 1.45,
            "reinvestment_rate": null,
            "research_to_sale_ratio": null,
            "price_fair": 134.93,
            "eps_avg_yearly": 3.86,
            "eps_latest_yearly": 0.52,
            "eps_growth_yearly": 26.95
        },
        "20094": {
            "year_quarter": 20094,
            "year": 2009,
            "quarter": 4,
            "eps": 0.13,
            "eps_growth_year": null,
            "eps_4q": -2.89,
            "eps_4q_growth_year": null,
            "roe": 0.98,
            "roe_4q": -25.5,
            "gross_profit": 1257840,
            "gross_margin": 9.87,
            "gross_margin_4q_avg": -31.96,
            "net_income": 475151,
            "net_income_4q": null,
            "revenue": 12746556,
            "revenue_4q": null,
            "common_shares": 39775120,
            "book_valuer_per_share": 12.28,
            "book_valuer_per_share_4q_avg": 12.52,
            "equity": 48828198,
            "current_ratio": 64.43,
            "debt_ratio": 59.44,
            "inventory_turnover_ratio": 3.48,
            "account_receivable_turnover_ratio": 2.68,
            "reinvestment_rate": null,
            "research_to_sale_ratio": null,
            "price_fair": 142.8,
            "eps_avg_yearly": 4.08,
            "eps_latest_yearly": 0.52,
            "eps_growth_yearly": 36.25
        },
        "20101": {
            "year_quarter": 20101,
            "year": 2010,
            "quarter": 1,
            "eps": -0.36,
            "eps_growth_year": null,
            "eps_4q": -1.67,
            "eps_4q_growth_year": null,
            "roe": -2.82,
            "roe_4q": -17.119999999999997,
            "gross_profit": -558668,
            "gross_margin": -4.85,
            "gross_margin_4q_avg": -15.54,
            "net_income": -1561293,
            "net_income_4q": null,
            "revenue": 11518393,
            "revenue_4q": null,
            "common_shares": 46175120,
            "book_valuer_per_share": 13.44,
            "book_valuer_per_share_4q_avg": 12.52,
            "equity": 62051555,
            "current_ratio": 67.71,
            "debt_ratio": 53.7,
            "inventory_turnover_ratio": 3.6,
            "account_receivable_turnover_ratio": 1.34,
            "reinvestment_rate": null,
            "research_to_sale_ratio": 4.8,
            "price_fair": 12.38,
            "eps_avg_yearly": 4.13,
            "eps_latest_yearly": 0.52,
            "eps_growth_yearly": -2.16
        },
        "20102": {
            "year_quarter": 20102,
            "year": 2010,
            "quarter": 2,
            "eps": -0.39,
            "eps_growth_year": null,
            "eps_4q": -1.17,
            "eps_4q_growth_year": null,
            "roe": -2.96,
            "roe_4q": -10.469999999999999,
            "gross_profit": -760438,
            "gross_margin": -6.75,
            "gross_margin_4q_avg": -5.28,
            "net_income": -1809673,
            "net_income_4q": null,
            "revenue": 11257942,
            "revenue_4q": null,
            "common_shares": 46175120,
            "book_valuer_per_share": 13.05,
            "book_valuer_per_share_4q_avg": 12.73,
            "equity": 60266732,
            "current_ratio": 60.67,
            "debt_ratio": 54.32,
            "inventory_turnover_ratio": 3.51,
            "account_receivable_turnover_ratio": 1.55,
            "reinvestment_rate": null,
            "research_to_sale_ratio": 2.75,
            "price_fair": 11.18,
            "eps_avg_yearly": 3.73,
            "eps_latest_yearly": 0.52,
            "eps_growth_yearly": -51.43
        },
        "20103": {
            "year_quarter": 20103,
            "year": 2010,
            "quarter": 3,
            "eps": -0.57,
            "eps_growth_year": null,
            "eps_4q": -1.19,
            "eps_4q_growth_year": null,
            "roe": -4.44,
            "roe_4q": -9.24,
            "gross_profit": -1920033,
            "gross_margin": -19.27,
            "gross_margin_4q_avg": -5.25,
            "net_income": -2620605,
            "net_income_4q": null,
            "revenue": 9963094,
            "revenue_4q": null,
            "common_shares": 46175120,
            "book_valuer_per_share": 12.49,
            "book_valuer_per_share_4q_avg": 12.82,
            "equity": 57670977,
            "current_ratio": 55.36,
            "debt_ratio": 58.96,
            "inventory_turnover_ratio": 3.16,
            "account_receivable_turnover_ratio": 1.43,
            "reinvestment_rate": null,
            "research_to_sale_ratio": 3.41,
            "price_fair": 9.42,
            "eps_avg_yearly": 3.14,
            "eps_latest_yearly": 0.52,
            "eps_growth_yearly": -63.64
        },
        "20104": {
            "year_quarter": 20104,
            "year": 2010,
            "quarter": 4,
            "eps": -1.01,
            "eps_growth_year": -874.45,
            "eps_4q": -2.3,
            "eps_4q_growth_year": null,
            "roe": -8.42,
            "roe_4q": -18.64,
            "gross_profit": -4163748,
            "gross_margin": -47.78,
            "gross_margin_4q_avg": -19.66,
            "net_income": -4669741,
            "net_income_4q": null,
            "revenue": 8714590,
            "revenue_4q": null,
            "common_shares": 46378990,
            "book_valuer_per_share": 11.48,
            "book_valuer_per_share_4q_avg": 12.62,
            "equity": 53269281,
            "current_ratio": 54.47,
            "debt_ratio": 62.56,
            "inventory_turnover_ratio": 3.05,
            "account_receivable_turnover_ratio": 1.37,
            "reinvestment_rate": null,
            "research_to_sale_ratio": 3.17,
            "price_fair": 5.88,
            "eps_avg_yearly": 1.96,
            "eps_latest_yearly": 0.52,
            "eps_growth_yearly": -98.01
        },
        "20111": {
            "year_quarter": 20111,
            "year": 2011,
            "quarter": 1,
            "eps": -0.87,
            "eps_growth_year": null,
            "eps_4q": -2.83,
            "eps_4q_growth_year": null,
            "roe": -7.89,
            "roe_4q": -23.71,
            "gross_profit": -3424800,
            "gross_margin": -35.73,
            "gross_margin_4q_avg": -27.38,
            "net_income": -4044230,
            "net_income_4q": null,
            "revenue": 9586055,
            "revenue_4q": null,
            "common_shares": 46411830,
            "book_valuer_per_share": 10.62,
            "book_valuer_per_share_4q_avg": 11.91,
            "equity": 49294637,
            "current_ratio": 46.65,
            "debt_ratio": 65.75,
            "inventory_turnover_ratio": 2.69,
            "account_receivable_turnover_ratio": 1.55,
            "reinvestment_rate": null,
            "research_to_sale_ratio": 2.79,
            "price_fair": 1.32,
            "eps_avg_yearly": 0.44,
            "eps_latest_yearly": 0.52,
            "eps_growth_yearly": -96.71
        },
        "20112": {
            "year_quarter": 20112,
            "year": 2011,
            "quarter": 2,
            "eps": -0.84,
            "eps_growth_year": null,
            "eps_4q": -3.28,
            "eps_4q_growth_year": null,
            "roe": -8.26,
            "roe_4q": -29.01,
            "gross_profit": -3020221,
            "gross_margin": -29.74,
            "gross_margin_4q_avg": -33.13,
            "net_income": -3909581,
            "net_income_4q": null,
            "revenue": 10157094,
            "revenue_4q": null,
            "common_shares": 46416950,
            "book_valuer_per_share": 9.79,
            "book_valuer_per_share_4q_avg": 11.1,
            "equity": 45423244,
            "current_ratio": 36.79,
            "debt_ratio": 67.16,
            "inventory_turnover_ratio": 2.45,
            "account_receivable_turnover_ratio": 1.5,
            "reinvestment_rate": null,
            "research_to_sale_ratio": 3.79,
            "price_fair": 18.2,
            "eps_avg_yearly": 0.52,
            "eps_latest_yearly": 0.52,
            "eps_growth_yearly": 177.78
        },
        "20113": {
            "year_quarter": 20113,
            "year": 2011,
            "quarter": 3,
            "eps": -1.51,
            "eps_growth_year": null,
            "eps_4q": -4.23,
            "eps_4q_growth_year": null,
            "roe": -16.75,
            "roe_4q": -41.32,
            "gross_profit": -6458127,
            "gross_margin": -72.21,
            "gross_margin_4q_avg": -46.37,
            "net_income": -7021561,
            "net_income_4q": null,
            "revenue": 8943933,
            "revenue_4q": null,
            "common_shares": 46416950,
            "book_valuer_per_share": 8.28,
            "book_valuer_per_share_4q_avg": 10.04,
            "equity": 38436669,
            "current_ratio": 26.88,
            "debt_ratio": 69.02,
            "inventory_turnover_ratio": 3.18,
            "account_receivable_turnover_ratio": 1.36,
            "reinvestment_rate": null,
            "research_to_sale_ratio": 4.22,
            "price_fair": 0,
            "eps_avg_yearly": 0,
            "eps_latest_yearly": 0,
            "eps_growth_yearly": 0
        },
        "20114": {
            "year_quarter": 20114,
            "year": 2011,
            "quarter": 4,
            "eps": -1.3,
            "eps_growth_year": null,
            "eps_4q": -4.52,
            "eps_4q_growth_year": null,
            "roe": -17.01,
            "roe_4q": -49.910000000000004,
            "gross_profit": -5259684,
            "gross_margin": -60.47,
            "gross_margin_4q_avg": -49.54,
            "net_income": -6027796,
            "net_income_4q": null,
            "revenue": 8698059,
            "revenue_4q": null,
            "common_shares": 46416950,
            "book_valuer_per_share": 6.99,
            "book_valuer_per_share_4q_avg": 8.92,
            "equity": 32445720,
            "current_ratio": 31.07,
            "debt_ratio": 73.18,
            "inventory_turnover_ratio": 3.85,
            "account_receivable_turnover_ratio": 1.27,
            "reinvestment_rate": null,
            "research_to_sale_ratio": 4.26,
            "price_fair": 0,
            "eps_avg_yearly": 0,
            "eps_latest_yearly": 0,
            "eps_growth_yearly": 0
        },
        "20121": {
            "year_quarter": 20121,
            "year": 2012,
            "quarter": 1,
            "eps": -0.92,
            "eps_growth_year": null,
            "eps_4q": -3.96,
            "eps_4q_growth_year": null,
            "roe": -13.6,
            "roe_4q": -55.62,
            "gross_profit": -3705923,
            "gross_margin": -46.76,
            "gross_margin_4q_avg": -52.3,
            "net_income": -4452098,
            "net_income_4q": null,
            "revenue": 7924660,
            "revenue_4q": null,
            "common_shares": 54050540,
            "book_valuer_per_share": 6.11,
            "book_valuer_per_share_4q_avg": 7.79,
            "equity": 33008231,
            "current_ratio": 19.93,
            "debt_ratio": 68.23,
            "inventory_turnover_ratio": 3.44,
            "account_receivable_turnover_ratio": 1.58,
            "reinvestment_rate": null,
            "research_to_sale_ratio": 2.71,
            "price_fair": 0,
            "eps_avg_yearly": 0,
            "eps_latest_yearly": 0,
            "eps_growth_yearly": 0
        },
        "20122": {
            "year_quarter": 20122,
            "year": 2012,
            "quarter": 2,
            "eps": -0.55,
            "eps_growth_year": null,
            "eps_4q": -3.79,
            "eps_4q_growth_year": null,
            "roe": -9.44,
            "roe_4q": -56.8,
            "gross_profit": -2624797,
            "gross_margin": -27.44,
            "gross_margin_4q_avg": -51.72,
            "net_income": -2976622,
            "net_income_4q": null,
            "revenue": 9564479,
            "revenue_4q": null,
            "common_shares": 54050540,
            "book_valuer_per_share": 5.56,
            "book_valuer_per_share_4q_avg": 6.74,
            "equity": 30037883,
            "current_ratio": 31.01,
            "debt_ratio": 71.49,
            "inventory_turnover_ratio": 3.13,
            "account_receivable_turnover_ratio": 1.81,
            "reinvestment_rate": null,
            "research_to_sale_ratio": 1.13,
            "price_fair": 0,
            "eps_avg_yearly": 0,
            "eps_latest_yearly": 0,
            "eps_growth_yearly": 0
        },
        "20123": {
            "year_quarter": 20123,
            "year": 2012,
            "quarter": 3,
            "eps": -0.81,
            "eps_growth_year": null,
            "eps_4q": -3.3,
            "eps_4q_growth_year": null,
            "roe": -15.76,
            "roe_4q": -55.81,
            "gross_profit": -3877081,
            "gross_margin": -44.59,
            "gross_margin_4q_avg": -44.82,
            "net_income": -4389648,
            "net_income_4q": null,
            "revenue": 8694378,
            "revenue_4q": null,
            "common_shares": 54050540,
            "book_valuer_per_share": 4.75,
            "book_valuer_per_share_4q_avg": 5.85,
            "equity": 25659477,
            "current_ratio": 30.77,
            "debt_ratio": 73.89,
            "inventory_turnover_ratio": 2.96,
            "account_receivable_turnover_ratio": 1.16,
            "reinvestment_rate": null,
            "research_to_sale_ratio": 1.41,
            "price_fair": 0,
            "eps_avg_yearly": 0,
            "eps_latest_yearly": 0,
            "eps_growth_yearly": 0
        },
        "20124": {
            "year_quarter": 20124,
            "year": 2012,
            "quarter": 4,
            "eps": -0.69,
            "eps_growth_year": null,
            "eps_4q": -2.87,
            "eps_4q_growth_year": null,
            "roe": -15.62,
            "roe_4q": -54.42,
            "gross_profit": -3342650,
            "gross_margin": -36.68,
            "gross_margin_4q_avg": -38.87,
            "net_income": -3720168,
            "net_income_4q": null,
            "revenue": 9112470,
            "revenue_4q": null,
            "common_shares": 54050540,
            "book_valuer_per_share": 4.06,
            "book_valuer_per_share_4q_avg": 5.12,
            "equity": 21964083,
            "current_ratio": 25.14,
            "debt_ratio": 75.54,
            "inventory_turnover_ratio": 2.9,
            "account_receivable_turnover_ratio": 1.67,
            "reinvestment_rate": null,
            "research_to_sale_ratio": 0.91,
            "price_fair": 0,
            "eps_avg_yearly": 0,
            "eps_latest_yearly": 0,
            "eps_growth_yearly": 0
        },
        "20131": {
            "year_quarter": 20131,
            "year": 2013,
            "quarter": 1,
            "eps": -0.11,
            "eps_growth_year": null,
            "eps_4q": -2.16,
            "eps_4q_growth_year": null,
            "roe": -2.85,
            "roe_4q": -43.669999999999995,
            "gross_profit": -269322,
            "gross_margin": -3.12,
            "gross_margin_4q_avg": -27.96,
            "net_income": -613495,
            "net_income_4q": null,
            "revenue": 8632460,
            "revenue_4q": null,
            "common_shares": 54050540,
            "book_valuer_per_share": 3.9,
            "book_valuer_per_share_4q_avg": 4.57,
            "equity": 21053132,
            "current_ratio": 28.85,
            "debt_ratio": 76.24,
            "inventory_turnover_ratio": 2.09,
            "account_receivable_turnover_ratio": 1.7,
            "reinvestment_rate": null,
            "research_to_sale_ratio": 0.7,
            "price_fair": 0,
            "eps_avg_yearly": 0,
            "eps_latest_yearly": 0,
            "eps_growth_yearly": 0
        },
        "20132": {
            "year_quarter": 20132,
            "year": 2013,
            "quarter": 2,
            "eps": 0.62,
            "eps_growth_year": null,
            "eps_4q": -0.87,
            "eps_4q_growth_year": null,
            "roe": 13.44,
            "roe_4q": -20.79,
            "gross_profit": 3615432,
            "gross_margin": 28.36,
            "gross_margin_4q_avg": -14.01,
            "net_income": 3472363,
            "net_income_4q": null,
            "revenue": 12746877,
            "revenue_4q": null,
            "common_shares": 60386340,
            "book_valuer_per_share": 5.06,
            "book_valuer_per_share_4q_avg": 4.44,
            "equity": 30601314,
            "current_ratio": 49.08,
            "debt_ratio": 66.63,
            "inventory_turnover_ratio": 2.21,
            "account_receivable_turnover_ratio": 1.59,
            "reinvestment_rate": null,
            "research_to_sale_ratio": 0.5,
            "price_fair": 0,
            "eps_avg_yearly": 0,
            "eps_latest_yearly": 0,
            "eps_growth_yearly": 0
        },
        "20133": {
            "year_quarter": 20133,
            "year": 2013,
            "quarter": 3,
            "eps": 1.21,
            "eps_growth_year": null,
            "eps_4q": 1.06,
            "eps_4q_growth_year": null,
            "roe": 21.27,
            "roe_4q": 16.240000000000002,
            "gross_profit": 7659396,
            "gross_margin": 45.2,
            "gross_margin_4q_avg": 8.44,
            "net_income": 7290465,
            "net_income_4q": null,
            "revenue": 16944447,
            "revenue_4q": null,
            "common_shares": 60454680,
            "book_valuer_per_share": 6.28,
            "book_valuer_per_share_4q_avg": 4.83,
            "equity": 37943415,
            "current_ratio": 68.53,
            "debt_ratio": 60.92,
            "inventory_turnover_ratio": 2.34,
            "account_receivable_turnover_ratio": 1.6,
            "reinvestment_rate": null,
            "research_to_sale_ratio": 0.45,
            "price_fair": 169.4,
            "eps_avg_yearly": 4.84,
            "eps_latest_yearly": 4.84,
            "eps_growth_yearly": 380.65
        },
        "20134": {
            "year_quarter": 20134,
            "year": 2013,
            "quarter": 4,
            "eps": 1.82,
            "eps_growth_year": null,
            "eps_4q": 3.49,
            "eps_4q_growth_year": null,
            "roe": 25.29,
            "roe_4q": 57.15,
            "gross_profit": 10902357,
            "gross_margin": 52.75,
            "gross_margin_4q_avg": 30.8,
            "net_income": 11050905,
            "net_income_4q": null,
            "revenue": 20668883,
            "revenue_4q": null,
            "common_shares": 60659770,
            "book_valuer_per_share": 8.13,
            "book_valuer_per_share_4q_avg": 5.84,
            "equity": 49439589,
            "current_ratio": 90.21,
            "debt_ratio": 51.71,
            "inventory_turnover_ratio": 2.6,
            "account_receivable_turnover_ratio": 1.57,
            "reinvestment_rate": null,
            "research_to_sale_ratio": 0.48,
            "price_fair": 212.1,
            "eps_avg_yearly": 6.06,
            "eps_latest_yearly": 7.28,
            "eps_growth_yearly": 291.15
        },
        "20141": {
            "year_quarter": 20141,
            "year": 2014,
            "quarter": 1,
            "eps": 1.85,
            "eps_growth_year": null,
            "eps_4q": 5.41,
            "eps_4q_growth_year": null,
            "roe": 20.35,
            "roe_4q": 80.35,
            "gross_profit": 10933367,
            "gross_margin": 54.06,
            "gross_margin_4q_avg": 45.09,
            "net_income": 11245775,
            "net_income_4q": null,
            "revenue": 20224291,
            "revenue_4q": null,
            "common_shares": 60905610,
            "book_valuer_per_share": 10.02,
            "book_valuer_per_share_4q_avg": 7.37,
            "equity": 61098746,
            "current_ratio": 118.34,
            "debt_ratio": 45.51,
            "inventory_turnover_ratio": 2.7,
            "account_receivable_turnover_ratio": 1.44,
            "reinvestment_rate": null,
            "research_to_sale_ratio": 0.68,
            "price_fair": 227.73,
            "eps_avg_yearly": 6.51,
            "eps_latest_yearly": 7.4,
            "eps_growth_yearly": 196.3
        },
        "20142": {
            "year_quarter": 20142,
            "year": 2014,
            "quarter": 2,
            "eps": 1.68,
            "eps_growth_year": 170.97,
            "eps_4q": 6.11,
            "eps_4q_growth_year": null,
            "roe": 14.52,
            "roe_4q": 81.43,
            "gross_profit": 12021317,
            "gross_margin": 56.04,
            "gross_margin_4q_avg": 52.01,
            "net_income": 10614912,
            "net_income_4q": null,
            "revenue": 21449966,
            "revenue_4q": null,
            "common_shares": 64992960,
            "book_valuer_per_share": 13.02,
            "book_valuer_per_share_4q_avg": 9.36,
            "equity": 85067909,
            "current_ratio": 154.28,
            "debt_ratio": 35.34,
            "inventory_turnover_ratio": 3.08,
            "account_receivable_turnover_ratio": 1.55,
            "reinvestment_rate": null,
            "research_to_sale_ratio": 1.09,
            "price_fair": 229.6,
            "eps_avg_yearly": 6.56,
            "eps_latest_yearly": 6.72,
            "eps_growth_yearly": 138.03
        },
        "20143": {
            "year_quarter": 20143,
            "year": 2014,
            "quarter": 3,
            "eps": 1.78,
            "eps_growth_year": 47.11,
            "eps_4q": 6.81,
            "eps_4q_growth_year": 540.37,
            "roe": 12.79,
            "roe_4q": 72.94999999999999,
            "gross_profit": 10824390,
            "gross_margin": 53.41,
            "gross_margin_4q_avg": 54.07,
            "net_income": 11629098,
            "net_income_4q": null,
            "revenue": 20267349,
            "revenue_4q": null,
            "common_shares": 65341440,
            "book_valuer_per_share": 14.81,
            "book_valuer_per_share_4q_avg": 11.5,
            "equity": 96821527,
            "current_ratio": 211.7,
            "debt_ratio": 25.72,
            "inventory_turnover_ratio": 3.48,
            "account_receivable_turnover_ratio": 1.43,
            "reinvestment_rate": -381.58,
            "research_to_sale_ratio": 1.16,
            "price_fair": 233.52,
            "eps_avg_yearly": 6.67,
            "eps_latest_yearly": 7.12,
            "eps_growth_yearly": 115.19
        },
        "20144": {
            "year_quarter": 20144,
            "year": 2014,
            "quarter": 4,
            "eps": 2.96,
            "eps_growth_year": 63.17,
            "eps_4q": 8.08,
            "eps_4q_growth_year": 131.7,
            "roe": 18.21,
            "roe_4q": 65.87,
            "gross_profit": 11352469,
            "gross_margin": 55.03,
            "gross_margin_4q_avg": 54.64,
            "net_income": 19422982,
            "net_income_4q": null,
            "revenue": 20629360,
            "revenue_4q": null,
            "common_shares": 65376910,
            "book_valuer_per_share": 17.79,
            "book_valuer_per_share_4q_avg": 13.91,
            "equity": 116487841,
            "current_ratio": 328.92,
            "debt_ratio": 15.37,
            "inventory_turnover_ratio": 3.43,
            "account_receivable_turnover_ratio": 1.46,
            "reinvestment_rate": -125.2,
            "research_to_sale_ratio": 2.05,
            "price_fair": 263.67,
            "eps_avg_yearly": 7.53,
            "eps_latest_yearly": 11.84,
            "eps_growth_yearly": 140.19
        },
        "20151": {
            "year_quarter": 20151,
            "year": 2015,
            "quarter": 1,
            "eps": 1.11,
            "eps_growth_year": -40,
            "eps_4q": 7.45,
            "eps_4q_growth_year": 37.7,
            "roe": 6.05,
            "roe_4q": 51.56999999999999,
            "gross_profit": 9190452,
            "gross_margin": 49.8,
            "gross_margin_4q_avg": 53.57,
            "net_income": 7268929,
            "net_income_4q": null,
            "revenue": 18453812,
            "revenue_4q": null,
            "common_shares": 65477970,
            "book_valuer_per_share": 18.9,
            "book_valuer_per_share_4q_avg": 16.13,
            "equity": 123973580,
            "current_ratio": 361.13,
            "debt_ratio": 13.03,
            "inventory_turnover_ratio": 3.02,
            "account_receivable_turnover_ratio": 1.14,
            "reinvestment_rate": -83.94,
            "research_to_sale_ratio": 2.18,
            "price_fair": 248.2,
            "eps_avg_yearly": 7.09,
            "eps_latest_yearly": 4.44,
            "eps_growth_yearly": 84.44
        },
        "20152": {
            "year_quarter": 20152,
            "year": 2015,
            "quarter": 2,
            "eps": 0.7,
            "eps_growth_year": -58.33,
            "eps_4q": 6.54,
            "eps_4q_growth_year": 6.96,
            "roe": 3.63,
            "roe_4q": 40.68,
            "gross_profit": 5962172,
            "gross_margin": 36.7,
            "gross_margin_4q_avg": 48.74,
            "net_income": 4588350,
            "net_income_4q": null,
            "revenue": 16244585,
            "revenue_4q": null,
            "common_shares": 65585740,
            "book_valuer_per_share": 19.61,
            "book_valuer_per_share_4q_avg": 17.78,
            "equity": 128627317,
            "current_ratio": 512.1,
            "debt_ratio": 8.8,
            "inventory_turnover_ratio": 3.05,
            "account_receivable_turnover_ratio": 1.14,
            "reinvestment_rate": -56.52,
            "research_to_sale_ratio": 1.26,
            "price_fair": 229.43,
            "eps_avg_yearly": 6.56,
            "eps_latest_yearly": 2.8,
            "eps_growth_yearly": 55.42
        },
        "20153": {
            "year_quarter": 20153,
            "year": 2015,
            "quarter": 3,
            "eps": 0.88,
            "eps_growth_year": -50.56,
            "eps_4q": 5.65,
            "eps_4q_growth_year": -17.05,
            "roe": 4.39,
            "roe_4q": 32.28,
            "gross_profit": 4082335,
            "gross_margin": 28.17,
            "gross_margin_4q_avg": 42.43,
            "net_income": 5773519,
            "net_income_4q": null,
            "revenue": 14490329,
            "revenue_4q": null,
            "common_shares": 65597510,
            "book_valuer_per_share": 20.49,
            "book_valuer_per_share_4q_avg": 19.2,
            "equity": 134452752,
            "current_ratio": 293.64,
            "debt_ratio": 12.52,
            "inventory_turnover_ratio": 2.87,
            "account_receivable_turnover_ratio": 1.45,
            "reinvestment_rate": -13.88,
            "research_to_sale_ratio": 0.92,
            "price_fair": 217.62,
            "eps_avg_yearly": 6.22,
            "eps_latest_yearly": 3.52,
            "eps_growth_yearly": 60.69
        },
        "20154": {
            "year_quarter": 20154,
            "year": 2015,
            "quarter": 4,
            "eps": 0.07,
            "eps_growth_year": -97.71,
            "eps_4q": 2.74,
            "eps_4q_growth_year": -66.04,
            "roe": 0.33,
            "roe_4q": 14.399999999999999,
            "gross_profit": 826991,
            "gross_margin": 7.15,
            "gross_margin_4q_avg": 30.46,
            "net_income": 446623,
            "net_income_4q": null,
            "revenue": 11573597,
            "revenue_4q": null,
            "common_shares": 65602860,
            "book_valuer_per_share": 20.58,
            "book_valuer_per_share_4q_avg": 19.9,
            "equity": 135322275,
            "current_ratio": 332.76,
            "debt_ratio": 14.29,
            "inventory_turnover_ratio": 2.51,
            "account_receivable_turnover_ratio": 1.26,
            "reinvestment_rate": 16.49,
            "research_to_sale_ratio": 0.9,
            "price_fair": 156.37,
            "eps_avg_yearly": 5.62,
            "eps_latest_yearly": 0.28,
            "eps_growth_yearly": 17.8
        },
        "20161": {
            "year_quarter": 20161,
            "year": 2016,
            "quarter": 1,
            "eps": -0.24,
            "eps_growth_year": -121.62,
            "eps_4q": 1.4,
            "eps_4q_growth_year": -81.19,
            "roe": -1.16,
            "roe_4q": 7.1899999999999995,
            "gross_profit": -728527,
            "gross_margin": -6.74,
            "gross_margin_4q_avg": 16.32,
            "net_income": -1560728,
            "net_income_4q": null,
            "revenue": 10813067,
            "revenue_4q": null,
            "common_shares": 65763570,
            "book_valuer_per_share": 20.35,
            "book_valuer_per_share_4q_avg": 20.26,
            "equity": 133990767,
            "current_ratio": 267.64,
            "debt_ratio": 15.22,
            "inventory_turnover_ratio": 2.38,
            "account_receivable_turnover_ratio": 1.24,
            "reinvestment_rate": 29.69,
            "research_to_sale_ratio": 1.01,
            "price_fair": 156.37,
            "eps_avg_yearly": 5.62,
            "eps_latest_yearly": 0.28,
            "eps_growth_yearly": 17.8
        },
        "20162": {
            "year_quarter": 20162,
            "year": 2016,
            "quarter": 2,
            "eps": -0.29,
            "eps_growth_year": -141.43,
            "eps_4q": 0.42,
            "eps_4q_growth_year": -93.5,
            "roe": -1.43,
            "roe_4q": 2.13,
            "gross_profit": -372989,
            "gross_margin": -3.22,
            "gross_margin_4q_avg": 6.34,
            "net_income": -1887132,
            "net_income_4q": null,
            "revenue": 11583648,
            "revenue_4q": null,
            "common_shares": 65858600,
            "book_valuer_per_share": 19.97,
            "book_valuer_per_share_4q_avg": 20.35,
            "equity": 130285537,
            "current_ratio": 187.15,
            "debt_ratio": 16.86,
            "inventory_turnover_ratio": 2.39,
            "account_receivable_turnover_ratio": 1.3,
            "reinvestment_rate": 40.42,
            "research_to_sale_ratio": 0.87,
            "price_fair": 156.37,
            "eps_avg_yearly": 5.62,
            "eps_latest_yearly": 0.28,
            "eps_growth_yearly": 17.8
        },
        "20163": {
            "year_quarter": 20163,
            "year": 2016,
            "quarter": 3,
            "eps": 0.14,
            "eps_growth_year": -84.09,
            "eps_4q": -0.32,
            "eps_4q_growth_year": -105.74,
            "roe": 0.68,
            "roe_4q": -1.5799999999999996,
            "gross_profit": 1682379,
            "gross_margin": 12.11,
            "gross_margin_4q_avg": 2.33,
            "net_income": 885967,
            "net_income_4q": null,
            "revenue": 13891683,
            "revenue_4q": null,
            "common_shares": 65864650,
            "book_valuer_per_share": 20.1,
            "book_valuer_per_share_4q_avg": 20.25,
            "equity": 131178859,
            "current_ratio": 234.06,
            "debt_ratio": 15.06,
            "inventory_turnover_ratio": 2.37,
            "account_receivable_turnover_ratio": 1.4,
            "reinvestment_rate": 42.24,
            "research_to_sale_ratio": 0.66,
            "price_fair": 156.37,
            "eps_avg_yearly": 5.62,
            "eps_latest_yearly": 0.28,
            "eps_growth_yearly": 17.8
        }
    },
    "months": {
        "2005-04": {
            "month": "2005-04",
            "price": "26.15",
            "revenue": 1451100
        },
        "2005-05": {
            "month": "2005-05",
            "price": "26.97",
            "revenue": 1397143
        },
        "2005-06": {
            "month": "2005-06",
            "price": "27.64",
            "revenue": 1815441
        },
        "2005-07": {
            "month": "2005-07",
            "price": "30.40",
            "revenue": 2081265
        },
        "2005-08": {
            "month": "2005-08",
            "price": "33.11",
            "revenue": 2213903
        },
        "2005-09": {
            "month": "2005-09",
            "price": "31.42",
            "revenue": 2177059
        },
        "2005-10": {
            "month": "2005-10",
            "price": "30.75",
            "revenue": 2513697
        },
        "2005-11": {
            "month": "2005-11",
            "price": "29.34",
            "revenue": 2132159
        },
        "2005-12": {
            "month": "2005-12",
            "price": "29.65",
            "revenue": 2339432
        },
        "2006-01": {
            "month": "2006-01",
            "price": "36.43",
            "revenue": 2300970
        },
        "2006-02": {
            "month": "2006-02",
            "price": "35.14",
            "revenue": 2893392
        },
        "2006-03": {
            "month": "2006-03",
            "price": "29.00",
            "revenue": 3344650
        },
        "2006-04": {
            "month": "2006-04",
            "price": "35.47",
            "revenue": 3465871
        },
        "2006-05": {
            "month": "2006-05",
            "price": "34.94",
            "revenue": 3511851
        },
        "2006-06": {
            "month": "2006-06",
            "price": "30.04",
            "revenue": 3411718
        },
        "2006-07": {
            "month": "2006-07",
            "price": "34.11",
            "revenue": 3427043
        },
        "2006-08": {
            "month": "2006-08",
            "price": "32.89",
            "revenue": 3433026
        },
        "2006-09": {
            "month": "2006-09",
            "price": "33.46",
            "revenue": 3293885
        },
        "2006-10": {
            "month": "2006-10",
            "price": "32.31",
            "revenue": 3910006
        },
        "2006-11": {
            "month": "2006-11",
            "price": "37.33",
            "revenue": 3456524
        },
        "2006-12": {
            "month": "2006-12",
            "price": "38.56",
            "revenue": 4332774
        },
        "2007-01": {
            "month": "2007-01",
            "price": "37.67",
            "revenue": 4710715
        },
        "2007-02": {
            "month": "2007-02",
            "price": "36.63",
            "revenue": 3897858
        },
        "2007-03": {
            "month": "2007-03",
            "price": "37.41",
            "revenue": 3661554
        },
        "2007-04": {
            "month": "2007-04",
            "price": "38.04",
            "revenue": 3798246
        },
        "2007-05": {
            "month": "2007-05",
            "price": "38.17",
            "revenue": 3480343
        },
        "2007-06": {
            "month": "2007-06",
            "price": "40.61",
            "revenue": 3566604
        },
        "2007-07": {
            "month": "2007-07",
            "price": "42.38",
            "revenue": 4066928
        },
        "2007-08": {
            "month": "2007-08",
            "price": "35.72",
            "revenue": 4511362
        },
        "2007-09": {
            "month": "2007-09",
            "price": "32.36",
            "revenue": 4111632
        },
        "2007-10": {
            "month": "2007-10",
            "price": "31.89",
            "revenue": 3904768
        },
        "2007-11": {
            "month": "2007-11",
            "price": "27.07",
            "revenue": 2978704
        },
        "2007-12": {
            "month": "2007-12",
            "price": "26.39",
            "revenue": 3175834
        },
        "2008-01": {
            "month": "2008-01",
            "price": "24.93",
            "revenue": 2748322
        },
        "2008-02": {
            "month": "2008-02",
            "price": "26.31",
            "revenue": 2989055
        },
        "2008-03": {
            "month": "2008-03",
            "price": "26.99",
            "revenue": 3064652
        },
        "2008-04": {
            "month": "2008-04",
            "price": "27.65",
            "revenue": 2759170
        },
        "2008-05": {
            "month": "2008-05",
            "price": "25.34",
            "revenue": 3310015
        },
        "2008-06": {
            "month": "2008-06",
            "price": "20.66",
            "revenue": 3629767
        },
        "2008-07": {
            "month": "2008-07",
            "price": "15.52",
            "revenue": 3764096
        },
        "2008-08": {
            "month": "2008-08",
            "price": "13.35",
            "revenue": 3665901
        },
        "2008-09": {
            "month": "2008-09",
            "price": "9.85",
            "revenue": 3355770
        },
        "2008-10": {
            "month": "2008-10",
            "price": "9.22",
            "revenue": 3220312
        },
        "2008-11": {
            "month": "2008-11",
            "price": "7.12",
            "revenue": 3061028
        },
        "2008-12": {
            "month": "2008-12",
            "price": "7.54",
            "revenue": 1971530
        },
        "2009-01": {
            "month": "2009-01",
            "price": "9.25",
            "revenue": 2256929
        },
        "2009-02": {
            "month": "2009-02",
            "price": "12.38",
            "revenue": 2291880
        },
        "2009-03": {
            "month": "2009-03",
            "price": "11.84",
            "revenue": 1806353
        },
        "2009-04": {
            "month": "2009-04",
            "price": "15.65",
            "revenue": 2386798
        },
        "2009-05": {
            "month": "2009-05",
            "price": "18.03",
            "revenue": 2500299
        },
        "2009-06": {
            "month": "2009-06",
            "price": "14.74",
            "revenue": 2575259
        },
        "2009-07": {
            "month": "2009-07",
            "price": "16.77",
            "revenue": 2879311
        },
        "2009-08": {
            "month": "2009-08",
            "price": "16.80",
            "revenue": 3179847
        },
        "2009-09": {
            "month": "2009-09",
            "price": "19.74",
            "revenue": 3480354
        },
        "2009-10": {
            "month": "2009-10",
            "price": "20.89",
            "revenue": 3759782
        },
        "2009-11": {
            "month": "2009-11",
            "price": "20.71",
            "revenue": 4318555
        },
        "2009-12": {
            "month": "2009-12",
            "price": "22.04",
            "revenue": 4668220
        },
        "2010-01": {
            "month": "2010-01",
            "price": "26.02",
            "revenue": 4018940
        },
        "2010-02": {
            "month": "2010-02",
            "price": "22.34",
            "revenue": 3359639
        },
        "2010-03": {
            "month": "2010-03",
            "price": "24.77",
            "revenue": 4139814
        },
        "2010-04": {
            "month": "2010-04",
            "price": "23.81",
            "revenue": 4257538
        },
        "2010-05": {
            "month": "2010-05",
            "price": "19.97",
            "revenue": 3911635
        },
        "2010-06": {
            "month": "2010-06",
            "price": "19.45",
            "revenue": 3088769
        },
        "2010-07": {
            "month": "2010-07",
            "price": "17.88",
            "revenue": 3160235
        },
        "2010-08": {
            "month": "2010-08",
            "price": "17.14",
            "revenue": 3205313
        },
        "2010-09": {
            "month": "2010-09",
            "price": "16.50",
            "revenue": 3597546
        },
        "2010-10": {
            "month": "2010-10",
            "price": "15.63",
            "revenue": 2902821
        },
        "2010-11": {
            "month": "2010-11",
            "price": "13.68",
            "revenue": 2696201
        },
        "2010-12": {
            "month": "2010-12",
            "price": "14.14",
            "revenue": 3115568
        },
        "2011-01": {
            "month": "2011-01",
            "price": "16.47",
            "revenue": 3221886
        },
        "2011-02": {
            "month": "2011-02",
            "price": "16.95",
            "revenue": 2735602
        },
        "2011-03": {
            "month": "2011-03",
            "price": "14.79",
            "revenue": 3628567
        },
        "2011-04": {
            "month": "2011-04",
            "price": "14.79",
            "revenue": 3199280
        },
        "2011-05": {
            "month": "2011-05",
            "price": "13.27",
            "revenue": 3669424
        },
        "2011-06": {
            "month": "2011-06",
            "price": "10.77",
            "revenue": 3288390
        },
        "2011-07": {
            "month": "2011-07",
            "price": "8.18",
            "revenue": 2977899
        },
        "2011-08": {
            "month": "2011-08",
            "price": "6.38",
            "revenue": 3083773
        },
        "2011-09": {
            "month": "2011-09",
            "price": "6.69",
            "revenue": 2882261
        },
        "2011-10": {
            "month": "2011-10",
            "price": "5.76",
            "revenue": 2991813
        },
        "2011-11": {
            "month": "2011-11",
            "price": "4.20",
            "revenue": 2897596
        },
        "2011-12": {
            "month": "2011-12",
            "price": "4.36",
            "revenue": 2808650
        },
        "2012-01": {
            "month": "2012-01",
            "price": "5.11",
            "revenue": 2816398
        },
        "2012-02": {
            "month": "2012-02",
            "price": "6.66",
            "revenue": 2589559
        },
        "2012-03": {
            "month": "2012-03",
            "price": "8.30",
            "revenue": 2518703
        },
        "2012-04": {
            "month": "2012-04",
            "price": "7.72",
            "revenue": 3000360
        },
        "2012-05": {
            "month": "2012-05",
            "price": "7.85",
            "revenue": 3291718
        },
        "2012-06": {
            "month": "2012-06",
            "price": "7.16",
            "revenue": 3272401
        },
        "2012-07": {
            "month": "2012-07",
            "price": "6.13",
            "revenue": 3036196
        },
        "2012-08": {
            "month": "2012-08",
            "price": "5.47",
            "revenue": 2859388
        },
        "2012-09": {
            "month": "2012-09",
            "price": "5.05",
            "revenue": 2798794
        },
        "2012-10": {
            "month": "2012-10",
            "price": "4.31",
            "revenue": 2959263
        },
        "2012-11": {
            "month": "2012-11",
            "price": "2.62",
            "revenue": 2970834
        },
        "2012-12": {
            "month": "2012-12",
            "price": "3.44",
            "revenue": 3182373
        },
        "2013-01": {
            "month": "2013-01",
            "price": "4.47",
            "revenue": 2656341
        },
        "2013-02": {
            "month": "2013-02",
            "price": "5.71",
            "revenue": 2532680
        },
        "2013-03": {
            "month": "2013-03",
            "price": "7.14",
            "revenue": 3443439
        },
        "2013-04": {
            "month": "2013-04",
            "price": "10.27",
            "revenue": 3445015
        },
        "2013-05": {
            "month": "2013-05",
            "price": "10.81",
            "revenue": 4153560
        },
        "2013-06": {
            "month": "2013-06",
            "price": "14.55",
            "revenue": 5148302
        },
        "2013-07": {
            "month": "2013-07",
            "price": "14.14",
            "revenue": 5396936
        },
        "2013-08": {
            "month": "2013-08",
            "price": "12.00",
            "revenue": 5571042
        },
        "2013-09": {
            "month": "2013-09",
            "price": "15.30",
            "revenue": 5976469
        },
        "2013-10": {
            "month": "2013-10",
            "price": "18.45",
            "revenue": 6068083
        },
        "2013-11": {
            "month": "2013-11",
            "price": "20.26",
            "revenue": 6455047
        },
        "2013-12": {
            "month": "2013-12",
            "price": "21.34",
            "revenue": 8145753
        },
        "2014-01": {
            "month": "2014-01",
            "price": "24.68",
            "revenue": 7218157
        },
        "2014-02": {
            "month": "2014-02",
            "price": "25.39",
            "revenue": 6021540
        },
        "2014-03": {
            "month": "2014-03",
            "price": "24.29",
            "revenue": 6984594
        },
        "2014-04": {
            "month": "2014-04",
            "price": "27.05",
            "revenue": 7006358
        },
        "2014-05": {
            "month": "2014-05",
            "price": "36.25",
            "revenue": 7488813
        },
        "2014-06": {
            "month": "2014-06",
            "price": "51.89",
            "revenue": 6954795
        },
        "2014-07": {
            "month": "2014-07",
            "price": "57.69",
            "revenue": 6654616
        },
        "2014-08": {
            "month": "2014-08",
            "price": "49.22",
            "revenue": 6712301
        },
        "2014-09": {
            "month": "2014-09",
            "price": "44.97",
            "revenue": 6900432
        },
        "2014-10": {
            "month": "2014-10",
            "price": "43.50",
            "revenue": 6716882
        },
        "2014-11": {
            "month": "2014-11",
            "price": "45.81",
            "revenue": 6995664
        },
        "2014-12": {
            "month": "2014-12",
            "price": "47.15",
            "revenue": 6916814
        },
        "2015-01": {
            "month": "2015-01",
            "price": "47.29",
            "revenue": 6705003
        },
        "2015-02": {
            "month": "2015-02",
            "price": "46.23",
            "revenue": 5877547
        },
        "2015-03": {
            "month": "2015-03",
            "price": "43.58",
            "revenue": 5871262
        },
        "2015-04": {
            "month": "2015-04",
            "price": "38.95",
            "revenue": 5831467
        },
        "2015-05": {
            "month": "2015-05",
            "price": "33.99",
            "revenue": 5162133
        },
        "2015-06": {
            "month": "2015-06",
            "price": "29.75",
            "revenue": 5250985
        },
        "2015-07": {
            "month": "2015-07",
            "price": "20.91",
            "revenue": 5163816
        },
        "2015-08": {
            "month": "2015-08",
            "price": "18.50",
            "revenue": 4778312
        },
        "2015-09": {
            "month": "2015-09",
            "price": "22.24",
            "revenue": 4548201
        },
        "2015-10": {
            "month": "2015-10",
            "price": "23.66",
            "revenue": 4434120
        },
        "2015-11": {
            "month": "2015-11",
            "price": "24.35",
            "revenue": 3508349
        }
    }
}
