{
    "summary": {
        "stock_name": "安勤",
        "stock_id": "3479",
        "category": "電腦及週邊設備",
        "main_business": "單板電腦<br>系統產品<br>產業電腦週邊",
        "website_url": "http://www.avalue.com.tw",
        "ceo": "張嘉哲",
        "pe_ratio": 14,
        "report_year_from": 2004,
        "report_year_to": 2023,
        "age": 19,
        "eps_negative_percentage": 0,
        "eps_growth_avg": {
            "last_all": 21.53,
            "last_2y": 13.21,
            "last_4y": 26.7,
            "last_8y": 14.74,
            "last_12y": 15.49,
            "last_16y": null,
            "last_20y": null,
            "at_2006_last_3y": null,
            "at_2007_last_3y": null,
            "at_2008_last_3y": null,
            "at_2009_last_3y": null,
            "at_2010_last_3y": null,
            "at_2011_last_3y": null,
            "at_2012_last_3y": 48.43,
            "at_2013_last_3y": 17.18,
            "at_2014_last_3y": 7.48,
            "at_2015_last_3y": 19.44,
            "at_2016_last_3y": 0.99,
            "at_2017_last_3y": -0.21,
            "at_2018_last_3y": 2.73,
            "at_2019_last_3y": 18.26,
            "at_2020_last_3y": 3.17,
            "at_2021_last_3y": 8.37,
            "at_2022_last_3y": 31.79,
            "at_2023_last_3y": 31.79,
            "at_2006_last_all": null,
            "at_2007_last_all": null,
            "at_2008_last_all": null,
            "at_2009_last_all": null,
            "at_2010_last_all": 66.67,
            "at_2011_last_all": 36.98,
            "at_2012_last_all": 48.43,
            "at_2013_last_all": 33.74,
            "at_2014_last_all": 27.21,
            "at_2015_last_all": 26.96,
            "at_2016_last_all": 24.71,
            "at_2017_last_all": 18.65,
            "at_2018_last_all": 17.42,
            "at_2019_last_all": 23.79,
            "at_2020_last_all": 17.53,
            "at_2021_last_all": 15.49,
            "at_2022_last_all": 21.53,
            "at_2023_last_all": 21.53
        },
        "latest_eps": 8.95,
        "latest_price": 122,
        "latest_roe": 25.66,
        "latest_gross_margin": 27.6,
        "latest_equity": 3010828,
        "latest_revenue": 2084459,
        "latest_gross_profit": 575298,
        "latest_net_income": 203009,
        "latest_debt_ratio": 47.87,
        "latest_current_ratio": 171.58,
        "latest_account_receivable_turnover_ratio": 1.56,
        "latest_inventory_turnover_ratio": 0.86,
        "latest_reinvestment_rate": -14.55,
        "latest_research_to_sale_ratio": 2.4
    },
    "eps_dividends": {
        "2001": {
            "cash": 0,
            "stock": 0,
            "eps": 0
        },
        "2002": {
            "cash": 0,
            "stock": 0,
            "eps": 0
        },
        "2003": {
            "cash": 0,
            "stock": 0,
            "eps": 0
        },
        "2004": {
            "cash": 0,
            "stock": 0,
            "eps": 0
        },
        "2005": {
            "cash": 0,
            "stock": 0,
            "eps": 0
        },
        "2006": {
            "cash": 0,
            "stock": 1,
            "eps": 0
        },
        "2007": {
            "cash": 0,
            "stock": 1,
            "eps": 0
        },
        "2008": {
            "cash": 3,
            "stock": 1,
            "eps": 1.21
        },
        "2009": {
            "cash": 2,
            "stock": 1,
            "eps": 2.58
        },
        "2010": {
            "cash": 2,
            "stock": 0,
            "eps": 3.44
        },
        "2011": {
            "cash": 3,
            "stock": 0,
            "eps": 2.67
        },
        "2012": {
            "cash": 2,
            "stock": 0,
            "eps": 4.88
        },
        "2013": {
            "cash": 4,
            "stock": 0,
            "eps": 3.66
        },
        "2014": {
            "cash": 3,
            "stock": 0,
            "eps": 3.46
        },
        "2015": {
            "cash": 3,
            "stock": 0,
            "eps": 4.34
        },
        "2016": {
            "cash": 4,
            "stock": 0,
            "eps": 4.73
        },
        "2017": {
            "cash": 4,
            "stock": 0,
            "eps": 3.32
        },
        "2018": {
            "cash": 3,
            "stock": 0,
            "eps": 3.53
        },
        "2019": {
            "cash": 3,
            "stock": 0,
            "eps": 6.62
        },
        "2020": {
            "cash": 4,
            "stock": 0,
            "eps": 3.22
        },
        "2021": {
            "cash": 3,
            "stock": 0,
            "eps": 2.93
        },
        "2022": {
            "cash": 3,
            "stock": 0,
            "eps": 7.89
        },
        "2023": {
            "cash": 5,
            "stock": 0,
            "eps": 2.56
        }
    },
    "dividends": {
        "2006-04-19": {
            "cash": 0,
            "stock": 1.46
        },
        "2007-04-19": {
            "cash": 0,
            "stock": 0.83
        },
        "2008-04-08": {
            "cash": 2.5,
            "stock": 0.55
        },
        "2009-03-24": {
            "cash": 1.5,
            "stock": 0.5
        },
        "2010-03-15": {
            "cash": 1.96,
            "stock": 0.09
        },
        "2011-03-17": {
            "cash": 2.8,
            "stock": 0
        },
        "2012-06-05": {
            "cash": 2.3,
            "stock": 0
        },
        "2013-06-20": {
            "cash": 3.5,
            "stock": 0
        },
        "2014-06-11": {
            "cash": 3,
            "stock": 0
        },
        "2015-07-29": {
            "cash": 2.8,
            "stock": 0
        },
        "2016-07-29": {
            "cash": 3.55,
            "stock": 0
        },
        "2017-07-28": {
            "cash": 3.6,
            "stock": 0
        },
        "2018-07-31": {
            "cash": 2.6,
            "stock": 0
        },
        "2019-07-31": {
            "cash": 2.6,
            "stock": 0
        },
        "2020-07-31": {
            "cash": 4,
            "stock": 0
        },
        "2021-07-23": {
            "cash": 2.6,
            "stock": 0
        },
        "2022-07-22": {
            "cash": 2.6,
            "stock": 0
        },
        "2023-03-29": {
            "cash": 5,
            "stock": 0
        }
    },
    "prices": {
        "200101": "無",
        "200102": "無",
        "200103": "無",
        "200104": "無",
        "200105": "無",
        "200106": "無",
        "200107": "無",
        "200108": "無",
        "200109": "無",
        "200110": "無",
        "200111": "無",
        "200112": "無",
        "200201": "無",
        "200202": "無",
        "200203": "無",
        "200204": "無",
        "200205": "無",
        "200206": "無",
        "200207": "無",
        "200208": "無",
        "200209": "無",
        "200210": "無",
        "200211": "無",
        "200212": "無",
        "200301": "無",
        "200302": "無",
        "200303": "無",
        "200304": "無",
        "200305": "無",
        "200306": "無",
        "200307": "無",
        "200308": "無",
        "200309": "無",
        "200310": "無",
        "200311": "無",
        "200312": "無",
        "200401": "無",
        "200402": "無",
        "200403": "無",
        "200404": "無",
        "200405": "無",
        "200406": "無",
        "200407": "無",
        "200408": "無",
        "200409": "無",
        "200410": "無",
        "200411": "無",
        "200412": "無",
        "200501": "無",
        "200502": "無",
        "200503": "無",
        "200504": "無",
        "200505": "無",
        "200506": "無",
        "200507": "無",
        "200508": "無",
        "200509": "無",
        "200510": "無",
        "200511": "無",
        "200512": "無",
        "200601": "無",
        "200602": "無",
        "200603": "無",
        "200604": "無",
        "200605": "無",
        "200606": "無",
        "200607": "無",
        "200608": "無",
        "200609": "無",
        "200610": "無",
        "200611": "無",
        "200612": "無",
        "200701": "無",
        "200702": "無",
        "200703": "無",
        "200704": "無",
        "200705": "無",
        "200706": "無",
        "200707": "無",
        "200708": "無",
        "200709": "無",
        "200710": "52.77",
        "200711": "50.40",
        "200712": "49.16",
        "200801": "47.94",
        "200802": "51.02",
        "200803": "51.10",
        "200804": "48.39",
        "200805": "38.59",
        "200806": "44.85",
        "200807": "44.95",
        "200808": "35.56",
        "200809": "36.39",
        "200810": "29.87",
        "200811": "26.30",
        "200812": "23.31",
        "200901": "23.80",
        "200902": "20.73",
        "200903": "22.06",
        "200904": "28.08",
        "200905": "31.39",
        "200906": "32.12",
        "200907": "34.25",
        "200908": "37.91",
        "200909": "37.57",
        "200910": "44.16",
        "200911": "42.97",
        "200912": "43.04",
        "201001": "44.16",
        "201002": "42.11",
        "201003": "41.60",
        "201004": "46.24",
        "201005": "60.27",
        "201006": "44.08",
        "201007": "43.82",
        "201008": "45.84",
        "201009": "42.47",
        "201010": "41.24",
        "201011": "39.97",
        "201012": "43.66",
        "201101": "43.18",
        "201102": "41.96",
        "201103": "43.56",
        "201104": "51.10",
        "201105": "49.05",
        "201106": "45.38",
        "201107": "41.92",
        "201108": "36.53",
        "201109": "33.98",
        "201110": "32.36",
        "201111": "28.51",
        "201112": "22.24",
        "201201": "24.40",
        "201202": "28.78",
        "201203": "30.25",
        "201204": "31.17",
        "201205": "30.86",
        "201206": "30.67",
        "201207": "30.30",
        "201208": "36.19",
        "201209": "38.16",
        "201210": "37.28",
        "201211": "38.53",
        "201212": "39.98",
        "201301": "40.75",
        "201302": "42.38",
        "201303": "43.78",
        "201304": "42.91",
        "201305": "42.95",
        "201306": "43.48",
        "201307": "43.19",
        "201308": "46.65",
        "201309": "44.47",
        "201310": "43.12",
        "201311": "43.07",
        "201312": "42.97",
        "201401": "47.69",
        "201402": "49.33",
        "201403": "52.45",
        "201404": "49.16",
        "201405": "46.61",
        "201406": "47.47",
        "201407": "45.06",
        "201408": "45.35",
        "201409": "43.64",
        "201410": "43.60",
        "201411": "42.97",
        "201412": "44.52",
        "201501": "45.30",
        "201502": "48.35",
        "201503": "50.76",
        "201504": "48.59",
        "201505": "46.48",
        "201506": "45.54",
        "201507": "41.33",
        "201508": "37.09",
        "201509": "38.17",
        "201510": "44.72",
        "201511": "56.49",
        "201512": "66.37",
        "201601": "66.24",
        "201602": "75.38",
        "201603": "82.61",
        "201604": "82.43",
        "201605": "70.89",
        "201606": "74.57",
        "201607": "67.55",
        "201608": "65.96",
        "201609": "70.48",
        "201610": "67.36",
        "201611": "57.20",
        "201612": "60.81",
        "201701": "59.19",
        "201702": "59.18",
        "201703": "59.77",
        "201704": "57.38",
        "201705": "53.11",
        "201706": "53.15",
        "201707": "52.37",
        "201708": "48.58",
        "201709": "48.64",
        "201710": "49.49",
        "201711": "49.13",
        "201712": "46.22",
        "201801": "47.79",
        "201802": "47.73",
        "201803": "46.58",
        "201804": "46.56",
        "201805": "45.67",
        "201806": "46.23",
        "201807": "41.39",
        "201808": "41.12",
        "201809": "41.25",
        "201810": "37.60",
        "201811": "37.58",
        "201812": "38.80",
        "201901": "43.07",
        "201902": "46.89",
        "201903": "47.57",
        "201904": "47.71",
        "201905": "46.15",
        "201906": "47.93",
        "201907": "54.40",
        "201908": "68.48",
        "201909": "79.92",
        "201910": "83.64",
        "201911": "80.88",
        "201912": "76.60",
        "202001": "77.28",
        "202002": "79.06",
        "202003": "65.70",
        "202004": "64.66",
        "202005": "67.24",
        "202006": "67.44",
        "202007": "61.00",
        "202008": "55.46",
        "202009": "53.46",
        "202010": "51.12",
        "202011": "53.15",
        "202012": "55.03",
        "202101": "53.14",
        "202102": "51.70",
        "202103": "53.53",
        "202104": "58.63",
        "202105": "50.98",
        "202106": "51.99",
        "202107": "54.80",
        "202108": "52.81",
        "202109": "52.23",
        "202110": "49.36",
        "202111": "50.38",
        "202112": "56.36",
        "202201": "55.73",
        "202202": "57.25",
        "202203": "56.11",
        "202204": "62.48",
        "202205": "59.42",
        "202206": "59.07",
        "202207": "63.39",
        "202208": "65.00",
        "202209": "59.01",
        "202210": "55.04",
        "202211": "59.80",
        "202212": "69.76",
        "202301": "82.38",
        "202302": "85.98",
        "202303": "89.11",
        "202304": "100.53",
        "202305": "117.14"
    },
    "quarters": {
        "20011": {
            "year_quarter": 20011,
            "year": 2001,
            "quarter": 1,
            "eps": null,
            "eps_growth_year": null,
            "eps_4q": null,
            "eps_4q_growth_year": null,
            "roe": null,
            "gross_profit": null,
            "gross_margin": null,
            "net_income": null,
            "revenue": null,
            "common_shares": null,
            "equity": null,
            "current_ratio": null,
            "debt_ratio": null,
            "inventory_turnover_ratio": null,
            "account_receivable_turnover_ratio": null,
            "reinvestment_rate": null,
            "research_to_sale_ratio": null,
            "price_fair": 0,
            "eps_avg_yearly": 0,
            "eps_latest_yearly": 0,
            "eps_growth_yearly": 0
        },
        "20012": {
            "year_quarter": 20012,
            "year": 2001,
            "quarter": 2,
            "eps": null,
            "eps_growth_year": null,
            "eps_4q": null,
            "eps_4q_growth_year": null,
            "roe": null,
            "gross_profit": null,
            "gross_margin": null,
            "net_income": null,
            "revenue": null,
            "common_shares": null,
            "equity": null,
            "current_ratio": null,
            "debt_ratio": null,
            "inventory_turnover_ratio": null,
            "account_receivable_turnover_ratio": null,
            "reinvestment_rate": null,
            "research_to_sale_ratio": null,
            "price_fair": 0,
            "eps_avg_yearly": 0,
            "eps_latest_yearly": 0,
            "eps_growth_yearly": 0
        },
        "20013": {
            "year_quarter": 20013,
            "year": 2001,
            "quarter": 3,
            "eps": null,
            "eps_growth_year": null,
            "eps_4q": null,
            "eps_4q_growth_year": null,
            "roe": null,
            "gross_profit": null,
            "gross_margin": null,
            "net_income": null,
            "revenue": null,
            "common_shares": null,
            "equity": null,
            "current_ratio": null,
            "debt_ratio": null,
            "inventory_turnover_ratio": null,
            "account_receivable_turnover_ratio": null,
            "reinvestment_rate": null,
            "research_to_sale_ratio": null,
            "price_fair": 0,
            "eps_avg_yearly": 0,
            "eps_latest_yearly": 0,
            "eps_growth_yearly": 0
        },
        "20014": {
            "year_quarter": 20014,
            "year": 2001,
            "quarter": 4,
            "eps": null,
            "eps_growth_year": null,
            "eps_4q": null,
            "eps_4q_growth_year": null,
            "roe": null,
            "gross_profit": null,
            "gross_margin": null,
            "net_income": null,
            "revenue": null,
            "common_shares": 50000,
            "equity": 69580,
            "current_ratio": 323.71,
            "debt_ratio": 27.44,
            "inventory_turnover_ratio": null,
            "account_receivable_turnover_ratio": null,
            "reinvestment_rate": null,
            "research_to_sale_ratio": null,
            "price_fair": 0,
            "eps_avg_yearly": 0,
            "eps_latest_yearly": 0,
            "eps_growth_yearly": 0
        },
        "20021": {
            "year_quarter": 20021,
            "year": 2002,
            "quarter": 1,
            "eps": null,
            "eps_growth_year": null,
            "eps_4q": null,
            "eps_4q_growth_year": null,
            "roe": null,
            "gross_profit": null,
            "gross_margin": null,
            "net_income": null,
            "revenue": null,
            "common_shares": null,
            "equity": null,
            "current_ratio": null,
            "debt_ratio": null,
            "inventory_turnover_ratio": null,
            "account_receivable_turnover_ratio": null,
            "reinvestment_rate": null,
            "research_to_sale_ratio": null,
            "price_fair": 0,
            "eps_avg_yearly": 0,
            "eps_latest_yearly": 0,
            "eps_growth_yearly": 0
        },
        "20022": {
            "year_quarter": 20022,
            "year": 2002,
            "quarter": 2,
            "eps": null,
            "eps_growth_year": null,
            "eps_4q": null,
            "eps_4q_growth_year": null,
            "roe": null,
            "gross_profit": null,
            "gross_margin": null,
            "net_income": null,
            "revenue": null,
            "common_shares": null,
            "equity": null,
            "current_ratio": null,
            "debt_ratio": null,
            "inventory_turnover_ratio": null,
            "account_receivable_turnover_ratio": null,
            "reinvestment_rate": null,
            "research_to_sale_ratio": null,
            "price_fair": 0,
            "eps_avg_yearly": 0,
            "eps_latest_yearly": 0,
            "eps_growth_yearly": 0
        },
        "20023": {
            "year_quarter": 20023,
            "year": 2002,
            "quarter": 3,
            "eps": null,
            "eps_growth_year": null,
            "eps_4q": null,
            "eps_4q_growth_year": null,
            "roe": null,
            "gross_profit": null,
            "gross_margin": null,
            "net_income": null,
            "revenue": null,
            "common_shares": null,
            "equity": null,
            "current_ratio": null,
            "debt_ratio": null,
            "inventory_turnover_ratio": null,
            "account_receivable_turnover_ratio": null,
            "reinvestment_rate": null,
            "research_to_sale_ratio": null,
            "price_fair": 0,
            "eps_avg_yearly": 0,
            "eps_latest_yearly": 0,
            "eps_growth_yearly": 0
        },
        "20024": {
            "year_quarter": 20024,
            "year": 2002,
            "quarter": 4,
            "eps": null,
            "eps_growth_year": null,
            "eps_4q": null,
            "eps_4q_growth_year": null,
            "roe": null,
            "gross_profit": null,
            "gross_margin": null,
            "net_income": null,
            "revenue": null,
            "common_shares": 84000,
            "equity": 90488,
            "current_ratio": 167.78,
            "debt_ratio": 47.14,
            "inventory_turnover_ratio": null,
            "account_receivable_turnover_ratio": null,
            "reinvestment_rate": null,
            "research_to_sale_ratio": null,
            "price_fair": 0,
            "eps_avg_yearly": 0,
            "eps_latest_yearly": 0,
            "eps_growth_yearly": 0
        },
        "20031": {
            "year_quarter": 20031,
            "year": 2003,
            "quarter": 1,
            "eps": null,
            "eps_growth_year": null,
            "eps_4q": null,
            "eps_4q_growth_year": null,
            "roe": null,
            "gross_profit": null,
            "gross_margin": null,
            "net_income": null,
            "revenue": null,
            "common_shares": null,
            "equity": null,
            "current_ratio": null,
            "debt_ratio": null,
            "inventory_turnover_ratio": null,
            "account_receivable_turnover_ratio": null,
            "reinvestment_rate": null,
            "research_to_sale_ratio": null,
            "price_fair": 0,
            "eps_avg_yearly": 0,
            "eps_latest_yearly": 0,
            "eps_growth_yearly": 0
        },
        "20032": {
            "year_quarter": 20032,
            "year": 2003,
            "quarter": 2,
            "eps": null,
            "eps_growth_year": null,
            "eps_4q": null,
            "eps_4q_growth_year": null,
            "roe": null,
            "gross_profit": null,
            "gross_margin": null,
            "net_income": null,
            "revenue": null,
            "common_shares": null,
            "equity": null,
            "current_ratio": null,
            "debt_ratio": null,
            "inventory_turnover_ratio": null,
            "account_receivable_turnover_ratio": null,
            "reinvestment_rate": null,
            "research_to_sale_ratio": null,
            "price_fair": 0,
            "eps_avg_yearly": 0,
            "eps_latest_yearly": 0,
            "eps_growth_yearly": 0
        },
        "20033": {
            "year_quarter": 20033,
            "year": 2003,
            "quarter": 3,
            "eps": null,
            "eps_growth_year": null,
            "eps_4q": null,
            "eps_4q_growth_year": null,
            "roe": null,
            "gross_profit": null,
            "gross_margin": null,
            "net_income": null,
            "revenue": null,
            "common_shares": null,
            "equity": null,
            "current_ratio": null,
            "debt_ratio": null,
            "inventory_turnover_ratio": null,
            "account_receivable_turnover_ratio": null,
            "reinvestment_rate": null,
            "research_to_sale_ratio": null,
            "price_fair": 0,
            "eps_avg_yearly": 0,
            "eps_latest_yearly": 0,
            "eps_growth_yearly": 0
        },
        "20034": {
            "year_quarter": 20034,
            "year": 2003,
            "quarter": 4,
            "eps": null,
            "eps_growth_year": null,
            "eps_4q": null,
            "eps_4q_growth_year": null,
            "roe": null,
            "gross_profit": null,
            "gross_margin": null,
            "net_income": null,
            "revenue": null,
            "common_shares": 120000,
            "equity": 142128,
            "current_ratio": 192.37,
            "debt_ratio": 43.5,
            "inventory_turnover_ratio": null,
            "account_receivable_turnover_ratio": null,
            "reinvestment_rate": null,
            "research_to_sale_ratio": null,
            "price_fair": 0,
            "eps_avg_yearly": 0,
            "eps_latest_yearly": 0,
            "eps_growth_yearly": 0
        },
        "20041": {
            "year_quarter": 20041,
            "year": 2004,
            "quarter": 1,
            "eps": null,
            "eps_growth_year": null,
            "eps_4q": null,
            "eps_4q_growth_year": null,
            "roe": null,
            "gross_profit": null,
            "gross_margin": null,
            "net_income": null,
            "revenue": null,
            "common_shares": null,
            "equity": null,
            "current_ratio": null,
            "debt_ratio": null,
            "inventory_turnover_ratio": null,
            "account_receivable_turnover_ratio": null,
            "reinvestment_rate": null,
            "research_to_sale_ratio": null,
            "price_fair": 0,
            "eps_avg_yearly": 0,
            "eps_latest_yearly": 0,
            "eps_growth_yearly": 0
        },
        "20042": {
            "year_quarter": 20042,
            "year": 2004,
            "quarter": 2,
            "eps": null,
            "eps_growth_year": null,
            "eps_4q": null,
            "eps_4q_growth_year": null,
            "roe": null,
            "gross_profit": null,
            "gross_margin": null,
            "net_income": null,
            "revenue": null,
            "common_shares": null,
            "equity": null,
            "current_ratio": null,
            "debt_ratio": null,
            "inventory_turnover_ratio": null,
            "account_receivable_turnover_ratio": null,
            "reinvestment_rate": null,
            "research_to_sale_ratio": null,
            "price_fair": 0,
            "eps_avg_yearly": 0,
            "eps_latest_yearly": 0,
            "eps_growth_yearly": 0
        },
        "20043": {
            "year_quarter": 20043,
            "year": 2004,
            "quarter": 3,
            "eps": null,
            "eps_growth_year": null,
            "eps_4q": null,
            "eps_4q_growth_year": null,
            "roe": null,
            "gross_profit": null,
            "gross_margin": null,
            "net_income": null,
            "revenue": null,
            "common_shares": null,
            "equity": null,
            "current_ratio": null,
            "debt_ratio": null,
            "inventory_turnover_ratio": null,
            "account_receivable_turnover_ratio": null,
            "reinvestment_rate": null,
            "research_to_sale_ratio": null,
            "price_fair": 0,
            "eps_avg_yearly": 0,
            "eps_latest_yearly": 0,
            "eps_growth_yearly": 0
        },
        "20044": {
            "year_quarter": 20044,
            "year": 2004,
            "quarter": 4,
            "eps": null,
            "eps_growth_year": null,
            "eps_4q": null,
            "eps_4q_growth_year": null,
            "roe": null,
            "gross_profit": null,
            "gross_margin": null,
            "net_income": null,
            "revenue": null,
            "common_shares": 190000,
            "equity": 237810,
            "current_ratio": 202.55,
            "debt_ratio": 44.54,
            "inventory_turnover_ratio": null,
            "account_receivable_turnover_ratio": null,
            "reinvestment_rate": null,
            "research_to_sale_ratio": null,
            "price_fair": 0,
            "eps_avg_yearly": 0,
            "eps_latest_yearly": 0,
            "eps_growth_yearly": 0
        },
        "20051": {
            "year_quarter": 20051,
            "year": 2005,
            "quarter": 1,
            "eps": null,
            "eps_growth_year": null,
            "eps_4q": null,
            "eps_4q_growth_year": null,
            "roe": null,
            "gross_profit": null,
            "gross_margin": null,
            "net_income": null,
            "revenue": null,
            "common_shares": null,
            "equity": null,
            "current_ratio": null,
            "debt_ratio": null,
            "inventory_turnover_ratio": null,
            "account_receivable_turnover_ratio": null,
            "reinvestment_rate": null,
            "research_to_sale_ratio": null,
            "price_fair": 0,
            "eps_avg_yearly": 0,
            "eps_latest_yearly": 0,
            "eps_growth_yearly": 0
        },
        "20052": {
            "year_quarter": 20052,
            "year": 2005,
            "quarter": 2,
            "eps": null,
            "eps_growth_year": null,
            "eps_4q": null,
            "eps_4q_growth_year": null,
            "roe": null,
            "gross_profit": null,
            "gross_margin": null,
            "net_income": null,
            "revenue": null,
            "common_shares": null,
            "equity": null,
            "current_ratio": null,
            "debt_ratio": null,
            "inventory_turnover_ratio": null,
            "account_receivable_turnover_ratio": null,
            "reinvestment_rate": null,
            "research_to_sale_ratio": null,
            "price_fair": 0,
            "eps_avg_yearly": 0,
            "eps_latest_yearly": 0,
            "eps_growth_yearly": 0
        },
        "20053": {
            "year_quarter": 20053,
            "year": 2005,
            "quarter": 3,
            "eps": null,
            "eps_growth_year": null,
            "eps_4q": null,
            "eps_4q_growth_year": null,
            "roe": null,
            "gross_profit": null,
            "gross_margin": null,
            "net_income": null,
            "revenue": null,
            "common_shares": null,
            "equity": null,
            "current_ratio": null,
            "debt_ratio": null,
            "inventory_turnover_ratio": null,
            "account_receivable_turnover_ratio": null,
            "reinvestment_rate": null,
            "research_to_sale_ratio": null,
            "price_fair": 0,
            "eps_avg_yearly": 0,
            "eps_latest_yearly": 0,
            "eps_growth_yearly": 0
        },
        "20054": {
            "year_quarter": 20054,
            "year": 2005,
            "quarter": 4,
            "eps": null,
            "eps_growth_year": null,
            "eps_4q": null,
            "eps_4q_growth_year": null,
            "roe": null,
            "gross_profit": null,
            "gross_margin": null,
            "net_income": null,
            "revenue": null,
            "common_shares": 190000,
            "equity": 270930,
            "current_ratio": 205.77,
            "debt_ratio": 46.9,
            "inventory_turnover_ratio": null,
            "account_receivable_turnover_ratio": null,
            "reinvestment_rate": null,
            "research_to_sale_ratio": null,
            "price_fair": 0,
            "eps_avg_yearly": 0,
            "eps_latest_yearly": 0,
            "eps_growth_yearly": 0
        },
        "20061": {
            "year_quarter": 20061,
            "year": 2006,
            "quarter": 1,
            "eps": null,
            "eps_growth_year": null,
            "eps_4q": null,
            "eps_4q_growth_year": null,
            "roe": null,
            "gross_profit": null,
            "gross_margin": null,
            "net_income": null,
            "revenue": null,
            "common_shares": null,
            "equity": null,
            "current_ratio": null,
            "debt_ratio": null,
            "inventory_turnover_ratio": null,
            "account_receivable_turnover_ratio": null,
            "reinvestment_rate": null,
            "research_to_sale_ratio": null,
            "price_fair": 0,
            "eps_avg_yearly": 0,
            "eps_latest_yearly": 0,
            "eps_growth_yearly": 0
        },
        "20062": {
            "year_quarter": 20062,
            "year": 2006,
            "quarter": 2,
            "eps": null,
            "eps_growth_year": null,
            "eps_4q": null,
            "eps_4q_growth_year": null,
            "roe": null,
            "gross_profit": null,
            "gross_margin": null,
            "net_income": null,
            "revenue": null,
            "common_shares": null,
            "equity": null,
            "current_ratio": null,
            "debt_ratio": null,
            "inventory_turnover_ratio": null,
            "account_receivable_turnover_ratio": null,
            "reinvestment_rate": null,
            "research_to_sale_ratio": null,
            "price_fair": 0,
            "eps_avg_yearly": 0,
            "eps_latest_yearly": 0,
            "eps_growth_yearly": 0
        },
        "20063": {
            "year_quarter": 20063,
            "year": 2006,
            "quarter": 3,
            "eps": null,
            "eps_growth_year": null,
            "eps_4q": null,
            "eps_4q_growth_year": null,
            "roe": null,
            "gross_profit": null,
            "gross_margin": null,
            "net_income": null,
            "revenue": null,
            "common_shares": null,
            "equity": null,
            "current_ratio": null,
            "debt_ratio": null,
            "inventory_turnover_ratio": null,
            "account_receivable_turnover_ratio": null,
            "reinvestment_rate": null,
            "research_to_sale_ratio": null,
            "price_fair": 0,
            "eps_avg_yearly": 0,
            "eps_latest_yearly": 0,
            "eps_growth_yearly": 0
        },
        "20064": {
            "year_quarter": 20064,
            "year": 2006,
            "quarter": 4,
            "eps": null,
            "eps_growth_year": null,
            "eps_4q": null,
            "eps_4q_growth_year": null,
            "roe": null,
            "gross_profit": null,
            "gross_margin": null,
            "net_income": null,
            "revenue": null,
            "common_shares": 260660,
            "equity": 418297,
            "current_ratio": 222.59,
            "debt_ratio": 38.98,
            "inventory_turnover_ratio": null,
            "account_receivable_turnover_ratio": null,
            "reinvestment_rate": null,
            "research_to_sale_ratio": null,
            "price_fair": 0,
            "eps_avg_yearly": 0,
            "eps_latest_yearly": 0,
            "eps_growth_yearly": 0
        },
        "20071": {
            "year_quarter": 20071,
            "year": 2007,
            "quarter": 1,
            "eps": null,
            "eps_growth_year": null,
            "eps_4q": null,
            "eps_4q_growth_year": null,
            "roe": null,
            "gross_profit": null,
            "gross_margin": null,
            "net_income": null,
            "revenue": null,
            "common_shares": null,
            "equity": null,
            "current_ratio": null,
            "debt_ratio": null,
            "inventory_turnover_ratio": null,
            "account_receivable_turnover_ratio": null,
            "reinvestment_rate": null,
            "research_to_sale_ratio": null,
            "price_fair": 0,
            "eps_avg_yearly": 0,
            "eps_latest_yearly": 0,
            "eps_growth_yearly": 0
        },
        "20072": {
            "year_quarter": 20072,
            "year": 2007,
            "quarter": 2,
            "eps": null,
            "eps_growth_year": null,
            "eps_4q": null,
            "eps_4q_growth_year": null,
            "roe": null,
            "gross_profit": null,
            "gross_margin": null,
            "net_income": null,
            "revenue": null,
            "common_shares": null,
            "equity": null,
            "current_ratio": null,
            "debt_ratio": null,
            "inventory_turnover_ratio": null,
            "account_receivable_turnover_ratio": null,
            "reinvestment_rate": null,
            "research_to_sale_ratio": null,
            "price_fair": 0,
            "eps_avg_yearly": 0,
            "eps_latest_yearly": 0,
            "eps_growth_yearly": 0
        },
        "20073": {
            "year_quarter": 20073,
            "year": 2007,
            "quarter": 3,
            "eps": null,
            "eps_growth_year": null,
            "eps_4q": null,
            "eps_4q_growth_year": null,
            "roe": null,
            "gross_profit": null,
            "gross_margin": null,
            "net_income": null,
            "revenue": null,
            "common_shares": null,
            "equity": null,
            "current_ratio": null,
            "debt_ratio": null,
            "inventory_turnover_ratio": null,
            "account_receivable_turnover_ratio": null,
            "reinvestment_rate": null,
            "research_to_sale_ratio": null,
            "price_fair": 0,
            "eps_avg_yearly": 0,
            "eps_latest_yearly": 0,
            "eps_growth_yearly": 0
        },
        "20074": {
            "year_quarter": 20074,
            "year": 2007,
            "quarter": 4,
            "eps": null,
            "eps_growth_year": null,
            "eps_4q": null,
            "eps_4q_growth_year": null,
            "roe": null,
            "gross_profit": null,
            "gross_margin": null,
            "net_income": null,
            "revenue": null,
            "common_shares": 297985,
            "equity": 586206,
            "current_ratio": 282.5,
            "debt_ratio": 27.83,
            "inventory_turnover_ratio": null,
            "account_receivable_turnover_ratio": null,
            "reinvestment_rate": null,
            "research_to_sale_ratio": null,
            "price_fair": 0,
            "eps_avg_yearly": 0,
            "eps_latest_yearly": 0,
            "eps_growth_yearly": 0
        },
        "20081": {
            "year_quarter": 20081,
            "year": 2008,
            "quarter": 1,
            "eps": null,
            "eps_growth_year": null,
            "eps_4q": null,
            "eps_4q_growth_year": null,
            "roe": null,
            "gross_profit": null,
            "gross_margin": null,
            "net_income": null,
            "revenue": null,
            "common_shares": null,
            "equity": null,
            "current_ratio": null,
            "debt_ratio": null,
            "inventory_turnover_ratio": null,
            "account_receivable_turnover_ratio": null,
            "reinvestment_rate": null,
            "research_to_sale_ratio": null,
            "price_fair": 0,
            "eps_avg_yearly": 0,
            "eps_latest_yearly": 0,
            "eps_growth_yearly": 0
        },
        "20082": {
            "year_quarter": 20082,
            "year": 2008,
            "quarter": 2,
            "eps": null,
            "eps_growth_year": null,
            "eps_4q": null,
            "eps_4q_growth_year": null,
            "roe": null,
            "gross_profit": null,
            "gross_margin": null,
            "net_income": null,
            "revenue": null,
            "common_shares": null,
            "equity": null,
            "current_ratio": null,
            "debt_ratio": null,
            "inventory_turnover_ratio": null,
            "account_receivable_turnover_ratio": null,
            "reinvestment_rate": null,
            "research_to_sale_ratio": null,
            "price_fair": 0,
            "eps_avg_yearly": 0,
            "eps_latest_yearly": 0,
            "eps_growth_yearly": 0
        },
        "20083": {
            "year_quarter": 20083,
            "year": 2008,
            "quarter": 3,
            "eps": 0.72,
            "eps_growth_year": null,
            "eps_4q": null,
            "eps_4q_growth_year": null,
            "roe": 4.34,
            "gross_profit": 84425,
            "gross_margin": 20.17,
            "net_income": 27190,
            "revenue": 418556,
            "common_shares": 360749,
            "equity": 626275,
            "current_ratio": 197.71,
            "debt_ratio": 36.61,
            "inventory_turnover_ratio": 1.44,
            "account_receivable_turnover_ratio": null,
            "reinvestment_rate": null,
            "research_to_sale_ratio": null,
            "price_fair": 0,
            "eps_avg_yearly": 0,
            "eps_latest_yearly": 0,
            "eps_growth_yearly": 0
        },
        "20084": {
            "year_quarter": 20084,
            "year": 2008,
            "quarter": 4,
            "eps": 0.49,
            "eps_growth_year": null,
            "eps_4q": null,
            "eps_4q_growth_year": null,
            "roe": 2.78,
            "gross_profit": 61286,
            "gross_margin": 16.84,
            "net_income": 17772,
            "revenue": 364017,
            "common_shares": 363459,
            "equity": 651429,
            "current_ratio": 268.58,
            "debt_ratio": 32.02,
            "inventory_turnover_ratio": 1.09,
            "account_receivable_turnover_ratio": 4.13,
            "reinvestment_rate": null,
            "research_to_sale_ratio": null,
            "price_fair": 5.88,
            "eps_avg_yearly": 1.96,
            "eps_latest_yearly": 1.96,
            "eps_growth_yearly": -127.78
        },
        "20091": {
            "year_quarter": 20091,
            "year": 2009,
            "quarter": 1,
            "eps": 0.94,
            "eps_growth_year": null,
            "eps_4q": null,
            "eps_4q_growth_year": null,
            "roe": 5.11,
            "gross_profit": 93368,
            "gross_margin": 27.3,
            "net_income": 34193,
            "revenue": 342056,
            "common_shares": 363459,
            "equity": 687393,
            "current_ratio": 275.94,
            "debt_ratio": 28.34,
            "inventory_turnover_ratio": 0.89,
            "account_receivable_turnover_ratio": 1.96,
            "reinvestment_rate": null,
            "research_to_sale_ratio": null,
            "price_fair": 100.1,
            "eps_avg_yearly": 2.86,
            "eps_latest_yearly": 3.76,
            "eps_growth_yearly": 119.78
        },
        "20092": {
            "year_quarter": 20092,
            "year": 2009,
            "quarter": 2,
            "eps": 0.89,
            "eps_growth_year": null,
            "eps_4q": 2.96,
            "eps_4q_growth_year": null,
            "roe": 5.03,
            "gross_profit": 86495,
            "gross_margin": 23.73,
            "net_income": 34072,
            "revenue": 364425,
            "common_shares": 363459,
            "equity": 667713,
            "current_ratio": 235.7,
            "debt_ratio": 31.36,
            "inventory_turnover_ratio": 1.22,
            "account_receivable_turnover_ratio": 1.94,
            "reinvestment_rate": null,
            "research_to_sale_ratio": null,
            "price_fair": 108.27,
            "eps_avg_yearly": 3.09,
            "eps_latest_yearly": 3.56,
            "eps_growth_yearly": 72.76
        },
        "20093": {
            "year_quarter": 20093,
            "year": 2009,
            "quarter": 3,
            "eps": 0.5,
            "eps_growth_year": -30.56,
            "eps_4q": 2.82,
            "eps_4q_growth_year": null,
            "roe": 2.76,
            "gross_profit": 122151,
            "gross_margin": 24.05,
            "net_income": 18683,
            "revenue": 507828,
            "common_shares": 385252,
            "equity": 687448,
            "current_ratio": 281.11,
            "debt_ratio": 30.6,
            "inventory_turnover_ratio": 1.54,
            "account_receivable_turnover_ratio": 2.26,
            "reinvestment_rate": null,
            "research_to_sale_ratio": null,
            "price_fair": 58.52,
            "eps_avg_yearly": 2.82,
            "eps_latest_yearly": 2,
            "eps_growth_yearly": 10.75
        },
        "20094": {
            "year_quarter": 20094,
            "year": 2009,
            "quarter": 4,
            "eps": 0.25,
            "eps_growth_year": -48.98,
            "eps_4q": 2.51,
            "eps_4q_growth_year": null,
            "roe": 1.34,
            "gross_profit": 99364,
            "gross_margin": 21.12,
            "net_income": 9303,
            "revenue": 470542,
            "common_shares": 385252,
            "equity": 698226,
            "current_ratio": 266.65,
            "debt_ratio": 31.84,
            "inventory_turnover_ratio": 1.33,
            "account_receivable_turnover_ratio": 3.01,
            "reinvestment_rate": null,
            "research_to_sale_ratio": null,
            "price_fair": 7.37,
            "eps_avg_yearly": 2.46,
            "eps_latest_yearly": 1,
            "eps_growth_yearly": -31.4
        },
        "20101": {
            "year_quarter": 20101,
            "year": 2010,
            "quarter": 1,
            "eps": 0.86,
            "eps_growth_year": -8.51,
            "eps_4q": 2.49,
            "eps_4q_growth_year": null,
            "roe": 4.72,
            "gross_profit": 138628,
            "gross_margin": 25.03,
            "net_income": 33738,
            "revenue": 553834,
            "common_shares": 386852,
            "equity": 731380,
            "current_ratio": 243.54,
            "debt_ratio": 35.13,
            "inventory_turnover_ratio": 1.3,
            "account_receivable_turnover_ratio": 1.48,
            "reinvestment_rate": null,
            "research_to_sale_ratio": 3.06,
            "price_fair": 91.7,
            "eps_avg_yearly": 2.62,
            "eps_latest_yearly": 3.44,
            "eps_growth_yearly": 136.5
        },
        "20102": {
            "year_quarter": 20102,
            "year": 2010,
            "quarter": 2,
            "eps": 1.07,
            "eps_growth_year": 20.07,
            "eps_4q": 2.48,
            "eps_4q_growth_year": -16.09,
            "roe": 5.98,
            "gross_profit": 182035,
            "gross_margin": 23.02,
            "net_income": 47563,
            "revenue": 790738,
            "common_shares": 435272,
            "equity": 858556,
            "current_ratio": 215.35,
            "debt_ratio": 40.68,
            "inventory_turnover_ratio": 1.59,
            "account_receivable_turnover_ratio": 2.02,
            "reinvestment_rate": null,
            "research_to_sale_ratio": 3.02,
            "price_fair": 100,
            "eps_avg_yearly": 2.86,
            "eps_latest_yearly": 4.28,
            "eps_growth_yearly": 130.96
        },
        "20103": {
            "year_quarter": 20103,
            "year": 2010,
            "quarter": 3,
            "eps": 1.35,
            "eps_growth_year": 169.25,
            "eps_4q": 3.39,
            "eps_4q_growth_year": 20.25,
            "roe": 6.76,
            "gross_profit": 191081,
            "gross_margin": 25.64,
            "net_income": 60021,
            "revenue": 745334,
            "common_shares": 441141,
            "equity": 916192,
            "current_ratio": 261.37,
            "debt_ratio": 34.13,
            "inventory_turnover_ratio": 1.25,
            "account_receivable_turnover_ratio": 2.14,
            "reinvestment_rate": null,
            "research_to_sale_ratio": 3.22,
            "price_fair": 111.13,
            "eps_avg_yearly": 3.18,
            "eps_latest_yearly": 5.4,
            "eps_growth_yearly": 127.67
        },
        "20104": {
            "year_quarter": 20104,
            "year": 2010,
            "quarter": 4,
            "eps": 0.16,
            "eps_growth_year": -35.41,
            "eps_4q": 3.32,
            "eps_4q_growth_year": 32.16,
            "roe": 0.76,
            "gross_profit": 161360,
            "gross_margin": 24,
            "net_income": 7010,
            "revenue": 672390,
            "common_shares": 443671,
            "equity": 927134,
            "current_ratio": 353.6,
            "debt_ratio": 45.2,
            "inventory_turnover_ratio": 1.14,
            "account_receivable_turnover_ratio": 2.04,
            "reinvestment_rate": null,
            "research_to_sale_ratio": 3.81,
            "price_fair": 101.27,
            "eps_avg_yearly": 2.89,
            "eps_latest_yearly": 0.64,
            "eps_growth_yearly": 74.31
        },
        "20111": {
            "year_quarter": 20111,
            "year": 2011,
            "quarter": 1,
            "eps": 0.69,
            "eps_growth_year": -19.77,
            "eps_4q": 3.25,
            "eps_4q_growth_year": 30.48,
            "roe": 3.35,
            "gross_profit": 152319,
            "gross_margin": 19.09,
            "net_income": 31856,
            "revenue": 797693,
            "common_shares": 443671,
            "equity": 976029,
            "current_ratio": 256.67,
            "debt_ratio": 49.23,
            "inventory_turnover_ratio": 1.51,
            "account_receivable_turnover_ratio": 2.33,
            "reinvestment_rate": null,
            "research_to_sale_ratio": 3.17,
            "price_fair": 100.8,
            "eps_avg_yearly": 2.88,
            "eps_latest_yearly": 2.76,
            "eps_growth_yearly": 199.38
        },
        "20112": {
            "year_quarter": 20112,
            "year": 2011,
            "quarter": 2,
            "eps": 0.71,
            "eps_growth_year": -34.02,
            "eps_4q": 2.89,
            "eps_4q_growth_year": 16.62,
            "roe": 3.38,
            "gross_profit": 173149,
            "gross_margin": 20.57,
            "net_income": 31657,
            "revenue": 841638,
            "common_shares": 443671,
            "equity": 898628,
            "current_ratio": 215.14,
            "debt_ratio": 52.85,
            "inventory_turnover_ratio": 1.54,
            "account_receivable_turnover_ratio": 2.19,
            "reinvestment_rate": null,
            "research_to_sale_ratio": 2.99,
            "price_fair": 100.67,
            "eps_avg_yearly": 2.88,
            "eps_latest_yearly": 2.84,
            "eps_growth_yearly": 182.31
        },
        "20113": {
            "year_quarter": 20113,
            "year": 2011,
            "quarter": 3,
            "eps": 0.29,
            "eps_growth_year": -78.75,
            "eps_4q": 1.84,
            "eps_4q_growth_year": -45.71,
            "roe": 1.32,
            "gross_profit": 144331,
            "gross_margin": 22.46,
            "net_income": 12028,
            "revenue": 642513,
            "common_shares": 443671,
            "equity": 930130,
            "current_ratio": 236.51,
            "debt_ratio": 49.08,
            "inventory_turnover_ratio": 1.05,
            "account_receivable_turnover_ratio": 1.8,
            "reinvestment_rate": null,
            "research_to_sale_ratio": 4.13,
            "price_fair": 95.67,
            "eps_avg_yearly": 2.73,
            "eps_latest_yearly": 1.16,
            "eps_growth_yearly": 147.4
        },
        "20114": {
            "year_quarter": 20114,
            "year": 2011,
            "quarter": 4,
            "eps": 0.98,
            "eps_growth_year": 504.16,
            "eps_4q": 2.59,
            "eps_4q_growth_year": -22.1,
            "roe": 4.71,
            "gross_profit": 195065,
            "gross_margin": 25.1,
            "net_income": 48313,
            "revenue": 777125,
            "common_shares": 462771,
            "equity": 1119749,
            "current_ratio": 259.79,
            "debt_ratio": 45.35,
            "inventory_turnover_ratio": 1.19,
            "account_receivable_turnover_ratio": 2.44,
            "reinvestment_rate": null,
            "research_to_sale_ratio": 3.66,
            "price_fair": 98.86,
            "eps_avg_yearly": 2.82,
            "eps_latest_yearly": 3.92,
            "eps_growth_yearly": 209.27
        },
        "20121": {
            "year_quarter": 20121,
            "year": 2012,
            "quarter": 1,
            "eps": 0.66,
            "eps_growth_year": -4.35,
            "eps_4q": 2.59,
            "eps_4q_growth_year": -20.33,
            "roe": 3,
            "gross_profit": 182816,
            "gross_margin": 24.12,
            "net_income": 33900,
            "revenue": 757817,
            "common_shares": 462771,
            "equity": 1141839,
            "current_ratio": 168.14,
            "debt_ratio": 43.35,
            "inventory_turnover_ratio": 1.37,
            "account_receivable_turnover_ratio": 2.45,
            "reinvestment_rate": null,
            "research_to_sale_ratio": 3.63,
            "price_fair": 98.4,
            "eps_avg_yearly": 2.81,
            "eps_latest_yearly": 2.64,
            "eps_growth_yearly": 184.99
        },
        "20122": {
            "year_quarter": 20122,
            "year": 2012,
            "quarter": 2,
            "eps": 1.31,
            "eps_growth_year": 85.32,
            "eps_4q": 3.23,
            "eps_4q_growth_year": 11.5,
            "roe": 5.85,
            "gross_profit": 222747,
            "gross_margin": 25.3,
            "net_income": 65398,
            "revenue": 880258,
            "common_shares": 462771,
            "equity": 1094639,
            "current_ratio": 144.24,
            "debt_ratio": 50.56,
            "inventory_turnover_ratio": 1.65,
            "account_receivable_turnover_ratio": 2.56,
            "reinvestment_rate": 136.39,
            "research_to_sale_ratio": 3.23,
            "price_fair": 104.07,
            "eps_avg_yearly": 2.97,
            "eps_latest_yearly": 5.24,
            "eps_growth_yearly": 198.92
        },
        "20123": {
            "year_quarter": 20123,
            "year": 2012,
            "quarter": 3,
            "eps": 2.4,
            "eps_growth_year": 738.27,
            "eps_4q": 5.34,
            "eps_4q_growth_year": 190.17,
            "roe": 9.86,
            "gross_profit": 262042,
            "gross_margin": 23.37,
            "net_income": 113686,
            "revenue": 1121218,
            "common_shares": 462771,
            "equity": 1211745,
            "current_ratio": 156.63,
            "debt_ratio": 44.97,
            "inventory_turnover_ratio": 2.22,
            "account_receivable_turnover_ratio": 2.7,
            "reinvestment_rate": 88.07,
            "research_to_sale_ratio": 2.13,
            "price_fair": 118.56,
            "eps_avg_yearly": 3.39,
            "eps_latest_yearly": 9.6,
            "eps_growth_yearly": 207.29
        },
        "20124": {
            "year_quarter": 20124,
            "year": 2012,
            "quarter": 4,
            "eps": 0.51,
            "eps_growth_year": -47.93,
            "eps_4q": 4.87,
            "eps_4q_growth_year": 88.22,
            "roe": 1.64,
            "gross_profit": 193670,
            "gross_margin": 26.03,
            "net_income": 20024,
            "revenue": 743930,
            "common_shares": 463541,
            "equity": 1230485,
            "current_ratio": 168.18,
            "debt_ratio": 40.44,
            "inventory_turnover_ratio": 1.67,
            "account_receivable_turnover_ratio": 1.86,
            "reinvestment_rate": 88.14,
            "research_to_sale_ratio": 4.25,
            "price_fair": 118.74,
            "eps_avg_yearly": 3.39,
            "eps_latest_yearly": 2.04,
            "eps_growth_yearly": 195.59
        },
        "20131": {
            "year_quarter": 20131,
            "year": 2013,
            "quarter": 1,
            "eps": 0.94,
            "eps_growth_year": 42.42,
            "eps_4q": 5.04,
            "eps_4q_growth_year": 94.56,
            "roe": 3.75,
            "gross_profit": 202628,
            "gross_margin": 27.89,
            "net_income": 46838,
            "revenue": 726525,
            "common_shares": 473701,
            "equity": 1270694,
            "current_ratio": 171.16,
            "debt_ratio": 41.65,
            "inventory_turnover_ratio": 1.55,
            "account_receivable_turnover_ratio": 2.05,
            "reinvestment_rate": 87.52,
            "research_to_sale_ratio": 3.93,
            "price_fair": 118.74,
            "eps_avg_yearly": 3.39,
            "eps_latest_yearly": 3.76,
            "eps_growth_yearly": 193.71
        },
        "20132": {
            "year_quarter": 20132,
            "year": 2013,
            "quarter": 2,
            "eps": 0.8,
            "eps_growth_year": -38.77,
            "eps_4q": 4.5,
            "eps_4q_growth_year": 39.55,
            "roe": 3.51,
            "gross_profit": 204004,
            "gross_margin": 25.38,
            "net_income": 42993,
            "revenue": 803905,
            "common_shares": 480818,
            "equity": 1176883,
            "current_ratio": 144.89,
            "debt_ratio": 48.67,
            "inventory_turnover_ratio": 1.39,
            "account_receivable_turnover_ratio": 2.27,
            "reinvestment_rate": 85.97,
            "research_to_sale_ratio": 3.84,
            "price_fair": 117.95,
            "eps_avg_yearly": 3.37,
            "eps_latest_yearly": 3.2,
            "eps_growth_yearly": 191.31
        },
        "20133": {
            "year_quarter": 20133,
            "year": 2013,
            "quarter": 3,
            "eps": 1.28,
            "eps_growth_year": -46.63,
            "eps_4q": 3.26,
            "eps_4q_growth_year": -38.89,
            "roe": 5.29,
            "gross_profit": 241444,
            "gross_margin": 23.33,
            "net_income": 66282,
            "revenue": 1034784,
            "common_shares": 522134,
            "equity": 1329409,
            "current_ratio": 175.35,
            "debt_ratio": 40.39,
            "inventory_turnover_ratio": 1.6,
            "account_receivable_turnover_ratio": 2.84,
            "reinvestment_rate": 78.68,
            "research_to_sale_ratio": 3.03,
            "price_fair": 124.78,
            "eps_avg_yearly": 3.57,
            "eps_latest_yearly": 5.12,
            "eps_growth_yearly": 217.27
        },
        "20134": {
            "year_quarter": 20134,
            "year": 2013,
            "quarter": 4,
            "eps": 0.64,
            "eps_growth_year": 26.74,
            "eps_4q": 3.36,
            "eps_4q_growth_year": -30.99,
            "roe": 2.44,
            "gross_profit": 201469,
            "gross_margin": 24.01,
            "net_income": 33639,
            "revenue": 839120,
            "common_shares": 540506,
            "equity": 1429924,
            "current_ratio": 273.42,
            "debt_ratio": 25.78,
            "inventory_turnover_ratio": 1.47,
            "account_receivable_turnover_ratio": 2.42,
            "reinvestment_rate": 50.29,
            "research_to_sale_ratio": 4.04,
            "price_fair": 128.19,
            "eps_avg_yearly": 3.66,
            "eps_latest_yearly": 2.56,
            "eps_growth_yearly": 217.27
        },
        "20141": {
            "year_quarter": 20141,
            "year": 2014,
            "quarter": 1,
            "eps": 0.72,
            "eps_growth_year": -23.4,
            "eps_4q": 3.26,
            "eps_4q_growth_year": -35.23,
            "roe": 2.69,
            "gross_profit": 199397,
            "gross_margin": 24.92,
            "net_income": 39151,
            "revenue": 800059,
            "common_shares": 541342,
            "equity": 1478282,
            "current_ratio": 241.88,
            "debt_ratio": 28.9,
            "inventory_turnover_ratio": 1.5,
            "account_receivable_turnover_ratio": 2.33,
            "reinvestment_rate": 48.96,
            "research_to_sale_ratio": 4.2,
            "price_fair": 126.96,
            "eps_avg_yearly": 3.63,
            "eps_latest_yearly": 2.88,
            "eps_growth_yearly": 159.39
        },
        "20142": {
            "year_quarter": 20142,
            "year": 2014,
            "quarter": 2,
            "eps": 0.79,
            "eps_growth_year": -1.25,
            "eps_4q": 3.35,
            "eps_4q_growth_year": -25.68,
            "roe": 3,
            "gross_profit": 215650,
            "gross_margin": 24.03,
            "net_income": 42642,
            "revenue": 897312,
            "common_shares": 541492,
            "equity": 1364644,
            "current_ratio": 180.71,
            "debt_ratio": 38.22,
            "inventory_turnover_ratio": 1.55,
            "account_receivable_turnover_ratio": 2.28,
            "reinvestment_rate": 74.41,
            "research_to_sale_ratio": 3.36,
            "price_fair": 124.51,
            "eps_avg_yearly": 3.56,
            "eps_latest_yearly": 3.16,
            "eps_growth_yearly": 155.72
        },
        "20143": {
            "year_quarter": 20143,
            "year": 2014,
            "quarter": 3,
            "eps": 1.03,
            "eps_growth_year": -19.53,
            "eps_4q": 3.18,
            "eps_4q_growth_year": -2.6,
            "roe": 3.63,
            "gross_profit": 231984,
            "gross_margin": 23.76,
            "net_income": 50876,
            "revenue": 976487,
            "common_shares": 542432,
            "equity": 1442222,
            "current_ratio": 180.02,
            "debt_ratio": 37.8,
            "inventory_turnover_ratio": 1.57,
            "account_receivable_turnover_ratio": 2.09,
            "reinvestment_rate": 73.03,
            "research_to_sale_ratio": 3.54,
            "price_fair": 121.71,
            "eps_avg_yearly": 3.48,
            "eps_latest_yearly": 4.12,
            "eps_growth_yearly": 156.77
        },
        "20144": {
            "year_quarter": 20144,
            "year": 2014,
            "quarter": 4,
            "eps": 0.92,
            "eps_growth_year": 43,
            "eps_4q": 2.93,
            "eps_4q_growth_year": -12.63,
            "roe": 3.36,
            "gross_profit": 257851,
            "gross_margin": 23.85,
            "net_income": 57919,
            "revenue": 1081166,
            "common_shares": 682682,
            "equity": 2008727,
            "current_ratio": 301.98,
            "debt_ratio": 25.12,
            "inventory_turnover_ratio": 1.73,
            "account_receivable_turnover_ratio": 2.08,
            "reinvestment_rate": 28.17,
            "research_to_sale_ratio": 3.42,
            "price_fair": 128.36,
            "eps_avg_yearly": 3.67,
            "eps_latest_yearly": 3.68,
            "eps_growth_yearly": 176.14
        },
        "20151": {
            "year_quarter": 20151,
            "year": 2015,
            "quarter": 1,
            "eps": 0.72,
            "eps_growth_year": 0,
            "eps_4q": 3.08,
            "eps_4q_growth_year": -5.57,
            "roe": 2.67,
            "gross_profit": 245543,
            "gross_margin": 24.99,
            "net_income": 54224,
            "revenue": 982372,
            "common_shares": 683332,
            "equity": 2058244,
            "current_ratio": 298.55,
            "debt_ratio": 25.77,
            "inventory_turnover_ratio": 1.55,
            "account_receivable_turnover_ratio": 2.02,
            "reinvestment_rate": 20.88,
            "research_to_sale_ratio": 3.52,
            "price_fair": 128.63,
            "eps_avg_yearly": 3.68,
            "eps_latest_yearly": 2.88,
            "eps_growth_yearly": 87.89
        },
        "20152": {
            "year_quarter": 20152,
            "year": 2015,
            "quarter": 2,
            "eps": 0.6,
            "eps_growth_year": -24.05,
            "eps_4q": 3.06,
            "eps_4q_growth_year": -8.64,
            "roe": 2.17,
            "gross_profit": 227633,
            "gross_margin": 25.65,
            "net_income": 43002,
            "revenue": 887469,
            "common_shares": 683332,
            "equity": 1904652,
            "current_ratio": 246.73,
            "debt_ratio": 30.52,
            "inventory_turnover_ratio": 1.28,
            "account_receivable_turnover_ratio": 2.03,
            "reinvestment_rate": 10.07,
            "research_to_sale_ratio": 4.11,
            "price_fair": 127.66,
            "eps_avg_yearly": 3.65,
            "eps_latest_yearly": 2.4,
            "eps_growth_yearly": 83
        },
        "20153": {
            "year_quarter": 20153,
            "year": 2015,
            "quarter": 3,
            "eps": 1.57,
            "eps_growth_year": 52.43,
            "eps_4q": 3.82,
            "eps_4q_growth_year": 20.12,
            "roe": 5.82,
            "gross_profit": 325835,
            "gross_margin": 26.72,
            "net_income": 115207,
            "revenue": 1219667,
            "common_shares": 683332,
            "equity": 2056828,
            "current_ratio": 264.36,
            "debt_ratio": 28.98,
            "inventory_turnover_ratio": 1.6,
            "account_receivable_turnover_ratio": 2.31,
            "reinvestment_rate": 2.38,
            "research_to_sale_ratio": 3.14,
            "price_fair": 138.86,
            "eps_avg_yearly": 3.97,
            "eps_latest_yearly": 6.28,
            "eps_growth_yearly": 138.21
        },
        "20154": {
            "year_quarter": 20154,
            "year": 2015,
            "quarter": 4,
            "eps": 1.45,
            "eps_growth_year": 57.67,
            "eps_4q": 4.35,
            "eps_4q_growth_year": 48.14,
            "roe": 4.54,
            "gross_profit": 352801,
            "gross_margin": 25.31,
            "net_income": 95331,
            "revenue": 1393778,
            "common_shares": 683332,
            "equity": 2141703,
            "current_ratio": 271.34,
            "debt_ratio": 28.61,
            "inventory_turnover_ratio": 1.76,
            "account_receivable_turnover_ratio": 2.14,
            "reinvestment_rate": -1,
            "research_to_sale_ratio": 2.96,
            "price_fair": 142.98,
            "eps_avg_yearly": 4.09,
            "eps_latest_yearly": 5.8,
            "eps_growth_yearly": 76.81
        },
        "20161": {
            "year_quarter": 20161,
            "year": 2016,
            "quarter": 1,
            "eps": 1.51,
            "eps_growth_year": 109.72,
            "eps_4q": 5.14,
            "eps_4q_growth_year": 66.6,
            "roe": 4.67,
            "gross_profit": 354588,
            "gross_margin": 25.3,
            "net_income": 101334,
            "revenue": 1401743,
            "common_shares": 683332,
            "equity": 2195284,
            "current_ratio": 267.23,
            "debt_ratio": 29.49,
            "inventory_turnover_ratio": 1.62,
            "account_receivable_turnover_ratio": 1.98,
            "reinvestment_rate": 3.06,
            "research_to_sale_ratio": 2.64,
            "price_fair": 150.41,
            "eps_avg_yearly": 4.3,
            "eps_latest_yearly": 6.04,
            "eps_growth_yearly": 86.01
        },
        "20162": {
            "year_quarter": 20162,
            "year": 2016,
            "quarter": 2,
            "eps": 1.54,
            "eps_growth_year": 156.67,
            "eps_4q": 5.99,
            "eps_4q_growth_year": 95.81,
            "roe": 4.94,
            "gross_profit": 371086,
            "gross_margin": 27.46,
            "net_income": 105324,
            "revenue": 1351559,
            "common_shares": 693332,
            "equity": 2070007,
            "current_ratio": 207.31,
            "debt_ratio": 36.98,
            "inventory_turnover_ratio": 1.44,
            "account_receivable_turnover_ratio": 1.88,
            "reinvestment_rate": 1.92,
            "research_to_sale_ratio": 3.01,
            "price_fair": 152.43,
            "eps_avg_yearly": 4.36,
            "eps_latest_yearly": 6.16,
            "eps_growth_yearly": 61.89
        },
        "20163": {
            "year_quarter": 20163,
            "year": 2016,
            "quarter": 3,
            "eps": 1.04,
            "eps_growth_year": -33.76,
            "eps_4q": 5.46,
            "eps_4q_growth_year": 43.2,
            "roe": 3.55,
            "gross_profit": 319152,
            "gross_margin": 26.66,
            "net_income": 74601,
            "revenue": 1197112,
            "common_shares": 693332,
            "equity": 2133022,
            "current_ratio": 254.77,
            "debt_ratio": 34.32,
            "inventory_turnover_ratio": 1.36,
            "account_receivable_turnover_ratio": 2.14,
            "reinvestment_rate": -2.79,
            "research_to_sale_ratio": 3.34,
            "price_fair": 140.53,
            "eps_avg_yearly": 4.02,
            "eps_latest_yearly": 4.16,
            "eps_growth_yearly": 32.97
        },
        "20164": {
            "year_quarter": 20164,
            "year": 2016,
            "quarter": 4,
            "eps": 0.64,
            "eps_growth_year": -55.79,
            "eps_4q": 4.68,
            "eps_4q_growth_year": 7.57,
            "roe": 2.01,
            "gross_profit": 288833,
            "gross_margin": 26.12,
            "net_income": 44066,
            "revenue": 1105892,
            "common_shares": 693032,
            "equity": 2248964,
            "current_ratio": 287.25,
            "debt_ratio": 31.02,
            "inventory_turnover_ratio": 1.29,
            "account_receivable_turnover_ratio": 2.14,
            "reinvestment_rate": -3.26,
            "research_to_sale_ratio": 3.7,
            "price_fair": 141.66,
            "eps_avg_yearly": 4.05,
            "eps_latest_yearly": 2.56,
            "eps_growth_yearly": 43.04
        },
        "20171": {
            "year_quarter": 20171,
            "year": 2017,
            "quarter": 1,
            "eps": 0.41,
            "eps_growth_year": -72.85,
            "eps_4q": 3.59,
            "eps_4q_growth_year": -30.14,
            "roe": 1.4,
            "gross_profit": 270737,
            "gross_margin": 24.01,
            "net_income": 31570,
            "revenue": 1127501,
            "common_shares": 693032,
            "equity": 2247943,
            "current_ratio": 280.07,
            "debt_ratio": 31.39,
            "inventory_turnover_ratio": 1.21,
            "account_receivable_turnover_ratio": 1.99,
            "reinvestment_rate": -3.29,
            "research_to_sale_ratio": 3.56,
            "price_fair": 89.95,
            "eps_avg_yearly": 3.92,
            "eps_latest_yearly": 1.64,
            "eps_growth_yearly": 12.98
        },
        "20172": {
            "year_quarter": 20172,
            "year": 2017,
            "quarter": 2,
            "eps": 0.58,
            "eps_growth_year": -62.34,
            "eps_4q": 2.65,
            "eps_4q_growth_year": -55.74,
            "roe": 2.19,
            "gross_profit": 273842,
            "gross_margin": 23.83,
            "net_income": 47051,
            "revenue": 1149289,
            "common_shares": 692882,
            "equity": 2048889,
            "current_ratio": 214.86,
            "debt_ratio": 38.49,
            "inventory_turnover_ratio": 1.12,
            "account_receivable_turnover_ratio": 2.01,
            "reinvestment_rate": -3.2,
            "research_to_sale_ratio": 3.76,
            "price_fair": 135.1,
            "eps_avg_yearly": 3.86,
            "eps_latest_yearly": 2.32,
            "eps_growth_yearly": 27.07
        },
        "20173": {
            "year_quarter": 20173,
            "year": 2017,
            "quarter": 3,
            "eps": 1.37,
            "eps_growth_year": 31.73,
            "eps_4q": 2.98,
            "eps_4q_growth_year": -45.49,
            "roe": 4.96,
            "gross_profit": 359742,
            "gross_margin": 28.1,
            "net_income": 104514,
            "revenue": 1280435,
            "common_shares": 692882,
            "equity": 2166685,
            "current_ratio": 230.56,
            "debt_ratio": 36.15,
            "inventory_turnover_ratio": 1.18,
            "account_receivable_turnover_ratio": 1.96,
            "reinvestment_rate": -0.91,
            "research_to_sale_ratio": 3.02,
            "price_fair": 135.89,
            "eps_avg_yearly": 3.88,
            "eps_latest_yearly": 5.48,
            "eps_growth_yearly": 46.12
        },
        "20174": {
            "year_quarter": 20174,
            "year": 2017,
            "quarter": 4,
            "eps": 0.96,
            "eps_growth_year": 50.32,
            "eps_4q": 3.3,
            "eps_4q_growth_year": -29.41,
            "roe": 3.3,
            "gross_profit": 329886,
            "gross_margin": 25.47,
            "net_income": 72615,
            "revenue": 1295433,
            "common_shares": 692882,
            "equity": 2229512,
            "current_ratio": 256.19,
            "debt_ratio": 33.23,
            "inventory_turnover_ratio": 1.29,
            "account_receivable_turnover_ratio": 1.88,
            "reinvestment_rate": -1.22,
            "research_to_sale_ratio": 3.18,
            "price_fair": 138.69,
            "eps_avg_yearly": 3.96,
            "eps_latest_yearly": 3.84,
            "eps_growth_yearly": 51.14
        },
        "20181": {
            "year_quarter": 20181,
            "year": 2018,
            "quarter": 1,
            "eps": 0.67,
            "eps_growth_year": 63.41,
            "eps_4q": 3.57,
            "eps_4q_growth_year": -0.62,
            "roe": 2.38,
            "gross_profit": 274715,
            "gross_margin": 23.27,
            "net_income": 53547,
            "revenue": 1180614,
            "common_shares": 692882,
            "equity": 2269434,
            "current_ratio": 218.4,
            "debt_ratio": 38.04,
            "inventory_turnover_ratio": 1.19,
            "account_receivable_turnover_ratio": 1.82,
            "reinvestment_rate": 30.98,
            "research_to_sale_ratio": 3.31,
            "price_fair": 138.25,
            "eps_avg_yearly": 3.95,
            "eps_latest_yearly": 2.68,
            "eps_growth_yearly": 40.46
        },
        "20182": {
            "year_quarter": 20182,
            "year": 2018,
            "quarter": 2,
            "eps": 0.85,
            "eps_growth_year": 46.55,
            "eps_4q": 3.85,
            "eps_4q_growth_year": 45.11,
            "roe": 2.97,
            "gross_profit": 286128,
            "gross_margin": 24.68,
            "net_income": 65985,
            "revenue": 1159140,
            "common_shares": 691942,
            "equity": 2167795,
            "current_ratio": 212,
            "debt_ratio": 38.36,
            "inventory_turnover_ratio": 1.09,
            "account_receivable_turnover_ratio": 1.77,
            "reinvestment_rate": 31.28,
            "research_to_sale_ratio": 3.5,
            "price_fair": 138.78,
            "eps_avg_yearly": 3.97,
            "eps_latest_yearly": 3.4,
            "eps_growth_yearly": 44.74
        },
        "20183": {
            "year_quarter": 20183,
            "year": 2018,
            "quarter": 3,
            "eps": 0.76,
            "eps_growth_year": -44.53,
            "eps_4q": 3.25,
            "eps_4q_growth_year": 9.13,
            "roe": 2.76,
            "gross_profit": 309085,
            "gross_margin": 24.2,
            "net_income": 60548,
            "revenue": 1277365,
            "common_shares": 691942,
            "equity": 2227680,
            "current_ratio": 209.57,
            "debt_ratio": 38.35,
            "inventory_turnover_ratio": 1.17,
            "account_receivable_turnover_ratio": 1.86,
            "reinvestment_rate": 31.01,
            "research_to_sale_ratio": 3.25,
            "price_fair": 136.41,
            "eps_avg_yearly": 3.9,
            "eps_latest_yearly": 3.04,
            "eps_growth_yearly": 34.5
        },
        "20184": {
            "year_quarter": 20184,
            "year": 2018,
            "quarter": 4,
            "eps": 1.25,
            "eps_growth_year": 29.16,
            "eps_4q": 3.53,
            "eps_4q_growth_year": 6.94,
            "roe": 3.66,
            "gross_profit": 352192,
            "gross_margin": 25.09,
            "net_income": 83301,
            "revenue": 1403528,
            "common_shares": 691942,
            "equity": 2321041,
            "current_ratio": 258.16,
            "debt_ratio": 32.32,
            "inventory_turnover_ratio": 1.3,
            "account_receivable_turnover_ratio": 1.84,
            "reinvestment_rate": 31.79,
            "research_to_sale_ratio": 3.1,
            "price_fair": 139.3,
            "eps_avg_yearly": 3.98,
            "eps_latest_yearly": 5,
            "eps_growth_yearly": 53.29
        },
        "20191": {
            "year_quarter": 20191,
            "year": 2019,
            "quarter": 1,
            "eps": 0.91,
            "eps_growth_year": 35.82,
            "eps_4q": 3.77,
            "eps_4q_growth_year": 5.66,
            "roe": 2.88,
            "gross_profit": 297918,
            "gross_margin": 24.36,
            "net_income": 67905,
            "revenue": 1222952,
            "common_shares": 691942,
            "equity": 2392904,
            "current_ratio": 238.67,
            "debt_ratio": 34.77,
            "inventory_turnover_ratio": 1.18,
            "account_receivable_turnover_ratio": 1.54,
            "reinvestment_rate": 32.36,
            "research_to_sale_ratio": 2.99,
            "price_fair": 140.96,
            "eps_avg_yearly": 4.03,
            "eps_latest_yearly": 3.64,
            "eps_growth_yearly": 51.93
        },
        "20192": {
            "year_quarter": 20192,
            "year": 2019,
            "quarter": 2,
            "eps": 1.52,
            "eps_growth_year": 78.82,
            "eps_4q": 4.44,
            "eps_4q_growth_year": 15.44,
            "roe": 4.81,
            "gross_profit": 404292,
            "gross_margin": 27.78,
            "net_income": 113853,
            "revenue": 1455302,
            "common_shares": 691942,
            "equity": 2338275,
            "current_ratio": 202.14,
            "debt_ratio": 39.99,
            "inventory_turnover_ratio": 1.28,
            "account_receivable_turnover_ratio": 1.88,
            "reinvestment_rate": 22.52,
            "research_to_sale_ratio": 3.29,
            "price_fair": 149.01,
            "eps_avg_yearly": 4.26,
            "eps_latest_yearly": 6.08,
            "eps_growth_yearly": 72.85
        },
        "20193": {
            "year_quarter": 20193,
            "year": 2019,
            "quarter": 3,
            "eps": 2.03,
            "eps_growth_year": 167.11,
            "eps_4q": 5.63,
            "eps_4q_growth_year": 73.14,
            "roe": 6.24,
            "gross_profit": 465031,
            "gross_margin": 30.85,
            "net_income": 150662,
            "revenue": 1507414,
            "common_shares": 701942,
            "equity": 2491682,
            "current_ratio": 194.94,
            "debt_ratio": 42.13,
            "inventory_turnover_ratio": 1.16,
            "account_receivable_turnover_ratio": 1.83,
            "reinvestment_rate": 21.32,
            "research_to_sale_ratio": 3.08,
            "price_fair": 153.04,
            "eps_avg_yearly": 4.37,
            "eps_latest_yearly": 8.12,
            "eps_growth_yearly": 40.82
        },
        "20194": {
            "year_quarter": 20194,
            "year": 2019,
            "quarter": 4,
            "eps": 2.16,
            "eps_growth_year": 73.62,
            "eps_4q": 6.56,
            "eps_4q_growth_year": 85.88,
            "roe": 6.42,
            "gross_profit": 571283,
            "gross_margin": 29.17,
            "net_income": 164364,
            "revenue": 1958441,
            "common_shares": 701942,
            "equity": 2627375,
            "current_ratio": 213.71,
            "debt_ratio": 38.32,
            "inventory_turnover_ratio": 1.52,
            "account_receivable_turnover_ratio": 2.18,
            "reinvestment_rate": 20.11,
            "research_to_sale_ratio": 3.23,
            "price_fair": 159.25,
            "eps_avg_yearly": 4.55,
            "eps_latest_yearly": 8.64,
            "eps_growth_yearly": 44.33
        },
        "20201": {
            "year_quarter": 20201,
            "year": 2020,
            "quarter": 1,
            "eps": 1.4,
            "eps_growth_year": 53.85,
            "eps_4q": 7.05,
            "eps_4q_growth_year": 87.09,
            "roe": 4.17,
            "gross_profit": 371796,
            "gross_margin": 24.24,
            "net_income": 106205,
            "revenue": 1533624,
            "common_shares": 701942,
            "equity": 2467109,
            "current_ratio": 193.09,
            "debt_ratio": 41.77,
            "inventory_turnover_ratio": 1.35,
            "account_receivable_turnover_ratio": 1.75,
            "reinvestment_rate": 21.39,
            "research_to_sale_ratio": 3.12,
            "price_fair": 158.29,
            "eps_avg_yearly": 4.52,
            "eps_latest_yearly": 5.6,
            "eps_growth_yearly": 34.5
        },
        "20202": {
            "year_quarter": 20202,
            "year": 2020,
            "quarter": 2,
            "eps": 0.37,
            "eps_growth_year": -75.66,
            "eps_4q": 5.92,
            "eps_4q_growth_year": 33.32,
            "roe": 1.26,
            "gross_profit": 274766,
            "gross_margin": 27.67,
            "net_income": 31202,
            "revenue": 993155,
            "common_shares": 701942,
            "equity": 2467012,
            "current_ratio": 210.81,
            "debt_ratio": 38.06,
            "inventory_turnover_ratio": 0.8,
            "account_receivable_turnover_ratio": 1.38,
            "reinvestment_rate": 15.43,
            "research_to_sale_ratio": 7.29,
            "price_fair": 108.34,
            "eps_avg_yearly": 4.23,
            "eps_latest_yearly": 1.48,
            "eps_growth_yearly": 15.61
        },
        "20203": {
            "year_quarter": 20203,
            "year": 2020,
            "quarter": 3,
            "eps": 0.75,
            "eps_growth_year": -63.05,
            "eps_4q": 4.66,
            "eps_4q_growth_year": -17.24,
            "roe": 2.38,
            "gross_profit": 273675,
            "gross_margin": 25.13,
            "net_income": 59227,
            "revenue": 1089177,
            "common_shares": 701942,
            "equity": 2517057,
            "current_ratio": 257.09,
            "debt_ratio": 31.33,
            "inventory_turnover_ratio": 0.86,
            "account_receivable_turnover_ratio": 1.74,
            "reinvestment_rate": 14.99,
            "research_to_sale_ratio": 5.47,
            "price_fair": 145.51,
            "eps_avg_yearly": 4.16,
            "eps_latest_yearly": 3,
            "eps_growth_yearly": 49.41
        },
        "20204": {
            "year_quarter": 20204,
            "year": 2020,
            "quarter": 4,
            "eps": 0.7,
            "eps_growth_year": -67.55,
            "eps_4q": 3.2,
            "eps_4q_growth_year": -51.29,
            "roe": 2.32,
            "gross_profit": 254816,
            "gross_margin": 23.74,
            "net_income": 58925,
            "revenue": 1073363,
            "common_shares": 701942,
            "equity": 2565488,
            "current_ratio": 276.97,
            "debt_ratio": 28.84,
            "inventory_turnover_ratio": 0.9,
            "account_receivable_turnover_ratio": 1.78,
            "reinvestment_rate": 13.99,
            "research_to_sale_ratio": 4.62,
            "price_fair": 146.04,
            "eps_avg_yearly": 4.17,
            "eps_latest_yearly": 2.8,
            "eps_growth_yearly": 57.35
        },
        "20211": {
            "year_quarter": 20211,
            "year": 2021,
            "quarter": 1,
            "eps": 0.27,
            "eps_growth_year": -80.71,
            "eps_4q": 2.09,
            "eps_4q_growth_year": -70.4,
            "roe": 0.94,
            "gross_profit": 258741,
            "gross_margin": 24.3,
            "net_income": 23307,
            "revenue": 1064601,
            "common_shares": 701942,
            "equity": 2400486,
            "current_ratio": 213.79,
            "debt_ratio": 36.32,
            "inventory_turnover_ratio": 0.87,
            "account_receivable_turnover_ratio": 1.76,
            "reinvestment_rate": 13.07,
            "research_to_sale_ratio": 4.59,
            "price_fair": 144.81,
            "eps_avg_yearly": 4.14,
            "eps_latest_yearly": 1.08,
            "eps_growth_yearly": 50.98
        },
        "20212": {
            "year_quarter": 20212,
            "year": 2021,
            "quarter": 2,
            "eps": 0.41,
            "eps_growth_year": 10.81,
            "eps_4q": 2.11,
            "eps_4q_growth_year": -64.26,
            "roe": 1.59,
            "gross_profit": 260433,
            "gross_margin": 22.78,
            "net_income": 38450,
            "revenue": 1143280,
            "common_shares": 706192,
            "equity": 2431363,
            "current_ratio": 199.64,
            "debt_ratio": 38.94,
            "inventory_turnover_ratio": 0.85,
            "account_receivable_turnover_ratio": 1.82,
            "reinvestment_rate": 12.11,
            "research_to_sale_ratio": 4.45,
            "price_fair": 143.33,
            "eps_avg_yearly": 4.1,
            "eps_latest_yearly": 1.64,
            "eps_growth_yearly": 53.58
        },
        "20213": {
            "year_quarter": 20213,
            "year": 2021,
            "quarter": 3,
            "eps": 0.83,
            "eps_growth_year": 10.67,
            "eps_4q": 2.21,
            "eps_4q_growth_year": -52.54,
            "roe": 2.91,
            "gross_profit": 291111,
            "gross_margin": 22.39,
            "net_income": 71841,
            "revenue": 1300330,
            "common_shares": 705252,
            "equity": 2500250,
            "current_ratio": 189.06,
            "debt_ratio": 41.68,
            "inventory_turnover_ratio": 0.86,
            "account_receivable_turnover_ratio": 1.93,
            "reinvestment_rate": 10.25,
            "research_to_sale_ratio": 3.9,
            "price_fair": 138.6,
            "eps_avg_yearly": 3.96,
            "eps_latest_yearly": 3.32,
            "eps_growth_yearly": 45.14
        },
        "20214": {
            "year_quarter": 20214,
            "year": 2021,
            "quarter": 4,
            "eps": 1.42,
            "eps_growth_year": 102.01,
            "eps_4q": 2.93,
            "eps_4q_growth_year": -8.34,
            "roe": 4.32,
            "gross_profit": 348074,
            "gross_margin": 24.52,
            "net_income": 110280,
            "revenue": 1419511,
            "common_shares": 705252,
            "equity": 2607547,
            "current_ratio": 186.19,
            "debt_ratio": 42.72,
            "inventory_turnover_ratio": 0.77,
            "account_receivable_turnover_ratio": 1.69,
            "reinvestment_rate": 10.06,
            "research_to_sale_ratio": 3.77,
            "price_fair": 142.63,
            "eps_avg_yearly": 4.08,
            "eps_latest_yearly": 5.68,
            "eps_growth_yearly": 70.39
        },
        "20221": {
            "year_quarter": 20221,
            "year": 2022,
            "quarter": 1,
            "eps": 1.49,
            "eps_growth_year": 451.85,
            "eps_4q": 4.15,
            "eps_4q_growth_year": 98.91,
            "roe": 4.5,
            "gross_profit": 399574,
            "gross_margin": 24.15,
            "net_income": 116323,
            "revenue": 1654565,
            "common_shares": 705292,
            "equity": 2564910,
            "current_ratio": 165.9,
            "debt_ratio": 48.5,
            "inventory_turnover_ratio": 0.81,
            "account_receivable_turnover_ratio": 1.61,
            "reinvestment_rate": -18.92,
            "research_to_sale_ratio": 3.14,
            "price_fair": 149.8,
            "eps_avg_yearly": 4.28,
            "eps_latest_yearly": 5.96,
            "eps_growth_yearly": 79.17
        },
        "20222": {
            "year_quarter": 20222,
            "year": 2022,
            "quarter": 2,
            "eps": 1.89,
            "eps_growth_year": 360.98,
            "eps_4q": 5.6,
            "eps_4q_growth_year": 164.99,
            "roe": 5.58,
            "gross_profit": 447763,
            "gross_margin": 23.98,
            "net_income": 148584,
            "revenue": 1867005,
            "common_shares": 710602,
            "equity": 2757482,
            "current_ratio": 168.65,
            "debt_ratio": 48.6,
            "inventory_turnover_ratio": 0.82,
            "account_receivable_turnover_ratio": 1.68,
            "reinvestment_rate": -18.72,
            "research_to_sale_ratio": 2.79,
            "price_fair": 158.9,
            "eps_avg_yearly": 4.54,
            "eps_latest_yearly": 7.56,
            "eps_growth_yearly": 79.17
        },
        "20223": {
            "year_quarter": 20223,
            "year": 2022,
            "quarter": 3,
            "eps": 2.03,
            "eps_growth_year": 144.58,
            "eps_4q": 6.8,
            "eps_4q_growth_year": 207.63,
            "roe": 5.58,
            "gross_profit": 459844,
            "gross_margin": 22.56,
            "net_income": 160523,
            "revenue": 2038671,
            "common_shares": 711622,
            "equity": 2993616,
            "current_ratio": 174.73,
            "debt_ratio": 47.58,
            "inventory_turnover_ratio": 0.84,
            "account_receivable_turnover_ratio": 1.64,
            "reinvestment_rate": -16.95,
            "research_to_sale_ratio": 2.45,
            "price_fair": 170.01,
            "eps_avg_yearly": 4.86,
            "eps_latest_yearly": 8.12,
            "eps_growth_yearly": 83.67
        },
        "20224": {
            "year_quarter": 20224,
            "year": 2022,
            "quarter": 4,
            "eps": 2.48,
            "eps_growth_year": 74.95,
            "eps_4q": 7.87,
            "eps_4q_growth_year": 168.54,
            "roe": 6.59,
            "gross_profit": 576343,
            "gross_margin": 24.83,
            "net_income": 203348,
            "revenue": 2320728,
            "common_shares": 712682,
            "equity": 3173219,
            "current_ratio": 196.15,
            "debt_ratio": 41.84,
            "inventory_turnover_ratio": 0.93,
            "account_receivable_turnover_ratio": 1.74,
            "reinvestment_rate": -15.21,
            "research_to_sale_ratio": 2.55,
            "price_fair": 180.78,
            "eps_avg_yearly": 5.17,
            "eps_latest_yearly": 9.92,
            "eps_growth_yearly": 73.09
        },
        "20231": {
            "year_quarter": 20231,
            "year": 2023,
            "quarter": 1,
            "eps": 2.56,
            "eps_growth_year": 71.81,
            "eps_4q": 8.95,
            "eps_4q_growth_year": 115.63,
            "roe": 6.57,
            "gross_profit": 575298,
            "gross_margin": 27.6,
            "net_income": 203009,
            "revenue": 2084459,
            "common_shares": 712682,
            "equity": 3010828,
            "current_ratio": 171.58,
            "debt_ratio": 47.87,
            "inventory_turnover_ratio": 0.86,
            "account_receivable_turnover_ratio": 1.56,
            "reinvestment_rate": -14.55,
            "research_to_sale_ratio": 2.4,
            "price_fair": 195.21,
            "eps_avg_yearly": 5.58,
            "eps_latest_yearly": 10.24,
            "eps_growth_yearly": 80.7
        }
    },
    "months": {
        "2007-10": {
            "month": "2007-10",
            "price": "52.77",
            "revenue": 126483
        },
        "2007-11": {
            "month": "2007-11",
            "price": "50.40",
            "revenue": 135245
        },
        "2007-12": {
            "month": "2007-12",
            "price": "49.16",
            "revenue": 122715
        },
        "2008-01": {
            "month": "2008-01",
            "price": "47.94",
            "revenue": 97933
        },
        "2008-02": {
            "month": "2008-02",
            "price": "51.02",
            "revenue": 74067
        },
        "2008-03": {
            "month": "2008-03",
            "price": "51.10",
            "revenue": 71046
        },
        "2008-04": {
            "month": "2008-04",
            "price": "48.39",
            "revenue": 96235
        },
        "2008-05": {
            "month": "2008-05",
            "price": "38.59",
            "revenue": 168734
        },
        "2008-06": {
            "month": "2008-06",
            "price": "44.85",
            "revenue": 133862
        },
        "2008-07": {
            "month": "2008-07",
            "price": "44.95",
            "revenue": 125173
        },
        "2008-08": {
            "month": "2008-08",
            "price": "35.56",
            "revenue": 186155
        },
        "2008-09": {
            "month": "2008-09",
            "price": "36.39",
            "revenue": 113494
        },
        "2008-10": {
            "month": "2008-10",
            "price": "29.87",
            "revenue": 114172
        },
        "2008-11": {
            "month": "2008-11",
            "price": "26.30",
            "revenue": 105078
        },
        "2008-12": {
            "month": "2008-12",
            "price": "23.31",
            "revenue": 154717
        },
        "2009-01": {
            "month": "2009-01",
            "price": "23.80",
            "revenue": 155070
        },
        "2009-02": {
            "month": "2009-02",
            "price": "20.73",
            "revenue": 164578
        },
        "2009-03": {
            "month": "2009-03",
            "price": "22.06",
            "revenue": 200241
        },
        "2009-04": {
            "month": "2009-04",
            "price": "28.08",
            "revenue": 152799
        },
        "2009-05": {
            "month": "2009-05",
            "price": "31.39",
            "revenue": 201231
        },
        "2009-06": {
            "month": "2009-06",
            "price": "32.12",
            "revenue": 186231
        },
        "2009-07": {
            "month": "2009-07",
            "price": "34.25",
            "revenue": 164894
        },
        "2009-08": {
            "month": "2009-08",
            "price": "37.91",
            "revenue": 175466
        },
        "2009-09": {
            "month": "2009-09",
            "price": "37.57",
            "revenue": 164822
        },
        "2009-10": {
            "month": "2009-10",
            "price": "44.16",
            "revenue": 138960
        },
        "2009-11": {
            "month": "2009-11",
            "price": "42.97",
            "revenue": 140091
        },
        "2009-12": {
            "month": "2009-12",
            "price": "43.04",
            "revenue": 204146
        },
        "2010-01": {
            "month": "2010-01",
            "price": "44.16",
            "revenue": 156119
        },
        "2010-02": {
            "month": "2010-02",
            "price": "42.11",
            "revenue": 181812
        },
        "2010-03": {
            "month": "2010-03",
            "price": "41.60",
            "revenue": 215971
        },
        "2010-04": {
            "month": "2010-04",
            "price": "46.24",
            "revenue": 251393
        },
        "2010-05": {
            "month": "2010-05",
            "price": "60.27",
            "revenue": 248519
        },
        "2010-06": {
            "month": "2010-06",
            "price": "44.08",
            "revenue": 291062
        },
        "2010-07": {
            "month": "2010-07",
            "price": "43.82",
            "revenue": 269723
        },
        "2010-08": {
            "month": "2010-08",
            "price": "45.84",
            "revenue": 225372
        },
        "2010-09": {
            "month": "2010-09",
            "price": "42.47",
            "revenue": 250772
        },
        "2010-10": {
            "month": "2010-10",
            "price": "41.24",
            "revenue": 218835
        },
        "2010-11": {
            "month": "2010-11",
            "price": "39.97",
            "revenue": 210163
        },
        "2010-12": {
            "month": "2010-12",
            "price": "43.66",
            "revenue": 244139
        },
        "2011-01": {
            "month": "2011-01",
            "price": "43.18",
            "revenue": 293875
        },
        "2011-02": {
            "month": "2011-02",
            "price": "41.96",
            "revenue": 202346
        },
        "2011-03": {
            "month": "2011-03",
            "price": "43.56",
            "revenue": 301544
        },
        "2011-04": {
            "month": "2011-04",
            "price": "51.10",
            "revenue": 264323
        },
        "2011-05": {
            "month": "2011-05",
            "price": "49.05",
            "revenue": 318810
        },
        "2011-06": {
            "month": "2011-06",
            "price": "45.38",
            "revenue": 258824
        },
        "2011-07": {
            "month": "2011-07",
            "price": "41.92",
            "revenue": 191817
        },
        "2011-08": {
            "month": "2011-08",
            "price": "36.53",
            "revenue": 225613
        },
        "2011-09": {
            "month": "2011-09",
            "price": "33.98",
            "revenue": 225549
        },
        "2011-10": {
            "month": "2011-10",
            "price": "32.36",
            "revenue": 229642
        },
        "2011-11": {
            "month": "2011-11",
            "price": "28.51",
            "revenue": 231613
        },
        "2011-12": {
            "month": "2011-12",
            "price": "22.24",
            "revenue": 313570
        },
        "2012-01": {
            "month": "2012-01",
            "price": "24.40",
            "revenue": 245534
        },
        "2012-02": {
            "month": "2012-02",
            "price": "28.78",
            "revenue": 268401
        },
        "2012-03": {
            "month": "2012-03",
            "price": "30.25",
            "revenue": 243416
        },
        "2012-04": {
            "month": "2012-04",
            "price": "31.17",
            "revenue": 255948
        },
        "2012-05": {
            "month": "2012-05",
            "price": "30.86",
            "revenue": 281136
        },
        "2012-06": {
            "month": "2012-06",
            "price": "30.67",
            "revenue": 343737
        },
        "2012-07": {
            "month": "2012-07",
            "price": "30.30",
            "revenue": 429419
        },
        "2012-08": {
            "month": "2012-08",
            "price": "36.19",
            "revenue": 347775
        },
        "2012-09": {
            "month": "2012-09",
            "price": "38.16",
            "revenue": 345363
        },
        "2012-10": {
            "month": "2012-10",
            "price": "37.28",
            "revenue": 210828
        },
        "2012-11": {
            "month": "2012-11",
            "price": "38.53",
            "revenue": 294693
        },
        "2012-12": {
            "month": "2012-12",
            "price": "39.98",
            "revenue": 240938
        },
        "2013-01": {
            "month": "2013-01",
            "price": "40.75",
            "revenue": 265679
        },
        "2013-02": {
            "month": "2013-02",
            "price": "42.38",
            "revenue": 208434
        },
        "2013-03": {
            "month": "2013-03",
            "price": "43.78",
            "revenue": 252412
        },
        "2013-04": {
            "month": "2013-04",
            "price": "42.91",
            "revenue": 261903
        },
        "2013-05": {
            "month": "2013-05",
            "price": "42.95",
            "revenue": 295278
        },
        "2013-06": {
            "month": "2013-06",
            "price": "43.48",
            "revenue": 246724
        },
        "2013-07": {
            "month": "2013-07",
            "price": "43.19",
            "revenue": 359798
        },
        "2013-08": {
            "month": "2013-08",
            "price": "46.65",
            "revenue": 300799
        },
        "2013-09": {
            "month": "2013-09",
            "price": "44.47",
            "revenue": 374187
        },
        "2013-10": {
            "month": "2013-10",
            "price": "43.12",
            "revenue": 364519
        },
        "2013-11": {
            "month": "2013-11",
            "price": "43.07",
            "revenue": 232429
        },
        "2013-12": {
            "month": "2013-12",
            "price": "42.97",
            "revenue": 242172
        },
        "2014-01": {
            "month": "2014-01",
            "price": "47.69",
            "revenue": 290022
        },
        "2014-02": {
            "month": "2014-02",
            "price": "49.33",
            "revenue": 216345
        },
        "2014-03": {
            "month": "2014-03",
            "price": "52.45",
            "revenue": 293692
        },
        "2014-04": {
            "month": "2014-04",
            "price": "49.16",
            "revenue": 286526
        },
        "2014-05": {
            "month": "2014-05",
            "price": "46.61",
            "revenue": 311448
        },
        "2014-06": {
            "month": "2014-06",
            "price": "47.47",
            "revenue": 299338
        },
        "2014-07": {
            "month": "2014-07",
            "price": "45.06",
            "revenue": 342047
        },
        "2014-08": {
            "month": "2014-08",
            "price": "45.35",
            "revenue": 273674
        },
        "2014-09": {
            "month": "2014-09",
            "price": "43.64",
            "revenue": 360766
        },
        "2014-10": {
            "month": "2014-10",
            "price": "43.60",
            "revenue": 351784
        },
        "2014-11": {
            "month": "2014-11",
            "price": "42.97",
            "revenue": 278618
        },
        "2014-12": {
            "month": "2014-12",
            "price": "44.52",
            "revenue": 457345
        },
        "2015-01": {
            "month": "2015-01",
            "price": "45.30",
            "revenue": 376307
        },
        "2015-02": {
            "month": "2015-02",
            "price": "48.35",
            "revenue": 299544
        },
        "2015-03": {
            "month": "2015-03",
            "price": "50.76",
            "revenue": 306522
        },
        "2015-04": {
            "month": "2015-04",
            "price": "48.59",
            "revenue": 309499
        },
        "2015-05": {
            "month": "2015-05",
            "price": "46.48",
            "revenue": 289960
        },
        "2015-06": {
            "month": "2015-06",
            "price": "45.54",
            "revenue": 288010
        },
        "2015-07": {
            "month": "2015-07",
            "price": "41.33",
            "revenue": 346895
        },
        "2015-08": {
            "month": "2015-08",
            "price": "37.09",
            "revenue": 410937
        },
        "2015-09": {
            "month": "2015-09",
            "price": "38.17",
            "revenue": 461833
        },
        "2015-10": {
            "month": "2015-10",
            "price": "44.72",
            "revenue": 430053
        },
        "2015-11": {
            "month": "2015-11",
            "price": "56.49",
            "revenue": 403901
        },
        "2015-12": {
            "month": "2015-12",
            "price": "66.37",
            "revenue": 560327
        },
        "2016-01": {
            "month": "2016-01",
            "price": "66.24",
            "revenue": 520120
        },
        "2016-02": {
            "month": "2016-02",
            "price": "75.38",
            "revenue": 384272
        },
        "2016-03": {
            "month": "2016-03",
            "price": "82.61",
            "revenue": 497339
        },
        "2016-04": {
            "month": "2016-04",
            "price": "82.43",
            "revenue": 360817
        },
        "2016-05": {
            "month": "2016-05",
            "price": "70.89",
            "revenue": 537039
        },
        "2016-06": {
            "month": "2016-06",
            "price": "74.57",
            "revenue": 453714
        },
        "2016-07": {
            "month": "2016-07",
            "price": "67.55",
            "revenue": 432992
        },
        "2016-08": {
            "month": "2016-08",
            "price": "65.96",
            "revenue": 473155
        },
        "2016-09": {
            "month": "2016-09",
            "price": "70.48",
            "revenue": 290967
        },
        "2016-10": {
            "month": "2016-10",
            "price": "67.36",
            "revenue": 298291
        },
        "2016-11": {
            "month": "2016-11",
            "price": "57.20",
            "revenue": 380280
        },
        "2016-12": {
            "month": "2016-12",
            "price": "60.81",
            "revenue": 427396
        },
        "2017-01": {
            "month": "2017-01",
            "price": "59.19",
            "revenue": 389694
        },
        "2017-02": {
            "month": "2017-02",
            "price": "59.18",
            "revenue": 295538
        },
        "2017-03": {
            "month": "2017-03",
            "price": "59.77",
            "revenue": 442269
        },
        "2017-04": {
            "month": "2017-04",
            "price": "57.38",
            "revenue": 345556
        },
        "2017-05": {
            "month": "2017-05",
            "price": "53.11",
            "revenue": 406776
        },
        "2017-06": {
            "month": "2017-06",
            "price": "53.15",
            "revenue": 396957
        },
        "2017-07": {
            "month": "2017-07",
            "price": "52.37",
            "revenue": 358530
        },
        "2017-08": {
            "month": "2017-08",
            "price": "48.58",
            "revenue": 452740
        },
        "2017-09": {
            "month": "2017-09",
            "price": "48.64",
            "revenue": 469165
        },
        "2017-10": {
            "month": "2017-10",
            "price": "49.49",
            "revenue": 361070
        },
        "2017-11": {
            "month": "2017-11",
            "price": "49.13",
            "revenue": 447730
        },
        "2017-12": {
            "month": "2017-12",
            "price": "46.22",
            "revenue": 486633
        },
        "2018-01": {
            "month": "2018-01",
            "price": "47.79",
            "revenue": 365192
        },
        "2018-02": {
            "month": "2018-02",
            "price": "47.73",
            "revenue": 355717
        },
        "2018-03": {
            "month": "2018-03",
            "price": "46.58",
            "revenue": 459705
        },
        "2018-04": {
            "month": "2018-04",
            "price": "46.56",
            "revenue": 372419
        },
        "2018-05": {
            "month": "2018-05",
            "price": "45.67",
            "revenue": 415082
        },
        "2018-06": {
            "month": "2018-06",
            "price": "46.23",
            "revenue": 371639
        },
        "2018-07": {
            "month": "2018-07",
            "price": "41.39",
            "revenue": 382566
        },
        "2018-08": {
            "month": "2018-08",
            "price": "41.12",
            "revenue": 427513
        },
        "2018-09": {
            "month": "2018-09",
            "price": "41.25",
            "revenue": 467286
        },
        "2018-10": {
            "month": "2018-10",
            "price": "37.60",
            "revenue": 405714
        },
        "2018-11": {
            "month": "2018-11",
            "price": "37.58",
            "revenue": 428980
        },
        "2018-12": {
            "month": "2018-12",
            "price": "38.80",
            "revenue": 568834
        },
        "2019-01": {
            "month": "2019-01",
            "price": "43.07",
            "revenue": 460627
        },
        "2019-02": {
            "month": "2019-02",
            "price": "46.89",
            "revenue": 331489
        },
        "2019-03": {
            "month": "2019-03",
            "price": "47.57",
            "revenue": 430836
        },
        "2019-04": {
            "month": "2019-04",
            "price": "47.71",
            "revenue": 381911
        },
        "2019-05": {
            "month": "2019-05",
            "price": "46.15",
            "revenue": 565283
        },
        "2019-06": {
            "month": "2019-06",
            "price": "47.93",
            "revenue": 508108
        },
        "2019-07": {
            "month": "2019-07",
            "price": "54.40",
            "revenue": 529315
        },
        "2019-08": {
            "month": "2019-08",
            "price": "68.48",
            "revenue": 486016
        },
        "2019-09": {
            "month": "2019-09",
            "price": "79.92",
            "revenue": 492083
        },
        "2019-10": {
            "month": "2019-10",
            "price": "83.64",
            "revenue": 691646
        },
        "2019-11": {
            "month": "2019-11",
            "price": "80.88",
            "revenue": 654174
        },
        "2019-12": {
            "month": "2019-12",
            "price": "76.60",
            "revenue": 612621
        },
        "2020-01": {
            "month": "2020-01",
            "price": "77.28",
            "revenue": 695930
        },
        "2020-02": {
            "month": "2020-02",
            "price": "79.06",
            "revenue": 414639
        },
        "2020-03": {
            "month": "2020-03",
            "price": "65.70",
            "revenue": 423055
        },
        "2020-04": {
            "month": "2020-04",
            "price": "64.66",
            "revenue": 313696
        },
        "2020-05": {
            "month": "2020-05",
            "price": "67.24",
            "revenue": 342802
        },
        "2020-06": {
            "month": "2020-06",
            "price": "67.44",
            "revenue": 336657
        },
        "2020-07": {
            "month": "2020-07",
            "price": "61.00",
            "revenue": 433241
        },
        "2020-08": {
            "month": "2020-08",
            "price": "55.46",
            "revenue": 266915
        },
        "2020-09": {
            "month": "2020-09",
            "price": "53.46",
            "revenue": 389021
        },
        "2020-10": {
            "month": "2020-10",
            "price": "51.12",
            "revenue": 329679
        },
        "2020-11": {
            "month": "2020-11",
            "price": "53.15",
            "revenue": 345441
        },
        "2020-12": {
            "month": "2020-12",
            "price": "55.03",
            "revenue": 398243
        },
        "2021-01": {
            "month": "2021-01",
            "price": "53.14",
            "revenue": 359686
        },
        "2021-02": {
            "month": "2021-02",
            "price": "51.70",
            "revenue": 304351
        },
        "2021-03": {
            "month": "2021-03",
            "price": "53.53",
            "revenue": 420564
        },
        "2021-04": {
            "month": "2021-04",
            "price": "58.63",
            "revenue": 373474
        },
        "2021-05": {
            "month": "2021-05",
            "price": "50.98",
            "revenue": 391944
        },
        "2021-06": {
            "month": "2021-06",
            "price": "51.99",
            "revenue": 377862
        },
        "2021-07": {
            "month": "2021-07",
            "price": "54.80",
            "revenue": 437047
        },
        "2021-08": {
            "month": "2021-08",
            "price": "52.81",
            "revenue": 467147
        },
        "2021-09": {
            "month": "2021-09",
            "price": "52.23",
            "revenue": 396136
        },
        "2021-10": {
            "month": "2021-10",
            "price": "49.36",
            "revenue": 417955
        },
        "2021-11": {
            "month": "2021-11",
            "price": "50.38",
            "revenue": 460449
        },
        "2021-12": {
            "month": "2021-12",
            "price": "56.36",
            "revenue": 541107
        },
        "2022-01": {
            "month": "2022-01",
            "price": "55.73",
            "revenue": 620827
        },
        "2022-02": {
            "month": "2022-02",
            "price": "57.25",
            "revenue": 355297
        },
        "2022-03": {
            "month": "2022-03",
            "price": "56.11",
            "revenue": 678441
        },
        "2022-04": {
            "month": "2022-04",
            "price": "62.48",
            "revenue": 524786
        },
        "2022-05": {
            "month": "2022-05",
            "price": "59.42",
            "revenue": 672291
        },
        "2022-06": {
            "month": "2022-06",
            "price": "59.07",
            "revenue": 669928
        },
        "2022-07": {
            "month": "2022-07",
            "price": "63.39",
            "revenue": 621752
        },
        "2022-08": {
            "month": "2022-08",
            "price": "65.00",
            "revenue": 646693
        },
        "2022-09": {
            "month": "2022-09",
            "price": "59.01",
            "revenue": 770226
        },
        "2022-10": {
            "month": "2022-10",
            "price": "55.04",
            "revenue": 809824
        },
        "2022-11": {
            "month": "2022-11",
            "price": "59.80",
            "revenue": 805069
        },
        "2022-12": {
            "month": "2022-12",
            "price": "69.76",
            "revenue": 705835
        },
        "2023-01": {
            "month": "2023-01",
            "price": "82.38",
            "revenue": 658638
        },
        "2023-02": {
            "month": "2023-02",
            "price": "85.98",
            "revenue": 622854
        },
        "2023-03": {
            "month": "2023-03",
            "price": "89.11",
            "revenue": 802967
        },
        "2023-04": {
            "month": "2023-04",
            "price": "100.53",
            "revenue": 704558
        }
    }
}
