{
    "summary": {
        "stock_name": "群創",
        "stock_id": "3481",
        "category": "光電",
        "main_business": "電子零組件製造業<br>國際貿易業",
        "website_url": "http://www.innolux.com",
        "ceo": "楊柱祥",
        "pe_ratio": -5,
        "report_year_from": 2004,
        "report_year_to": 2023,
        "age": 20,
        "eps_negative_percentage": 37,
        "eps_growth_avg": {
            "last_all": -8.62,
            "last_2y": 0,
            "last_4y": -33.33,
            "last_8y": -32.57,
            "last_12y": -16,
            "last_16y": -18.23,
            "last_20y": null,
            "at_2006_last_3y": null,
            "at_2007_last_3y": null,
            "at_2008_last_3y": null,
            "at_2009_last_3y": 6.13,
            "at_2010_last_3y": -24.16,
            "at_2011_last_3y": -86.24,
            "at_2012_last_3y": -100,
            "at_2013_last_3y": null,
            "at_2014_last_3y": 100,
            "at_2015_last_3y": 24.11,
            "at_2016_last_3y": -11.4,
            "at_2017_last_3y": 16.45,
            "at_2018_last_3y": -32,
            "at_2019_last_3y": -44.06,
            "at_2020_last_3y": -31.27,
            "at_2021_last_3y": -31.27,
            "at_2022_last_3y": -33.33,
            "at_2023_last_3y": 0,
            "at_2024_last_3y": 0,
            "at_2006_last_all": null,
            "at_2007_last_all": 98.51,
            "at_2008_last_all": 41.51,
            "at_2009_last_all": 6.13,
            "at_2010_last_all": 6.13,
            "at_2011_last_all": 6.13,
            "at_2012_last_all": 6.13,
            "at_2013_last_all": 6.13,
            "at_2014_last_all": 24.91,
            "at_2015_last_all": 12.12,
            "at_2016_last_all": -1.38,
            "at_2017_last_all": 11.29,
            "at_2018_last_all": -0.39,
            "at_2019_last_all": -10.35,
            "at_2020_last_all": -10.35,
            "at_2021_last_all": -0.32,
            "at_2022_last_all": -8.62,
            "at_2023_last_all": -8.62,
            "at_2024_last_all": -8.62
        },
        "latest_eps": -3.08,
        "latest_price": 14.5,
        "latest_roe": -11.08,
        "latest_gross_margin": 7.19,
        "latest_equity": 234561004,
        "latest_revenue": 57653668,
        "latest_gross_profit": 4143815,
        "latest_net_income": -1885465,
        "latest_debt_ratio": 40.76,
        "latest_current_ratio": 141.13,
        "latest_account_receivable_turnover_ratio": 1.63,
        "latest_inventory_turnover_ratio": 1.54,
        "latest_reinvestment_rate": -503.5,
        "latest_research_to_sale_ratio": 5.5
    },
    "eps_dividends": {
        "2001": {
            "cash": 0,
            "stock": 0,
            "eps": 0
        },
        "2002": {
            "cash": 0,
            "stock": 0,
            "eps": 0
        },
        "2003": {
            "cash": 0,
            "stock": 0,
            "eps": 0
        },
        "2004": {
            "cash": 0,
            "stock": 0,
            "eps": 0
        },
        "2005": {
            "cash": 0,
            "stock": 0,
            "eps": 0.67
        },
        "2006": {
            "cash": 0,
            "stock": 0,
            "eps": 1.32
        },
        "2007": {
            "cash": 0.2,
            "stock": 0.4,
            "eps": 6.65
        },
        "2008": {
            "cash": 1.5,
            "stock": 1,
            "eps": 1.83
        },
        "2009": {
            "cash": 0.2,
            "stock": 0.3,
            "eps": -0.76
        },
        "2010": {
            "cash": 0,
            "stock": 0,
            "eps": -1.63
        },
        "2011": {
            "cash": 0,
            "stock": 0,
            "eps": -8.81
        },
        "2012": {
            "cash": 0,
            "stock": 0,
            "eps": -3.93
        },
        "2013": {
            "cash": 0,
            "stock": 0,
            "eps": 0.57
        },
        "2014": {
            "cash": 0.15,
            "stock": 0,
            "eps": 2.24
        },
        "2015": {
            "cash": 0.7,
            "stock": 0,
            "eps": 1.08
        },
        "2016": {
            "cash": 0.2,
            "stock": 0,
            "eps": 0.19
        },
        "2017": {
            "cash": 0.1,
            "stock": 0,
            "eps": 3.72
        },
        "2018": {
            "cash": 0.8,
            "stock": 0,
            "eps": 0.23
        },
        "2019": {
            "cash": 0.06,
            "stock": 0,
            "eps": -1.77
        },
        "2020": {
            "cash": 0.1,
            "stock": 0,
            "eps": 0.14
        },
        "2021": {
            "cash": 0.4,
            "stock": 0,
            "eps": 5.53
        },
        "2022": {
            "cash": 1.05,
            "stock": 0,
            "eps": -2.84
        },
        "2023": {
            "cash": 0,
            "stock": 0,
            "eps": -1.63
        }
    },
    "dividends": {
        "2007-03-27": {
            "cash": 0.2,
            "stock": 0.4
        },
        "2008-04-24": {
            "cash": 1.5,
            "stock": 1
        },
        "2009-04-29": {
            "cash": 0.2,
            "stock": 0.3
        },
        "2014-08-12": {
            "cash": 0.15,
            "stock": 0
        },
        "2015-08-12": {
            "cash": 0.7,
            "stock": 0
        },
        "2016-08-16": {
            "cash": 0.2,
            "stock": 0
        },
        "2017-08-15": {
            "cash": 0.1,
            "stock": 0
        },
        "2018-08-15": {
            "cash": 0.8,
            "stock": 0
        },
        "2019-08-15": {
            "cash": 0.06,
            "stock": 0
        },
        "2020-08-14": {
            "cash": 0.1,
            "stock": 0
        },
        "2021-08-24": {
            "cash": 0.4,
            "stock": 0
        },
        "2022-08-10": {
            "cash": 1.05,
            "stock": 0
        }
    },
    "prices": {
        "200101": "無",
        "200102": "無",
        "200103": "無",
        "200104": "無",
        "200105": "無",
        "200106": "無",
        "200107": "無",
        "200108": "無",
        "200109": "無",
        "200110": "無",
        "200111": "無",
        "200112": "無",
        "200201": "無",
        "200202": "無",
        "200203": "無",
        "200204": "無",
        "200205": "無",
        "200206": "無",
        "200207": "無",
        "200208": "無",
        "200209": "無",
        "200210": "無",
        "200211": "無",
        "200212": "無",
        "200301": "無",
        "200302": "無",
        "200303": "無",
        "200304": "無",
        "200305": "無",
        "200306": "無",
        "200307": "無",
        "200308": "無",
        "200309": "無",
        "200310": "無",
        "200311": "無",
        "200312": "無",
        "200401": "無",
        "200402": "無",
        "200403": "無",
        "200404": "無",
        "200405": "無",
        "200406": "無",
        "200407": "無",
        "200408": "無",
        "200409": "無",
        "200410": "無",
        "200411": "無",
        "200412": "無",
        "200501": "無",
        "200502": "無",
        "200503": "無",
        "200504": "無",
        "200505": "無",
        "200506": "無",
        "200507": "41.49",
        "200508": "40.19",
        "200509": "37.18",
        "200510": "31.68",
        "200511": "28.91",
        "200512": "33.13",
        "200601": "46.85",
        "200602": "51.05",
        "200603": "50.64",
        "200604": "51.66",
        "200605": "52.68",
        "200606": "47.85",
        "200607": "44.32",
        "200608": "42.55",
        "200609": "52.33",
        "200610": "52.77",
        "200611": "55.54",
        "200612": "55.46",
        "200701": "71.53",
        "200702": "82.64",
        "200703": "81.11",
        "200704": "90.37",
        "200705": "100.30",
        "200706": "122.70",
        "200707": "154.36",
        "200708": "142.52",
        "200709": "140.58",
        "200710": "145.84",
        "200711": "126.84",
        "200712": "106.98",
        "200801": "84.00",
        "200802": "76.58",
        "200803": "83.12",
        "200804": "89.69",
        "200805": "88.38",
        "200806": "70.32",
        "200807": "54.21",
        "200808": "49.14",
        "200809": "43.36",
        "200810": "34.37",
        "200811": "20.02",
        "200812": "21.63",
        "200901": "25.99",
        "200902": "28.90",
        "200903": "31.74",
        "200904": "36.51",
        "200905": "43.48",
        "200906": "40.41",
        "200907": "43.37",
        "200908": "39.45",
        "200909": "40.02",
        "200910": "44.61",
        "200911": "45.73",
        "200912": "46.30",
        "201001": "53.36",
        "201002": "49.66",
        "201003": "48.68",
        "201004": "47.50",
        "201005": "38.48",
        "201006": "34.90",
        "201007": "34.80",
        "201008": "36.23",
        "201009": "37.75",
        "201010": "41.07",
        "201011": "39.69",
        "201012": "39.45",
        "201101": "37.10",
        "201102": "32.84",
        "201103": "31.23",
        "201104": "31.01",
        "201105": "27.80",
        "201106": "25.40",
        "201107": "17.75",
        "201108": "12.85",
        "201109": "12.61",
        "201110": "12.27",
        "201111": "13.28",
        "201112": "12.54",
        "201201": "12.65",
        "201202": "15.86",
        "201203": "15.01",
        "201204": "13.42",
        "201205": "12.36",
        "201206": "11.96",
        "201207": "10.85",
        "201208": "9.50",
        "201209": "10.66",
        "201210": "10.72",
        "201211": "11.45",
        "201212": "15.40",
        "201301": "15.15",
        "201302": "15.72",
        "201303": "17.80",
        "201304": "17.92",
        "201305": "19.57",
        "201306": "17.55",
        "201307": "14.37",
        "201308": "13.96",
        "201309": "14.44",
        "201310": "12.04",
        "201311": "10.42",
        "201312": "10.82",
        "201401": "11.01",
        "201402": "10.59",
        "201403": "10.39",
        "201404": "11.08",
        "201405": "11.45",
        "201406": "12.39",
        "201407": "14.96",
        "201408": "14.10",
        "201409": "14.09",
        "201410": "12.87",
        "201411": "14.44",
        "201412": "14.82",
        "201501": "16.23",
        "201502": "16.00",
        "201503": "15.62",
        "201504": "15.52",
        "201505": "17.17",
        "201506": "16.68",
        "201507": "13.43",
        "201508": "10.43",
        "201509": "11.00",
        "201510": "10.95",
        "201511": "10.32",
        "201512": "9.92",
        "201601": "9.47",
        "201602": "9.34",
        "201603": "10.86",
        "201604": "10.83",
        "201605": "9.47",
        "201606": "9.67",
        "201607": "11.18",
        "201608": "11.65",
        "201609": "10.81",
        "201610": "10.77",
        "201611": "10.97",
        "201612": "11.40",
        "201701": "12.84",
        "201702": "12.86",
        "201703": "12.27",
        "201704": "13.97",
        "201705": "13.50",
        "201706": "14.56",
        "201707": "15.27",
        "201708": "14.26",
        "201709": "14.41",
        "201710": "13.89",
        "201711": "13.19",
        "201712": "12.56",
        "201801": "13.43",
        "201802": "13.17",
        "201803": "12.95",
        "201804": "11.98",
        "201805": "11.45",
        "201806": "11.65",
        "201807": "11.26",
        "201808": "11.31",
        "201809": "10.76",
        "201810": "9.66",
        "201811": "10.04",
        "201812": "10.04",
        "201901": "10.19",
        "201902": "10.06",
        "201903": "10.05",
        "201904": "10.09",
        "201905": "8.27",
        "201906": "7.30",
        "201907": "7.36",
        "201908": "6.59",
        "201909": "7.06",
        "201910": "6.92",
        "201911": "7.00",
        "201912": "8.21",
        "202001": "8.79",
        "202002": "8.92",
        "202003": "6.30",
        "202004": "6.19",
        "202005": "6.25",
        "202006": "7.59",
        "202007": "8.27",
        "202008": "8.35",
        "202009": "9.89",
        "202010": "9.76",
        "202011": "9.67",
        "202012": "13.63",
        "202101": "13.51",
        "202102": "15.42",
        "202103": "18.02",
        "202104": "25.81",
        "202105": "22.74",
        "202106": "21.65",
        "202107": "19.83",
        "202108": "18.98",
        "202109": "16.76",
        "202110": "15.98",
        "202111": "17.74",
        "202112": "18.90",
        "202201": "18.48",
        "202202": "17.07",
        "202203": "17.14",
        "202204": "15.28",
        "202205": "13.79",
        "202206": "13.31",
        "202207": "11.10",
        "202208": "11.40",
        "202209": "11.62",
        "202210": "12.39",
        "202211": "12.63",
        "202212": "11.61",
        "202301": "11.64",
        "202302": "13.34",
        "202303": "14.58",
        "202304": "14.44",
        "202305": "13.62",
        "202306": "15.04",
        "202307": "15.93",
        "202308": "15.58",
        "202309": "13.71",
        "202310": "12.20",
        "202311": "12.47",
        "202312": "13.12"
    },
    "quarters": {
        "20011": {
            "year_quarter": 20011,
            "year": 2001,
            "quarter": 1,
            "eps": null,
            "eps_growth_year": null,
            "eps_4q": null,
            "eps_4q_growth_year": null,
            "roe": null,
            "roe_4q": 0,
            "gross_profit": null,
            "gross_margin": null,
            "gross_margin_4q_avg": 0,
            "net_income": null,
            "net_income_4q": null,
            "revenue": null,
            "revenue_4q": null,
            "common_shares": null,
            "book_valuer_per_share": null,
            "book_valuer_per_share_4q_avg": 0,
            "equity": null,
            "current_ratio": null,
            "debt_ratio": null,
            "inventory_turnover_ratio": null,
            "account_receivable_turnover_ratio": null,
            "reinvestment_rate": null,
            "research_to_sale_ratio": null,
            "price_fair": 0,
            "eps_avg_yearly": 0,
            "eps_latest_yearly": 0,
            "eps_growth_yearly": 0
        },
        "20012": {
            "year_quarter": 20012,
            "year": 2001,
            "quarter": 2,
            "eps": null,
            "eps_growth_year": null,
            "eps_4q": null,
            "eps_4q_growth_year": null,
            "roe": null,
            "roe_4q": 0,
            "gross_profit": null,
            "gross_margin": null,
            "gross_margin_4q_avg": 0,
            "net_income": null,
            "net_income_4q": null,
            "revenue": null,
            "revenue_4q": null,
            "common_shares": null,
            "book_valuer_per_share": null,
            "book_valuer_per_share_4q_avg": 0,
            "equity": null,
            "current_ratio": null,
            "debt_ratio": null,
            "inventory_turnover_ratio": null,
            "account_receivable_turnover_ratio": null,
            "reinvestment_rate": null,
            "research_to_sale_ratio": null,
            "price_fair": 0,
            "eps_avg_yearly": 0,
            "eps_latest_yearly": 0,
            "eps_growth_yearly": 0
        },
        "20013": {
            "year_quarter": 20013,
            "year": 2001,
            "quarter": 3,
            "eps": null,
            "eps_growth_year": null,
            "eps_4q": null,
            "eps_4q_growth_year": null,
            "roe": null,
            "roe_4q": 0,
            "gross_profit": null,
            "gross_margin": null,
            "gross_margin_4q_avg": 0,
            "net_income": null,
            "net_income_4q": null,
            "revenue": null,
            "revenue_4q": null,
            "common_shares": null,
            "book_valuer_per_share": null,
            "book_valuer_per_share_4q_avg": 0,
            "equity": null,
            "current_ratio": null,
            "debt_ratio": null,
            "inventory_turnover_ratio": null,
            "account_receivable_turnover_ratio": null,
            "reinvestment_rate": null,
            "research_to_sale_ratio": null,
            "price_fair": 0,
            "eps_avg_yearly": 0,
            "eps_latest_yearly": 0,
            "eps_growth_yearly": 0
        },
        "20014": {
            "year_quarter": 20014,
            "year": 2001,
            "quarter": 4,
            "eps": null,
            "eps_growth_year": null,
            "eps_4q": null,
            "eps_4q_growth_year": null,
            "roe": null,
            "roe_4q": 0,
            "gross_profit": null,
            "gross_margin": null,
            "gross_margin_4q_avg": 0,
            "net_income": null,
            "net_income_4q": null,
            "revenue": null,
            "revenue_4q": null,
            "common_shares": null,
            "book_valuer_per_share": null,
            "book_valuer_per_share_4q_avg": 0,
            "equity": null,
            "current_ratio": null,
            "debt_ratio": null,
            "inventory_turnover_ratio": null,
            "account_receivable_turnover_ratio": null,
            "reinvestment_rate": null,
            "research_to_sale_ratio": null,
            "price_fair": 0,
            "eps_avg_yearly": 0,
            "eps_latest_yearly": 0,
            "eps_growth_yearly": 0
        },
        "20021": {
            "year_quarter": 20021,
            "year": 2002,
            "quarter": 1,
            "eps": null,
            "eps_growth_year": null,
            "eps_4q": null,
            "eps_4q_growth_year": null,
            "roe": null,
            "roe_4q": 0,
            "gross_profit": null,
            "gross_margin": null,
            "gross_margin_4q_avg": 0,
            "net_income": null,
            "net_income_4q": null,
            "revenue": null,
            "revenue_4q": null,
            "common_shares": null,
            "book_valuer_per_share": null,
            "book_valuer_per_share_4q_avg": 0,
            "equity": null,
            "current_ratio": null,
            "debt_ratio": null,
            "inventory_turnover_ratio": null,
            "account_receivable_turnover_ratio": null,
            "reinvestment_rate": null,
            "research_to_sale_ratio": null,
            "price_fair": 0,
            "eps_avg_yearly": 0,
            "eps_latest_yearly": 0,
            "eps_growth_yearly": 0
        },
        "20022": {
            "year_quarter": 20022,
            "year": 2002,
            "quarter": 2,
            "eps": null,
            "eps_growth_year": null,
            "eps_4q": null,
            "eps_4q_growth_year": null,
            "roe": null,
            "roe_4q": 0,
            "gross_profit": null,
            "gross_margin": null,
            "gross_margin_4q_avg": 0,
            "net_income": null,
            "net_income_4q": null,
            "revenue": null,
            "revenue_4q": null,
            "common_shares": null,
            "book_valuer_per_share": null,
            "book_valuer_per_share_4q_avg": 0,
            "equity": null,
            "current_ratio": null,
            "debt_ratio": null,
            "inventory_turnover_ratio": null,
            "account_receivable_turnover_ratio": null,
            "reinvestment_rate": null,
            "research_to_sale_ratio": null,
            "price_fair": 0,
            "eps_avg_yearly": 0,
            "eps_latest_yearly": 0,
            "eps_growth_yearly": 0
        },
        "20023": {
            "year_quarter": 20023,
            "year": 2002,
            "quarter": 3,
            "eps": null,
            "eps_growth_year": null,
            "eps_4q": null,
            "eps_4q_growth_year": null,
            "roe": null,
            "roe_4q": 0,
            "gross_profit": null,
            "gross_margin": null,
            "gross_margin_4q_avg": 0,
            "net_income": null,
            "net_income_4q": null,
            "revenue": null,
            "revenue_4q": null,
            "common_shares": null,
            "book_valuer_per_share": null,
            "book_valuer_per_share_4q_avg": 0,
            "equity": null,
            "current_ratio": null,
            "debt_ratio": null,
            "inventory_turnover_ratio": null,
            "account_receivable_turnover_ratio": null,
            "reinvestment_rate": null,
            "research_to_sale_ratio": null,
            "price_fair": 0,
            "eps_avg_yearly": 0,
            "eps_latest_yearly": 0,
            "eps_growth_yearly": 0
        },
        "20024": {
            "year_quarter": 20024,
            "year": 2002,
            "quarter": 4,
            "eps": null,
            "eps_growth_year": null,
            "eps_4q": null,
            "eps_4q_growth_year": null,
            "roe": null,
            "roe_4q": 0,
            "gross_profit": null,
            "gross_margin": null,
            "gross_margin_4q_avg": 0,
            "net_income": null,
            "net_income_4q": null,
            "revenue": null,
            "revenue_4q": null,
            "common_shares": null,
            "book_valuer_per_share": null,
            "book_valuer_per_share_4q_avg": 0,
            "equity": null,
            "current_ratio": null,
            "debt_ratio": null,
            "inventory_turnover_ratio": null,
            "account_receivable_turnover_ratio": null,
            "reinvestment_rate": null,
            "research_to_sale_ratio": null,
            "price_fair": 0,
            "eps_avg_yearly": 0,
            "eps_latest_yearly": 0,
            "eps_growth_yearly": 0
        },
        "20031": {
            "year_quarter": 20031,
            "year": 2003,
            "quarter": 1,
            "eps": null,
            "eps_growth_year": null,
            "eps_4q": null,
            "eps_4q_growth_year": null,
            "roe": null,
            "roe_4q": 0,
            "gross_profit": null,
            "gross_margin": null,
            "gross_margin_4q_avg": 0,
            "net_income": null,
            "net_income_4q": null,
            "revenue": null,
            "revenue_4q": null,
            "common_shares": null,
            "book_valuer_per_share": null,
            "book_valuer_per_share_4q_avg": 0,
            "equity": null,
            "current_ratio": null,
            "debt_ratio": null,
            "inventory_turnover_ratio": null,
            "account_receivable_turnover_ratio": null,
            "reinvestment_rate": null,
            "research_to_sale_ratio": null,
            "price_fair": 0,
            "eps_avg_yearly": 0,
            "eps_latest_yearly": 0,
            "eps_growth_yearly": 0
        },
        "20032": {
            "year_quarter": 20032,
            "year": 2003,
            "quarter": 2,
            "eps": null,
            "eps_growth_year": null,
            "eps_4q": null,
            "eps_4q_growth_year": null,
            "roe": null,
            "roe_4q": 0,
            "gross_profit": null,
            "gross_margin": null,
            "gross_margin_4q_avg": 0,
            "net_income": null,
            "net_income_4q": null,
            "revenue": null,
            "revenue_4q": null,
            "common_shares": null,
            "book_valuer_per_share": null,
            "book_valuer_per_share_4q_avg": 0,
            "equity": null,
            "current_ratio": null,
            "debt_ratio": null,
            "inventory_turnover_ratio": null,
            "account_receivable_turnover_ratio": null,
            "reinvestment_rate": null,
            "research_to_sale_ratio": null,
            "price_fair": 0,
            "eps_avg_yearly": 0,
            "eps_latest_yearly": 0,
            "eps_growth_yearly": 0
        },
        "20033": {
            "year_quarter": 20033,
            "year": 2003,
            "quarter": 3,
            "eps": null,
            "eps_growth_year": null,
            "eps_4q": null,
            "eps_4q_growth_year": null,
            "roe": null,
            "roe_4q": 0,
            "gross_profit": null,
            "gross_margin": null,
            "gross_margin_4q_avg": 0,
            "net_income": null,
            "net_income_4q": null,
            "revenue": null,
            "revenue_4q": null,
            "common_shares": null,
            "book_valuer_per_share": null,
            "book_valuer_per_share_4q_avg": 0,
            "equity": null,
            "current_ratio": null,
            "debt_ratio": null,
            "inventory_turnover_ratio": null,
            "account_receivable_turnover_ratio": null,
            "reinvestment_rate": null,
            "research_to_sale_ratio": null,
            "price_fair": 0,
            "eps_avg_yearly": 0,
            "eps_latest_yearly": 0,
            "eps_growth_yearly": 0
        },
        "20034": {
            "year_quarter": 20034,
            "year": 2003,
            "quarter": 4,
            "eps": null,
            "eps_growth_year": null,
            "eps_4q": null,
            "eps_4q_growth_year": null,
            "roe": null,
            "roe_4q": 0,
            "gross_profit": null,
            "gross_margin": null,
            "gross_margin_4q_avg": 0,
            "net_income": null,
            "net_income_4q": null,
            "revenue": null,
            "revenue_4q": null,
            "common_shares": 3000000,
            "book_valuer_per_share": 9.45,
            "book_valuer_per_share_4q_avg": 2.36,
            "equity": 2833793,
            "current_ratio": 312.22,
            "debt_ratio": 18.58,
            "inventory_turnover_ratio": null,
            "account_receivable_turnover_ratio": null,
            "reinvestment_rate": null,
            "research_to_sale_ratio": null,
            "price_fair": 0,
            "eps_avg_yearly": 0,
            "eps_latest_yearly": 0,
            "eps_growth_yearly": 0
        },
        "20041": {
            "year_quarter": 20041,
            "year": 2004,
            "quarter": 1,
            "eps": null,
            "eps_growth_year": null,
            "eps_4q": null,
            "eps_4q_growth_year": null,
            "roe": null,
            "roe_4q": 0,
            "gross_profit": null,
            "gross_margin": null,
            "gross_margin_4q_avg": 0,
            "net_income": null,
            "net_income_4q": null,
            "revenue": null,
            "revenue_4q": null,
            "common_shares": null,
            "book_valuer_per_share": null,
            "book_valuer_per_share_4q_avg": 2.36,
            "equity": null,
            "current_ratio": null,
            "debt_ratio": null,
            "inventory_turnover_ratio": null,
            "account_receivable_turnover_ratio": null,
            "reinvestment_rate": null,
            "research_to_sale_ratio": null,
            "price_fair": 0,
            "eps_avg_yearly": 0,
            "eps_latest_yearly": 0,
            "eps_growth_yearly": 0
        },
        "20042": {
            "year_quarter": 20042,
            "year": 2004,
            "quarter": 2,
            "eps": null,
            "eps_growth_year": null,
            "eps_4q": null,
            "eps_4q_growth_year": null,
            "roe": null,
            "roe_4q": 0,
            "gross_profit": null,
            "gross_margin": null,
            "gross_margin_4q_avg": 0,
            "net_income": null,
            "net_income_4q": null,
            "revenue": null,
            "revenue_4q": null,
            "common_shares": null,
            "book_valuer_per_share": null,
            "book_valuer_per_share_4q_avg": 2.36,
            "equity": null,
            "current_ratio": null,
            "debt_ratio": null,
            "inventory_turnover_ratio": null,
            "account_receivable_turnover_ratio": null,
            "reinvestment_rate": null,
            "research_to_sale_ratio": null,
            "price_fair": 0,
            "eps_avg_yearly": 0,
            "eps_latest_yearly": 0,
            "eps_growth_yearly": 0
        },
        "20043": {
            "year_quarter": 20043,
            "year": 2004,
            "quarter": 3,
            "eps": null,
            "eps_growth_year": null,
            "eps_4q": null,
            "eps_4q_growth_year": null,
            "roe": null,
            "roe_4q": 0,
            "gross_profit": null,
            "gross_margin": null,
            "gross_margin_4q_avg": 0,
            "net_income": null,
            "net_income_4q": null,
            "revenue": null,
            "revenue_4q": null,
            "common_shares": null,
            "book_valuer_per_share": null,
            "book_valuer_per_share_4q_avg": 2.36,
            "equity": null,
            "current_ratio": null,
            "debt_ratio": null,
            "inventory_turnover_ratio": null,
            "account_receivable_turnover_ratio": null,
            "reinvestment_rate": null,
            "research_to_sale_ratio": null,
            "price_fair": 0,
            "eps_avg_yearly": 0,
            "eps_latest_yearly": 0,
            "eps_growth_yearly": 0
        },
        "20044": {
            "year_quarter": 20044,
            "year": 2004,
            "quarter": 4,
            "eps": null,
            "eps_growth_year": null,
            "eps_4q": null,
            "eps_4q_growth_year": null,
            "roe": null,
            "roe_4q": 0,
            "gross_profit": null,
            "gross_margin": null,
            "gross_margin_4q_avg": 0,
            "net_income": null,
            "net_income_4q": null,
            "revenue": null,
            "revenue_4q": null,
            "common_shares": 15000000,
            "book_valuer_per_share": 10.14,
            "book_valuer_per_share_4q_avg": 2.54,
            "equity": 15594259,
            "current_ratio": 144.31,
            "debt_ratio": 54.2,
            "inventory_turnover_ratio": null,
            "account_receivable_turnover_ratio": null,
            "reinvestment_rate": null,
            "research_to_sale_ratio": null,
            "price_fair": 0,
            "eps_avg_yearly": 0,
            "eps_latest_yearly": 0,
            "eps_growth_yearly": 0
        },
        "20051": {
            "year_quarter": 20051,
            "year": 2005,
            "quarter": 1,
            "eps": null,
            "eps_growth_year": null,
            "eps_4q": null,
            "eps_4q_growth_year": null,
            "roe": null,
            "roe_4q": 0,
            "gross_profit": null,
            "gross_margin": null,
            "gross_margin_4q_avg": 0,
            "net_income": null,
            "net_income_4q": null,
            "revenue": null,
            "revenue_4q": null,
            "common_shares": null,
            "book_valuer_per_share": null,
            "book_valuer_per_share_4q_avg": 2.54,
            "equity": null,
            "current_ratio": null,
            "debt_ratio": null,
            "inventory_turnover_ratio": null,
            "account_receivable_turnover_ratio": null,
            "reinvestment_rate": null,
            "research_to_sale_ratio": null,
            "price_fair": 0,
            "eps_avg_yearly": 0,
            "eps_latest_yearly": 0,
            "eps_growth_yearly": 0
        },
        "20052": {
            "year_quarter": 20052,
            "year": 2005,
            "quarter": 2,
            "eps": null,
            "eps_growth_year": null,
            "eps_4q": null,
            "eps_4q_growth_year": null,
            "roe": null,
            "roe_4q": 0,
            "gross_profit": null,
            "gross_margin": null,
            "gross_margin_4q_avg": 0,
            "net_income": null,
            "net_income_4q": null,
            "revenue": null,
            "revenue_4q": null,
            "common_shares": null,
            "book_valuer_per_share": null,
            "book_valuer_per_share_4q_avg": 2.54,
            "equity": null,
            "current_ratio": null,
            "debt_ratio": null,
            "inventory_turnover_ratio": null,
            "account_receivable_turnover_ratio": null,
            "reinvestment_rate": null,
            "research_to_sale_ratio": null,
            "price_fair": 0,
            "eps_avg_yearly": 0,
            "eps_latest_yearly": 0,
            "eps_growth_yearly": 0
        },
        "20053": {
            "year_quarter": 20053,
            "year": 2005,
            "quarter": 3,
            "eps": 0.38,
            "eps_growth_year": null,
            "eps_4q": null,
            "eps_4q_growth_year": null,
            "roe": 2.8,
            "roe_4q": 2.8,
            "gross_profit": 1525551,
            "gross_margin": 8.22,
            "gross_margin_4q_avg": 2.06,
            "net_income": 656922,
            "net_income_4q": null,
            "revenue": 18565064,
            "revenue_4q": null,
            "common_shares": 21000000,
            "book_valuer_per_share": 11.18,
            "book_valuer_per_share_4q_avg": 5.33,
            "equity": 23468316,
            "current_ratio": 100.24,
            "debt_ratio": 65.35,
            "inventory_turnover_ratio": 1.98,
            "account_receivable_turnover_ratio": null,
            "reinvestment_rate": null,
            "research_to_sale_ratio": null,
            "price_fair": 0,
            "eps_avg_yearly": 0,
            "eps_latest_yearly": 0,
            "eps_growth_yearly": 0
        },
        "20054": {
            "year_quarter": 20054,
            "year": 2005,
            "quarter": 4,
            "eps": 0.29,
            "eps_growth_year": null,
            "eps_4q": null,
            "eps_4q_growth_year": null,
            "roe": 2.3,
            "roe_4q": 5.1,
            "gross_profit": 1334327,
            "gross_margin": 6.87,
            "gross_margin_4q_avg": 3.77,
            "net_income": 552096,
            "net_income_4q": null,
            "revenue": 19433659,
            "revenue_4q": null,
            "common_shares": 21000000,
            "book_valuer_per_share": 11.51,
            "book_valuer_per_share_4q_avg": 5.67,
            "equity": 24566465,
            "current_ratio": 129.55,
            "debt_ratio": 67.42,
            "inventory_turnover_ratio": 1.66,
            "account_receivable_turnover_ratio": null,
            "reinvestment_rate": null,
            "research_to_sale_ratio": null,
            "price_fair": 3.48,
            "eps_avg_yearly": 1.16,
            "eps_latest_yearly": 1.16,
            "eps_growth_yearly": -94.74
        },
        "20061": {
            "year_quarter": 20061,
            "year": 2006,
            "quarter": 1,
            "eps": 0.04,
            "eps_growth_year": null,
            "eps_4q": null,
            "eps_4q_growth_year": null,
            "roe": 0.33,
            "roe_4q": 5.43,
            "gross_profit": 917145,
            "gross_margin": 4.31,
            "gross_margin_4q_avg": 4.85,
            "net_income": 80987,
            "net_income_4q": null,
            "revenue": 21299964,
            "revenue_4q": null,
            "common_shares": 21066240,
            "book_valuer_per_share": 11.51,
            "book_valuer_per_share_4q_avg": 8.55,
            "equity": 24249340,
            "current_ratio": 126.86,
            "debt_ratio": 67.06,
            "inventory_turnover_ratio": 1.44,
            "account_receivable_turnover_ratio": null,
            "reinvestment_rate": null,
            "research_to_sale_ratio": null,
            "price_fair": 1.98,
            "eps_avg_yearly": 0.66,
            "eps_latest_yearly": 0.16,
            "eps_growth_yearly": -219.78
        },
        "20062": {
            "year_quarter": 20062,
            "year": 2006,
            "quarter": 2,
            "eps": -0.12,
            "eps_growth_year": null,
            "eps_4q": 0.49,
            "eps_4q_growth_year": null,
            "roe": -1.04,
            "roe_4q": 4.39,
            "gross_profit": 1164710,
            "gross_margin": 5.29,
            "gross_margin_4q_avg": 6.17,
            "net_income": -250881,
            "net_income_4q": null,
            "revenue": 22028853,
            "revenue_4q": null,
            "common_shares": 21118560,
            "book_valuer_per_share": 11.38,
            "book_valuer_per_share_4q_avg": 11.4,
            "equity": 24035754,
            "current_ratio": 124.31,
            "debt_ratio": 68.74,
            "inventory_turnover_ratio": 1.31,
            "account_receivable_turnover_ratio": null,
            "reinvestment_rate": null,
            "research_to_sale_ratio": null,
            "price_fair": 1.98,
            "eps_avg_yearly": 0.66,
            "eps_latest_yearly": 0.16,
            "eps_growth_yearly": -219.78
        },
        "20063": {
            "year_quarter": 20063,
            "year": 2006,
            "quarter": 3,
            "eps": 0.22,
            "eps_growth_year": -42.11,
            "eps_4q": 0.4,
            "eps_4q_growth_year": null,
            "roe": 1.88,
            "roe_4q": 3.4699999999999998,
            "gross_profit": 1617628,
            "gross_margin": 6.03,
            "gross_margin_4q_avg": 5.63,
            "net_income": 455645,
            "net_income_4q": null,
            "revenue": 26830082,
            "revenue_4q": null,
            "common_shares": 21121290,
            "book_valuer_per_share": 11.63,
            "book_valuer_per_share_4q_avg": 11.51,
            "equity": 24559665,
            "current_ratio": 124.1,
            "debt_ratio": 69.3,
            "inventory_turnover_ratio": 1.59,
            "account_receivable_turnover_ratio": null,
            "reinvestment_rate": null,
            "research_to_sale_ratio": null,
            "price_fair": 1.98,
            "eps_avg_yearly": 0.66,
            "eps_latest_yearly": 0.16,
            "eps_growth_yearly": -219.78
        },
        "20064": {
            "year_quarter": 20064,
            "year": 2006,
            "quarter": 4,
            "eps": 1.18,
            "eps_growth_year": 306.9,
            "eps_4q": 1.31,
            "eps_4q_growth_year": null,
            "roe": 8.41,
            "roe_4q": 9.58,
            "gross_profit": 3889234,
            "gross_margin": 11.1,
            "gross_margin_4q_avg": 6.68,
            "net_income": 2539500,
            "net_income_4q": null,
            "revenue": 35022840,
            "revenue_4q": null,
            "common_shares": 23121290,
            "book_valuer_per_share": 15.33,
            "book_valuer_per_share_4q_avg": 12.46,
            "equity": 35852084,
            "current_ratio": 123.42,
            "debt_ratio": 60.8,
            "inventory_turnover_ratio": 2.07,
            "account_receivable_turnover_ratio": null,
            "reinvestment_rate": null,
            "research_to_sale_ratio": null,
            "price_fair": 70.47,
            "eps_avg_yearly": 2.01,
            "eps_latest_yearly": 4.72,
            "eps_growth_yearly": 435.3
        },
        "20071": {
            "year_quarter": 20071,
            "year": 2007,
            "quarter": 1,
            "eps": 0.44,
            "eps_growth_year": 1000,
            "eps_4q": 1.61,
            "eps_4q_growth_year": null,
            "roe": 2.85,
            "roe_4q": 12.100000000000001,
            "gross_profit": 2259853,
            "gross_margin": 7.58,
            "gross_margin_4q_avg": 7.5,
            "net_income": 1035785,
            "net_income_4q": null,
            "revenue": 29830595,
            "revenue_4q": null,
            "common_shares": 23317063,
            "book_valuer_per_share": 15.81,
            "book_valuer_per_share_4q_avg": 13.54,
            "equity": 36852918,
            "current_ratio": 135.17,
            "debt_ratio": 54.67,
            "inventory_turnover_ratio": 1.83,
            "account_receivable_turnover_ratio": null,
            "reinvestment_rate": null,
            "research_to_sale_ratio": null,
            "price_fair": 68.25,
            "eps_avg_yearly": 1.95,
            "eps_latest_yearly": 1.76,
            "eps_growth_yearly": 263.76
        },
        "20072": {
            "year_quarter": 20072,
            "year": 2007,
            "quarter": 2,
            "eps": 1.48,
            "eps_growth_year": null,
            "eps_4q": 3.2,
            "eps_4q_growth_year": 550.8,
            "roe": 9.02,
            "roe_4q": 22.16,
            "gross_profit": 4748206,
            "gross_margin": 12.31,
            "gross_margin_4q_avg": 9.26,
            "net_income": 3463978,
            "net_income_4q": null,
            "revenue": 38581412,
            "revenue_4q": null,
            "common_shares": 23317613,
            "book_valuer_per_share": 17.12,
            "book_valuer_per_share_4q_avg": 14.97,
            "equity": 39916446,
            "current_ratio": 137.7,
            "debt_ratio": 55.25,
            "inventory_turnover_ratio": 2.45,
            "account_receivable_turnover_ratio": null,
            "reinvestment_rate": null,
            "research_to_sale_ratio": null,
            "price_fair": 96.04,
            "eps_avg_yearly": 2.74,
            "eps_latest_yearly": 5.92,
            "eps_growth_yearly": 400.1
        },
        "20073": {
            "year_quarter": 20073,
            "year": 2007,
            "quarter": 3,
            "eps": 2.12,
            "eps_growth_year": 863.64,
            "eps_4q": 5.01,
            "eps_4q_growth_year": 1138.3,
            "roe": 12.15,
            "roe_4q": 32.43000000000001,
            "gross_profit": 6716080,
            "gross_margin": 15.54,
            "gross_margin_4q_avg": 11.63,
            "net_income": 5164792,
            "net_income_4q": null,
            "revenue": 43223861,
            "revenue_4q": null,
            "common_shares": 24421550,
            "book_valuer_per_share": 18.46,
            "book_valuer_per_share_4q_avg": 16.68,
            "equity": 45083407,
            "current_ratio": 141.78,
            "debt_ratio": 53.41,
            "inventory_turnover_ratio": 2.55,
            "account_receivable_turnover_ratio": null,
            "reinvestment_rate": null,
            "research_to_sale_ratio": null,
            "price_fair": 129.5,
            "eps_avg_yearly": 3.7,
            "eps_latest_yearly": 8.48,
            "eps_growth_yearly": 362.25
        },
        "20074": {
            "year_quarter": 20074,
            "year": 2007,
            "quarter": 4,
            "eps": 2.61,
            "eps_growth_year": 121.19,
            "eps_4q": 6.5,
            "eps_4q_growth_year": 395.23,
            "roe": 9.24,
            "roe_4q": 33.26,
            "gross_profit": 6451349,
            "gross_margin": 14.55,
            "gross_margin_4q_avg": 12.5,
            "net_income": 6482285,
            "net_income_4q": null,
            "revenue": 44336526,
            "revenue_4q": null,
            "common_shares": 27423721,
            "book_valuer_per_share": 34.75,
            "book_valuer_per_share_4q_avg": 21.54,
            "equity": 95302339,
            "current_ratio": 264.08,
            "debt_ratio": 35.47,
            "inventory_turnover_ratio": 2.35,
            "account_receivable_turnover_ratio": null,
            "reinvestment_rate": null,
            "research_to_sale_ratio": null,
            "price_fair": 163.2,
            "eps_avg_yearly": 4.66,
            "eps_latest_yearly": 10.44,
            "eps_growth_yearly": 323.7
        },
        "20081": {
            "year_quarter": 20081,
            "year": 2008,
            "quarter": 1,
            "eps": 1.2,
            "eps_growth_year": 172.73,
            "eps_4q": 6.68,
            "eps_4q_growth_year": 316.21,
            "roe": 3.41,
            "roe_4q": 33.82,
            "gross_profit": 5077465,
            "gross_margin": 12.3,
            "gross_margin_4q_avg": 13.68,
            "net_income": 3306989,
            "net_income_4q": null,
            "revenue": 41286557,
            "revenue_4q": null,
            "common_shares": 27510260,
            "book_valuer_per_share": 35.83,
            "book_valuer_per_share_4q_avg": 26.54,
            "equity": 98564838,
            "current_ratio": 230.91,
            "debt_ratio": 33.12,
            "inventory_turnover_ratio": 2.21,
            "account_receivable_turnover_ratio": null,
            "reinvestment_rate": null,
            "research_to_sale_ratio": null,
            "price_fair": 163.8,
            "eps_avg_yearly": 4.68,
            "eps_latest_yearly": 4.8,
            "eps_growth_yearly": 256.23
        },
        "20082": {
            "year_quarter": 20082,
            "year": 2008,
            "quarter": 2,
            "eps": 1.25,
            "eps_growth_year": -15.54,
            "eps_4q": 6.65,
            "eps_4q_growth_year": 107.59,
            "roe": 3.53,
            "roe_4q": 28.33,
            "gross_profit": 5595920,
            "gross_margin": 12.49,
            "gross_margin_4q_avg": 13.72,
            "net_income": 3463120,
            "net_income_4q": null,
            "revenue": 44810362,
            "revenue_4q": null,
            "common_shares": 27575830,
            "book_valuer_per_share": 35.4,
            "book_valuer_per_share_4q_avg": 31.11,
            "equity": 97612464,
            "current_ratio": 183.1,
            "debt_ratio": 40.37,
            "inventory_turnover_ratio": 2.21,
            "account_receivable_turnover_ratio": null,
            "reinvestment_rate": null,
            "research_to_sale_ratio": null,
            "price_fair": 165.04,
            "eps_avg_yearly": 4.72,
            "eps_latest_yearly": 5,
            "eps_growth_yearly": 229.61
        },
        "20083": {
            "year_quarter": 20083,
            "year": 2008,
            "quarter": 3,
            "eps": 0.03,
            "eps_growth_year": -98.58,
            "eps_4q": 3.89,
            "eps_4q_growth_year": -22.32,
            "roe": 0.11,
            "roe_4q": 16.29,
            "gross_profit": 1790005,
            "gross_margin": 4.28,
            "gross_margin_4q_avg": 10.91,
            "net_income": 102965,
            "net_income_4q": null,
            "revenue": 41784774,
            "revenue_4q": null,
            "common_shares": 31122970,
            "book_valuer_per_share": 31.55,
            "book_valuer_per_share_4q_avg": 34.38,
            "equity": 98194099,
            "current_ratio": 180.3,
            "debt_ratio": 39.09,
            "inventory_turnover_ratio": 2.2,
            "account_receivable_turnover_ratio": null,
            "reinvestment_rate": null,
            "research_to_sale_ratio": null,
            "price_fair": 148.96,
            "eps_avg_yearly": 4.26,
            "eps_latest_yearly": 0.12,
            "eps_growth_yearly": 167.61
        },
        "20084": {
            "year_quarter": 20084,
            "year": 2008,
            "quarter": 4,
            "eps": -0.65,
            "eps_growth_year": -124.9,
            "eps_4q": 1.56,
            "eps_4q_growth_year": -76,
            "roe": -2.08,
            "roe_4q": 4.97,
            "gross_profit": -434601,
            "gross_margin": -1.33,
            "gross_margin_4q_avg": 6.94,
            "net_income": -2022124,
            "net_income_4q": null,
            "revenue": 32771612,
            "revenue_4q": null,
            "common_shares": 31131470,
            "book_valuer_per_share": 30.97,
            "book_valuer_per_share_4q_avg": 33.44,
            "equity": 96424330,
            "current_ratio": 199.5,
            "debt_ratio": 39.43,
            "inventory_turnover_ratio": 1.89,
            "account_receivable_turnover_ratio": 3.71,
            "reinvestment_rate": null,
            "research_to_sale_ratio": null,
            "price_fair": 148.96,
            "eps_avg_yearly": 4.26,
            "eps_latest_yearly": 0.12,
            "eps_growth_yearly": 167.61
        },
        "20091": {
            "year_quarter": 20091,
            "year": 2009,
            "quarter": 1,
            "eps": -0.83,
            "eps_growth_year": -169.17,
            "eps_4q": -0.34,
            "eps_4q_growth_year": -105.09,
            "roe": -2.74,
            "roe_4q": -1.1800000000000002,
            "gross_profit": -1199373,
            "gross_margin": -3.94,
            "gross_margin_4q_avg": 2.88,
            "net_income": -2606821,
            "net_income_4q": null,
            "revenue": 30414259,
            "revenue_4q": null,
            "common_shares": 31236950,
            "book_valuer_per_share": 30.14,
            "book_valuer_per_share_4q_avg": 32.02,
            "equity": 94141901,
            "current_ratio": 159.74,
            "debt_ratio": 41.89,
            "inventory_turnover_ratio": 1.91,
            "account_receivable_turnover_ratio": 1.72,
            "reinvestment_rate": null,
            "research_to_sale_ratio": null,
            "price_fair": 148.96,
            "eps_avg_yearly": 4.26,
            "eps_latest_yearly": 0.12,
            "eps_growth_yearly": 167.61
        },
        "20092": {
            "year_quarter": 20092,
            "year": 2009,
            "quarter": 2,
            "eps": -0.45,
            "eps_growth_year": -136,
            "eps_4q": -1.91,
            "eps_4q_growth_year": -128.71,
            "roe": -1.55,
            "roe_4q": -6.26,
            "gross_profit": 553664,
            "gross_margin": 1.39,
            "gross_margin_4q_avg": 0.1,
            "net_income": -1444993,
            "net_income_4q": null,
            "revenue": 39927925,
            "revenue_4q": null,
            "common_shares": 31285460,
            "book_valuer_per_share": 29.48,
            "book_valuer_per_share_4q_avg": 30.54,
            "equity": 92225110,
            "current_ratio": 152.72,
            "debt_ratio": 46.25,
            "inventory_turnover_ratio": 2.55,
            "account_receivable_turnover_ratio": 2.1,
            "reinvestment_rate": 363.29,
            "research_to_sale_ratio": null,
            "price_fair": 148.96,
            "eps_avg_yearly": 4.26,
            "eps_latest_yearly": 0.12,
            "eps_growth_yearly": 167.61
        },
        "20093": {
            "year_quarter": 20093,
            "year": 2009,
            "quarter": 3,
            "eps": 0.34,
            "eps_growth_year": 1033.33,
            "eps_4q": -1.56,
            "eps_4q_growth_year": -140.21,
            "roe": 1.16,
            "roe_4q": -5.210000000000001,
            "gross_profit": 3098866,
            "gross_margin": 6.48,
            "gross_margin_4q_avg": 0.65,
            "net_income": 1084159,
            "net_income_4q": null,
            "revenue": 47796021,
            "revenue_4q": null,
            "common_shares": 32431222,
            "book_valuer_per_share": 29.03,
            "book_valuer_per_share_4q_avg": 29.91,
            "equity": 94151704,
            "current_ratio": 162.93,
            "debt_ratio": 48.32,
            "inventory_turnover_ratio": 2.55,
            "account_receivable_turnover_ratio": 2.1,
            "reinvestment_rate": 194.8,
            "research_to_sale_ratio": null,
            "price_fair": 148.96,
            "eps_avg_yearly": 4.26,
            "eps_latest_yearly": 0.12,
            "eps_growth_yearly": 167.61
        },
        "20094": {
            "year_quarter": 20094,
            "year": 2009,
            "quarter": 4,
            "eps": 0.18,
            "eps_growth_year": null,
            "eps_4q": -0.74,
            "eps_4q_growth_year": -147.21,
            "roe": 0.6,
            "roe_4q": -2.5300000000000002,
            "gross_profit": 1764203,
            "gross_margin": 3.79,
            "gross_margin_4q_avg": 1.93,
            "net_income": 570582,
            "net_income_4q": null,
            "revenue": 46588004,
            "revenue_4q": null,
            "common_shares": 32445962,
            "book_valuer_per_share": 29.09,
            "book_valuer_per_share_4q_avg": 29.44,
            "equity": 94689799,
            "current_ratio": 155.63,
            "debt_ratio": 47.56,
            "inventory_turnover_ratio": 2.21,
            "account_receivable_turnover_ratio": 3.67,
            "reinvestment_rate": 199.87,
            "research_to_sale_ratio": null,
            "price_fair": 147.42,
            "eps_avg_yearly": 4.21,
            "eps_latest_yearly": 0.72,
            "eps_growth_yearly": 158.26
        },
        "20101": {
            "year_quarter": 20101,
            "year": 2010,
            "quarter": 1,
            "eps": 0.87,
            "eps_growth_year": null,
            "eps_4q": 0.49,
            "eps_4q_growth_year": null,
            "roe": 1.81,
            "roe_4q": 2.0200000000000005,
            "gross_profit": 7154059,
            "gross_margin": 10.36,
            "gross_margin_4q_avg": 5.51,
            "net_income": 3439910,
            "net_income_4q": null,
            "revenue": 69038515,
            "revenue_4q": null,
            "common_shares": 73012228,
            "book_valuer_per_share": 38.27,
            "book_valuer_per_share_4q_avg": 31.47,
            "equity": 284498528,
            "current_ratio": 92.02,
            "debt_ratio": 60.91,
            "inventory_turnover_ratio": 1.63,
            "account_receivable_turnover_ratio": 1.44,
            "reinvestment_rate": 1783.99,
            "research_to_sale_ratio": 1.45,
            "price_fair": 159.04,
            "eps_avg_yearly": 4.54,
            "eps_latest_yearly": 3.48,
            "eps_growth_yearly": 346.08
        },
        "20102": {
            "year_quarter": 20102,
            "year": 2010,
            "quarter": 2,
            "eps": 1.3,
            "eps_growth_year": null,
            "eps_4q": 1.99,
            "eps_4q_growth_year": null,
            "roe": 3.42,
            "roe_4q": 6.99,
            "gross_profit": 19355292,
            "gross_margin": 13.06,
            "gross_margin_4q_avg": 8.42,
            "net_income": 9896582,
            "net_income_4q": null,
            "revenue": 148187612,
            "revenue_4q": null,
            "common_shares": 73091298,
            "book_valuer_per_share": 39.59,
            "book_valuer_per_share_4q_avg": 34,
            "equity": 293549646,
            "current_ratio": 86.73,
            "debt_ratio": 60.01,
            "inventory_turnover_ratio": 2.12,
            "account_receivable_turnover_ratio": 2.01,
            "reinvestment_rate": 1276.6,
            "research_to_sale_ratio": 1.7,
            "price_fair": 161.13,
            "eps_avg_yearly": 4.6,
            "eps_latest_yearly": 5.2,
            "eps_growth_yearly": 332.59
        },
        "20103": {
            "year_quarter": 20103,
            "year": 2010,
            "quarter": 3,
            "eps": -0.5,
            "eps_growth_year": -246.21,
            "eps_4q": 1.35,
            "eps_4q_growth_year": null,
            "roe": -1.19,
            "roe_4q": 4.64,
            "gross_profit": 4463731,
            "gross_margin": 3.2,
            "gross_margin_4q_avg": 7.6,
            "net_income": -3461294,
            "net_income_4q": null,
            "revenue": 139357296,
            "revenue_4q": null,
            "common_shares": 73117898,
            "book_valuer_per_share": 39.07,
            "book_valuer_per_share_4q_avg": 36.51,
            "equity": 289775878,
            "current_ratio": 81.74,
            "debt_ratio": 59.93,
            "inventory_turnover_ratio": 2.1,
            "account_receivable_turnover_ratio": 1.92,
            "reinvestment_rate": 1440.86,
            "research_to_sale_ratio": 1.82,
            "price_fair": 161.13,
            "eps_avg_yearly": 4.6,
            "eps_latest_yearly": 5.2,
            "eps_growth_yearly": 332.59
        },
        "20104": {
            "year_quarter": 20104,
            "year": 2010,
            "quarter": 4,
            "eps": -3.3,
            "eps_growth_year": -1933.11,
            "eps_4q": -2.03,
            "eps_4q_growth_year": null,
            "roe": -8.72,
            "roe_4q": -4.68,
            "gross_profit": -9351347,
            "gross_margin": -6.85,
            "gross_margin_4q_avg": 4.94,
            "net_income": -24089239,
            "net_income_4q": null,
            "revenue": 136501531,
            "revenue_4q": null,
            "common_shares": 73118098,
            "book_valuer_per_share": 35.39,
            "book_valuer_per_share_4q_avg": 38.08,
            "equity": 262917550,
            "current_ratio": 78.81,
            "debt_ratio": 63.04,
            "inventory_turnover_ratio": 2.31,
            "account_receivable_turnover_ratio": 2.05,
            "reinvestment_rate": 11299.18,
            "research_to_sale_ratio": 2.22,
            "price_fair": 160.72,
            "eps_avg_yearly": 4.59,
            "eps_latest_yearly": 5.2,
            "eps_growth_yearly": 191.3
        },
        "20111": {
            "year_quarter": 20111,
            "year": 2011,
            "quarter": 1,
            "eps": -1.89,
            "eps_growth_year": -317.24,
            "eps_4q": -4.38,
            "eps_4q_growth_year": -989.98,
            "roe": -5.32,
            "roe_4q": -11.81,
            "gross_profit": -6032584,
            "gross_margin": -4.77,
            "gross_margin_4q_avg": 1.16,
            "net_income": -13663046,
            "net_income_4q": null,
            "revenue": 126421504,
            "revenue_4q": null,
            "common_shares": 73126748,
            "book_valuer_per_share": 33.68,
            "book_valuer_per_share_4q_avg": 36.93,
            "equity": 250712956,
            "current_ratio": 82.12,
            "debt_ratio": 65.32,
            "inventory_turnover_ratio": 1.97,
            "account_receivable_turnover_ratio": 1.87,
            "reinvestment_rate": null,
            "research_to_sale_ratio": 2.18,
            "price_fair": 171.73,
            "eps_avg_yearly": 4.91,
            "eps_latest_yearly": 5.2,
            "eps_growth_yearly": 240.43
        },
        "20112": {
            "year_quarter": 20112,
            "year": 2011,
            "quarter": 2,
            "eps": -1.83,
            "eps_growth_year": -240.29,
            "eps_4q": -7.51,
            "eps_4q_growth_year": -476.79,
            "roe": -5.53,
            "roe_4q": -20.76,
            "gross_profit": -6290774,
            "gross_margin": -5.15,
            "gross_margin_4q_avg": -3.39,
            "net_income": -13390087,
            "net_income_4q": null,
            "revenue": 122214015,
            "revenue_4q": null,
            "common_shares": 73128048,
            "book_valuer_per_share": 31.64,
            "book_valuer_per_share_4q_avg": 34.95,
            "equity": 233641572,
            "current_ratio": 85.43,
            "debt_ratio": 67.96,
            "inventory_turnover_ratio": 1.83,
            "account_receivable_turnover_ratio": 1.73,
            "reinvestment_rate": null,
            "research_to_sale_ratio": 1.99,
            "price_fair": 167.3,
            "eps_avg_yearly": 4.78,
            "eps_latest_yearly": 5.2,
            "eps_growth_yearly": 152.3
        },
        "20113": {
            "year_quarter": 20113,
            "year": 2011,
            "quarter": 3,
            "eps": -2.36,
            "eps_growth_year": null,
            "eps_4q": -9.38,
            "eps_4q_growth_year": -795.15,
            "roe": -7.68,
            "roe_4q": -27.25,
            "gross_profit": -12609797,
            "gross_margin": -10.18,
            "gross_margin_4q_avg": -6.74,
            "net_income": -17394992,
            "net_income_4q": null,
            "revenue": 123856370,
            "revenue_4q": null,
            "common_shares": 73129048,
            "book_valuer_per_share": 29.66,
            "book_valuer_per_share_4q_avg": 32.59,
            "equity": 219180740,
            "current_ratio": 76.48,
            "debt_ratio": 69.28,
            "inventory_turnover_ratio": 1.98,
            "account_receivable_turnover_ratio": 1.68,
            "reinvestment_rate": null,
            "research_to_sale_ratio": 2.09,
            "price_fair": 148.8,
            "eps_avg_yearly": 4.25,
            "eps_latest_yearly": 5.2,
            "eps_growth_yearly": 149.35
        },
        "20114": {
            "year_quarter": 20114,
            "year": 2011,
            "quarter": 4,
            "eps": -2.73,
            "eps_growth_year": null,
            "eps_4q": -8.81,
            "eps_4q_growth_year": null,
            "roe": -9.72,
            "roe_4q": -28.25,
            "gross_profit": -10275493,
            "gross_margin": -7.47,
            "gross_margin_4q_avg": -6.89,
            "net_income": -20312473,
            "net_income_4q": null,
            "revenue": 137589311,
            "revenue_4q": null,
            "common_shares": 73129708,
            "book_valuer_per_share": 26.83,
            "book_valuer_per_share_4q_avg": 30.45,
            "equity": 198667943,
            "current_ratio": 50.72,
            "debt_ratio": 70.94,
            "inventory_turnover_ratio": 2.34,
            "account_receivable_turnover_ratio": 1.83,
            "reinvestment_rate": null,
            "research_to_sale_ratio": 1.87,
            "price_fair": 112.7,
            "eps_avg_yearly": 3.22,
            "eps_latest_yearly": 5.2,
            "eps_growth_yearly": 158.83
        },
        "20121": {
            "year_quarter": 20121,
            "year": 2012,
            "quarter": 1,
            "eps": -1.75,
            "eps_growth_year": null,
            "eps_4q": -8.67,
            "eps_4q_growth_year": null,
            "roe": -6.71,
            "roe_4q": -29.64,
            "gross_profit": -6762452,
            "gross_margin": -5.98,
            "gross_margin_4q_avg": -7.2,
            "net_income": -12903253,
            "net_income_4q": null,
            "revenue": 113146234,
            "revenue_4q": null,
            "common_shares": 73129708,
            "book_valuer_per_share": 25.09,
            "book_valuer_per_share_4q_avg": 28.31,
            "equity": 185815168,
            "current_ratio": 84.52,
            "debt_ratio": 71.68,
            "inventory_turnover_ratio": 2.02,
            "account_receivable_turnover_ratio": 1.58,
            "reinvestment_rate": null,
            "research_to_sale_ratio": 1.97,
            "price_fair": 101.64,
            "eps_avg_yearly": 2.9,
            "eps_latest_yearly": 5.2,
            "eps_growth_yearly": 233.81
        },
        "20122": {
            "year_quarter": 20122,
            "year": 2012,
            "quarter": 2,
            "eps": -1.31,
            "eps_growth_year": null,
            "eps_4q": -8.15,
            "eps_4q_growth_year": null,
            "roe": -5.36,
            "roe_4q": -29.47,
            "gross_profit": -1969297,
            "gross_margin": -1.76,
            "gross_margin_4q_avg": -6.35,
            "net_income": -9695270,
            "net_income_4q": null,
            "revenue": 111940536,
            "revenue_4q": null,
            "common_shares": 73129708,
            "book_valuer_per_share": 23.79,
            "book_valuer_per_share_4q_avg": 26.34,
            "equity": 175941097,
            "current_ratio": 84.13,
            "debt_ratio": 72.7,
            "inventory_turnover_ratio": 1.91,
            "account_receivable_turnover_ratio": 1.66,
            "reinvestment_rate": null,
            "research_to_sale_ratio": 2.69,
            "price_fair": 83.3,
            "eps_avg_yearly": 2.38,
            "eps_latest_yearly": 5.2,
            "eps_growth_yearly": 288.1
        },
        "20123": {
            "year_quarter": 20123,
            "year": 2012,
            "quarter": 3,
            "eps": -0.47,
            "eps_growth_year": null,
            "eps_4q": -5.82,
            "eps_4q_growth_year": null,
            "roe": -2.11,
            "roe_4q": -23.9,
            "gross_profit": 4122234,
            "gross_margin": 3.2,
            "gross_margin_4q_avg": -3,
            "net_income": -3720682,
            "net_income_4q": null,
            "revenue": 128904791,
            "revenue_4q": null,
            "common_shares": 79129708,
            "book_valuer_per_share": 22.13,
            "book_valuer_per_share_4q_avg": 24.46,
            "equity": 176459682,
            "current_ratio": 87.61,
            "debt_ratio": 70.86,
            "inventory_turnover_ratio": 2.3,
            "account_receivable_turnover_ratio": 1.77,
            "reinvestment_rate": null,
            "research_to_sale_ratio": 2.58,
            "price_fair": 109.67,
            "eps_avg_yearly": 3.13,
            "eps_latest_yearly": 5.2,
            "eps_growth_yearly": 514.27
        },
        "20124": {
            "year_quarter": 20124,
            "year": 2012,
            "quarter": 4,
            "eps": -0.4,
            "eps_growth_year": null,
            "eps_4q": -3.69,
            "eps_4q_growth_year": null,
            "roe": -1.81,
            "roe_4q": -15.990000000000002,
            "gross_profit": 9346860,
            "gross_margin": 7.21,
            "gross_margin_4q_avg": 0.67,
            "net_income": -3154191,
            "net_income_4q": null,
            "revenue": 129618370,
            "revenue_4q": null,
            "common_shares": 79129708,
            "book_valuer_per_share": 21.6,
            "book_valuer_per_share_4q_avg": 23.15,
            "equity": 172441946,
            "current_ratio": 73.67,
            "debt_ratio": 69.79,
            "inventory_turnover_ratio": 2.65,
            "account_receivable_turnover_ratio": 1.6,
            "reinvestment_rate": null,
            "research_to_sale_ratio": 2.72,
            "price_fair": 109.67,
            "eps_avg_yearly": 3.13,
            "eps_latest_yearly": 5.2,
            "eps_growth_yearly": 514.27
        },
        "20131": {
            "year_quarter": 20131,
            "year": 2013,
            "quarter": 1,
            "eps": 0.19,
            "eps_growth_year": null,
            "eps_4q": -1.62,
            "eps_4q_growth_year": null,
            "roe": 0.92,
            "roe_4q": -8.36,
            "gross_profit": 9010847,
            "gross_margin": 7.71,
            "gross_margin_4q_avg": 4.09,
            "net_income": 1682830,
            "net_income_4q": null,
            "revenue": 116847723,
            "revenue_4q": null,
            "common_shares": 91019608,
            "book_valuer_per_share": 20.9,
            "book_valuer_per_share_4q_avg": 22.11,
            "equity": 191891691,
            "current_ratio": 81.34,
            "debt_ratio": 65.62,
            "inventory_turnover_ratio": 2.47,
            "account_receivable_turnover_ratio": 1.42,
            "reinvestment_rate": null,
            "research_to_sale_ratio": 2.97,
            "price_fair": 109.67,
            "eps_avg_yearly": 3.13,
            "eps_latest_yearly": 5.2,
            "eps_growth_yearly": 514.27
        },
        "20132": {
            "year_quarter": 20132,
            "year": 2013,
            "quarter": 2,
            "eps": 0.45,
            "eps_growth_year": null,
            "eps_4q": -0.12,
            "eps_4q_growth_year": null,
            "roe": 2.11,
            "roe_4q": -0.8900000000000001,
            "gross_profit": 13803399,
            "gross_margin": 12.37,
            "gross_margin_4q_avg": 7.62,
            "net_income": 4068637,
            "net_income_4q": null,
            "revenue": 111567095,
            "revenue_4q": null,
            "common_shares": 91019608,
            "book_valuer_per_share": 21.22,
            "book_valuer_per_share_4q_avg": 21.46,
            "equity": 194647544,
            "current_ratio": 81.57,
            "debt_ratio": 63.04,
            "inventory_turnover_ratio": 2.18,
            "account_receivable_turnover_ratio": 1.46,
            "reinvestment_rate": null,
            "research_to_sale_ratio": 2.91,
            "price_fair": 98,
            "eps_avg_yearly": 2.8,
            "eps_latest_yearly": 1.8,
            "eps_growth_yearly": 522.54
        },
        "20133": {
            "year_quarter": 20133,
            "year": 2013,
            "quarter": 3,
            "eps": 0.08,
            "eps_growth_year": null,
            "eps_4q": 0.36,
            "eps_4q_growth_year": null,
            "roe": 0.35,
            "roe_4q": 1.5699999999999998,
            "gross_profit": 10073997,
            "gross_margin": 10.38,
            "gross_margin_4q_avg": 9.42,
            "net_income": 683047,
            "net_income_4q": null,
            "revenue": 97095958,
            "revenue_4q": null,
            "common_shares": 91016708,
            "book_valuer_per_share": 21.28,
            "book_valuer_per_share_4q_avg": 21.25,
            "equity": 195211690,
            "current_ratio": 85.14,
            "debt_ratio": 62.04,
            "inventory_turnover_ratio": 1.83,
            "account_receivable_turnover_ratio": 1.42,
            "reinvestment_rate": null,
            "research_to_sale_ratio": 3.34,
            "price_fair": 80.64,
            "eps_avg_yearly": 2.3,
            "eps_latest_yearly": 0.32,
            "eps_growth_yearly": 352.26
        },
        "20134": {
            "year_quarter": 20134,
            "year": 2013,
            "quarter": 4,
            "eps": -0.15,
            "eps_growth_year": null,
            "eps_4q": 0.56,
            "eps_4q_growth_year": null,
            "roe": -0.69,
            "roe_4q": 2.69,
            "gross_profit": 4870872,
            "gross_margin": 5.01,
            "gross_margin_4q_avg": 8.87,
            "net_income": -1339495,
            "net_income_4q": null,
            "revenue": 97219724,
            "revenue_4q": null,
            "common_shares": 91094288,
            "book_valuer_per_share": 21.19,
            "book_valuer_per_share_4q_avg": 21.15,
            "equity": 194577854,
            "current_ratio": 57.12,
            "debt_ratio": 61.71,
            "inventory_turnover_ratio": 1.83,
            "account_receivable_turnover_ratio": 1.45,
            "reinvestment_rate": null,
            "research_to_sale_ratio": 2.37,
            "price_fair": 94.5,
            "eps_avg_yearly": 2.7,
            "eps_latest_yearly": 0.32,
            "eps_growth_yearly": 487.38
        },
        "20141": {
            "year_quarter": 20141,
            "year": 2014,
            "quarter": 1,
            "eps": 0.02,
            "eps_growth_year": -89.47,
            "eps_4q": 0.39,
            "eps_4q_growth_year": null,
            "roe": 0.08,
            "roe_4q": 1.8499999999999999,
            "gross_profit": 5625844,
            "gross_margin": 6.28,
            "gross_margin_4q_avg": 8.51,
            "net_income": 152955,
            "net_income_4q": null,
            "revenue": 89558900,
            "revenue_4q": null,
            "common_shares": 91064572,
            "book_valuer_per_share": 21.33,
            "book_valuer_per_share_4q_avg": 21.26,
            "equity": 195738690,
            "current_ratio": 85.54,
            "debt_ratio": 59.84,
            "inventory_turnover_ratio": 1.65,
            "account_receivable_turnover_ratio": 1.29,
            "reinvestment_rate": null,
            "research_to_sale_ratio": 2.42,
            "price_fair": 85.4,
            "eps_avg_yearly": 2.44,
            "eps_latest_yearly": 0.32,
            "eps_growth_yearly": 138.73
        },
        "20142": {
            "year_quarter": 20142,
            "year": 2014,
            "quarter": 2,
            "eps": 0.33,
            "eps_growth_year": -26.67,
            "eps_4q": 0.28,
            "eps_4q_growth_year": null,
            "roe": 1.53,
            "roe_4q": 1.27,
            "gross_profit": 11804227,
            "gross_margin": 10.63,
            "gross_margin_4q_avg": 8.08,
            "net_income": 3010092,
            "net_income_4q": null,
            "revenue": 111064490,
            "revenue_4q": null,
            "common_shares": 91064572,
            "book_valuer_per_share": 21.42,
            "book_valuer_per_share_4q_avg": 21.31,
            "equity": 196609453,
            "current_ratio": 79.68,
            "debt_ratio": 57.71,
            "inventory_turnover_ratio": 2.06,
            "account_receivable_turnover_ratio": 1.53,
            "reinvestment_rate": null,
            "research_to_sale_ratio": 2.7,
            "price_fair": 40.13,
            "eps_avg_yearly": 1.15,
            "eps_latest_yearly": 1.32,
            "eps_growth_yearly": 2139.49
        },
        "20143": {
            "year_quarter": 20143,
            "year": 2014,
            "quarter": 3,
            "eps": 0.77,
            "eps_growth_year": 862.5,
            "eps_4q": 0.92,
            "eps_4q_growth_year": 155.45,
            "roe": 3.57,
            "roe_4q": 4.49,
            "gross_profit": 14565886,
            "gross_margin": 12.88,
            "gross_margin_4q_avg": 8.7,
            "net_income": 7359509,
            "net_income_4q": null,
            "revenue": 113091500,
            "revenue_4q": null,
            "common_shares": 99554076,
            "book_valuer_per_share": 21.49,
            "book_valuer_per_share_4q_avg": 21.36,
            "equity": 215440498,
            "current_ratio": 88.32,
            "debt_ratio": 53.07,
            "inventory_turnover_ratio": 2.35,
            "account_receivable_turnover_ratio": 1.48,
            "reinvestment_rate": null,
            "research_to_sale_ratio": 2.71,
            "price_fair": 57.05,
            "eps_avg_yearly": 1.63,
            "eps_latest_yearly": 3.08,
            "eps_growth_yearly": 1737.95
        },
        "20144": {
            "year_quarter": 20144,
            "year": 2014,
            "quarter": 4,
            "eps": 1.12,
            "eps_growth_year": null,
            "eps_4q": 2.18,
            "eps_4q_growth_year": 288.76,
            "roe": 5.02,
            "roe_4q": 10.2,
            "gross_profit": 18389044,
            "gross_margin": 16,
            "gross_margin_4q_avg": 11.45,
            "net_income": 11154352,
            "net_income_4q": null,
            "revenue": 114947008,
            "revenue_4q": null,
            "common_shares": 99545364,
            "book_valuer_per_share": 22.87,
            "book_valuer_per_share_4q_avg": 21.78,
            "equity": 229171436,
            "current_ratio": 95.1,
            "debt_ratio": 52.5,
            "inventory_turnover_ratio": 2.68,
            "account_receivable_turnover_ratio": 1.48,
            "reinvestment_rate": null,
            "research_to_sale_ratio": 3.44,
            "price_fair": 77,
            "eps_avg_yearly": 2.2,
            "eps_latest_yearly": 4.48,
            "eps_growth_yearly": 1426.73
        },
        "20151": {
            "year_quarter": 20151,
            "year": 2015,
            "quarter": 1,
            "eps": 0.87,
            "eps_growth_year": 4250,
            "eps_4q": 3.03,
            "eps_4q_growth_year": 672.94,
            "roe": 3.72,
            "roe_4q": 13.84,
            "gross_profit": 17744057,
            "gross_margin": 17.72,
            "gross_margin_4q_avg": 14.31,
            "net_income": 8649289,
            "net_income_4q": null,
            "revenue": 100157867,
            "revenue_4q": null,
            "common_shares": 99542240,
            "book_valuer_per_share": 23.61,
            "book_valuer_per_share_4q_avg": 22.35,
            "equity": 236422063,
            "current_ratio": 115.71,
            "debt_ratio": 44.3,
            "inventory_turnover_ratio": 2.46,
            "account_receivable_turnover_ratio": 1.41,
            "reinvestment_rate": null,
            "research_to_sale_ratio": 3.96,
            "price_fair": 84.47,
            "eps_avg_yearly": 2.41,
            "eps_latest_yearly": 3.48,
            "eps_growth_yearly": 1174.06
        },
        "20152": {
            "year_quarter": 20152,
            "year": 2015,
            "quarter": 2,
            "eps": 0.54,
            "eps_growth_year": 63.64,
            "eps_4q": 3.27,
            "eps_4q_growth_year": 1086.27,
            "roe": 2.28,
            "roe_4q": 14.59,
            "gross_profit": 15596583,
            "gross_margin": 16.64,
            "gross_margin_4q_avg": 15.81,
            "net_income": 5406121,
            "net_income_4q": null,
            "revenue": 93755186,
            "revenue_4q": null,
            "common_shares": 99537972,
            "book_valuer_per_share": 23.72,
            "book_valuer_per_share_4q_avg": 22.92,
            "equity": 237535218,
            "current_ratio": 127.37,
            "debt_ratio": 40.99,
            "inventory_turnover_ratio": 2.35,
            "account_receivable_turnover_ratio": 1.5,
            "reinvestment_rate": null,
            "research_to_sale_ratio": 3.87,
            "price_fair": 83.2,
            "eps_avg_yearly": 2.38,
            "eps_latest_yearly": 2.16,
            "eps_growth_yearly": 984.66
        },
        "20153": {
            "year_quarter": 20153,
            "year": 2015,
            "quarter": 3,
            "eps": 0.35,
            "eps_growth_year": -54.55,
            "eps_4q": 2.88,
            "eps_4q_growth_year": 212.46,
            "roe": 1.45,
            "roe_4q": 12.469999999999999,
            "gross_profit": 10772654,
            "gross_margin": 12.14,
            "gross_margin_4q_avg": 15.63,
            "net_income": 3481924,
            "net_income_4q": null,
            "revenue": 88756324,
            "revenue_4q": null,
            "common_shares": 99535828,
            "book_valuer_per_share": 24.22,
            "book_valuer_per_share_4q_avg": 23.61,
            "equity": 241125135,
            "current_ratio": 131.01,
            "debt_ratio": 39.12,
            "inventory_turnover_ratio": 2.29,
            "account_receivable_turnover_ratio": 1.48,
            "reinvestment_rate": null,
            "research_to_sale_ratio": 4.13,
            "price_fair": 78.93,
            "eps_avg_yearly": 2.26,
            "eps_latest_yearly": 1.4,
            "eps_growth_yearly": 843.99
        },
        "20154": {
            "year_quarter": 20154,
            "year": 2015,
            "quarter": 4,
            "eps": -0.68,
            "eps_growth_year": -160.28,
            "eps_4q": 1.09,
            "eps_4q_growth_year": -50.1,
            "roe": -2.84,
            "roe_4q": 4.61,
            "gross_profit": 2526811,
            "gross_margin": 3.1,
            "gross_margin_4q_avg": 12.4,
            "net_income": -6723193,
            "net_income_4q": null,
            "revenue": 81463607,
            "revenue_4q": null,
            "common_shares": 99532372,
            "book_valuer_per_share": 23.34,
            "book_valuer_per_share_4q_avg": 23.72,
            "equity": 232264723,
            "current_ratio": 125.7,
            "debt_ratio": 40.05,
            "inventory_turnover_ratio": 2.42,
            "account_receivable_turnover_ratio": 1.48,
            "reinvestment_rate": -2444.1,
            "research_to_sale_ratio": 3.86,
            "price_fair": 78.93,
            "eps_avg_yearly": 2.26,
            "eps_latest_yearly": 1.4,
            "eps_growth_yearly": 843.99
        },
        "20161": {
            "year_quarter": 20161,
            "year": 2016,
            "quarter": 1,
            "eps": -0.86,
            "eps_growth_year": -198.85,
            "eps_4q": -0.64,
            "eps_4q_growth_year": -121.27,
            "roe": -3.77,
            "roe_4q": -2.8799999999999994,
            "gross_profit": -4037460,
            "gross_margin": -7.16,
            "gross_margin_4q_avg": 6.18,
            "net_income": -8581508,
            "net_income_4q": null,
            "revenue": 56417120,
            "revenue_4q": null,
            "common_shares": 99526816,
            "book_valuer_per_share": 22.39,
            "book_valuer_per_share_4q_avg": 23.42,
            "equity": 222810292,
            "current_ratio": 118.42,
            "debt_ratio": 36.57,
            "inventory_turnover_ratio": 2.04,
            "account_receivable_turnover_ratio": 1.3,
            "reinvestment_rate": -1543.69,
            "research_to_sale_ratio": 4,
            "price_fair": 78.93,
            "eps_avg_yearly": 2.26,
            "eps_latest_yearly": 1.4,
            "eps_growth_yearly": 843.99
        },
        "20162": {
            "year_quarter": 20162,
            "year": 2016,
            "quarter": 2,
            "eps": -0.35,
            "eps_growth_year": -164.81,
            "eps_4q": -1.54,
            "eps_4q_growth_year": -146.98,
            "roe": -1.59,
            "roe_4q": -6.749999999999999,
            "gross_profit": 1555025,
            "gross_margin": 2.33,
            "gross_margin_4q_avg": 2.6,
            "net_income": -3475528,
            "net_income_4q": null,
            "revenue": 66805188,
            "revenue_4q": null,
            "common_shares": 99523512,
            "book_valuer_per_share": 21.57,
            "book_valuer_per_share_4q_avg": 22.88,
            "equity": 214685446,
            "current_ratio": 112.89,
            "debt_ratio": 38.54,
            "inventory_turnover_ratio": 2.39,
            "account_receivable_turnover_ratio": 1.76,
            "reinvestment_rate": -971.59,
            "research_to_sale_ratio": 3.57,
            "price_fair": 78.93,
            "eps_avg_yearly": 2.26,
            "eps_latest_yearly": 1.4,
            "eps_growth_yearly": 843.99
        },
        "20163": {
            "year_quarter": 20163,
            "year": 2016,
            "quarter": 3,
            "eps": 0.31,
            "eps_growth_year": -11.43,
            "eps_4q": -1.58,
            "eps_4q_growth_year": -154.8,
            "roe": 1.42,
            "roe_4q": -6.78,
            "gross_profit": 8769040,
            "gross_margin": 11.77,
            "gross_margin_4q_avg": 2.51,
            "net_income": 3058266,
            "net_income_4q": null,
            "revenue": 74484602,
            "revenue_4q": null,
            "common_shares": 99522104,
            "book_valuer_per_share": 21.64,
            "book_valuer_per_share_4q_avg": 22.24,
            "equity": 215344944,
            "current_ratio": 96.52,
            "debt_ratio": 39.32,
            "inventory_turnover_ratio": 2.64,
            "account_receivable_turnover_ratio": 1.77,
            "reinvestment_rate": -573.5,
            "research_to_sale_ratio": 3.82,
            "price_fair": 78.93,
            "eps_avg_yearly": 2.26,
            "eps_latest_yearly": 1.4,
            "eps_growth_yearly": 843.99
        },
        "20164": {
            "year_quarter": 20164,
            "year": 2016,
            "quarter": 4,
            "eps": 1.09,
            "eps_growth_year": null,
            "eps_4q": 0.19,
            "eps_4q_growth_year": -82.7,
            "roe": 4.93,
            "roe_4q": 0.9899999999999998,
            "gross_profit": 19801886,
            "gross_margin": 22.15,
            "gross_margin_4q_avg": 7.27,
            "net_income": 10869457,
            "net_income_4q": null,
            "revenue": 89382367,
            "revenue_4q": null,
            "common_shares": 99521488,
            "book_valuer_per_share": 22.71,
            "book_valuer_per_share_4q_avg": 22.08,
            "equity": 226006363,
            "current_ratio": 109.32,
            "debt_ratio": 39.16,
            "inventory_turnover_ratio": 2.91,
            "account_receivable_turnover_ratio": 1.65,
            "reinvestment_rate": -330.76,
            "research_to_sale_ratio": 4.07,
            "price_fair": 87.11,
            "eps_avg_yearly": 2.49,
            "eps_latest_yearly": 4.36,
            "eps_growth_yearly": 862.04
        },
        "20171": {
            "year_quarter": 20171,
            "year": 2017,
            "quarter": 1,
            "eps": 1.19,
            "eps_growth_year": null,
            "eps_4q": 2.24,
            "eps_4q_growth_year": null,
            "roe": 5.14,
            "roe_4q": 9.9,
            "gross_profit": 20345021,
            "gross_margin": 23.65,
            "gross_margin_4q_avg": 14.98,
            "net_income": 11858119,
            "net_income_4q": null,
            "revenue": 86025771,
            "revenue_4q": null,
            "common_shares": 99520784,
            "book_valuer_per_share": 23.67,
            "book_valuer_per_share_4q_avg": 22.4,
            "equity": 235546966,
            "current_ratio": 100.8,
            "debt_ratio": 34.49,
            "inventory_turnover_ratio": 2.72,
            "account_receivable_turnover_ratio": 1.4,
            "reinvestment_rate": -250.16,
            "research_to_sale_ratio": 4.24,
            "price_fair": 95.06,
            "eps_avg_yearly": 2.72,
            "eps_latest_yearly": 4.76,
            "eps_growth_yearly": 779.5
        },
        "20172": {
            "year_quarter": 20172,
            "year": 2017,
            "quarter": 2,
            "eps": 1.22,
            "eps_growth_year": null,
            "eps_4q": 3.81,
            "eps_4q_growth_year": null,
            "roe": 5,
            "roe_4q": 16.490000000000002,
            "gross_profit": 21045112,
            "gross_margin": 24.9,
            "gross_margin_4q_avg": 20.62,
            "net_income": 12118217,
            "net_income_4q": null,
            "revenue": 84508950,
            "revenue_4q": null,
            "common_shares": 99520720,
            "book_valuer_per_share": 25.02,
            "book_valuer_per_share_4q_avg": 23.26,
            "equity": 249030887,
            "current_ratio": 112.64,
            "debt_ratio": 34.99,
            "inventory_turnover_ratio": 2.33,
            "account_receivable_turnover_ratio": 1.44,
            "reinvestment_rate": -186.74,
            "research_to_sale_ratio": 3.56,
            "price_fair": 105.84,
            "eps_avg_yearly": 3.02,
            "eps_latest_yearly": 4.88,
            "eps_growth_yearly": 725.77
        },
        "20173": {
            "year_quarter": 20173,
            "year": 2017,
            "quarter": 3,
            "eps": 0.88,
            "eps_growth_year": 183.87,
            "eps_4q": 4.38,
            "eps_4q_growth_year": null,
            "roe": 3.44,
            "roe_4q": 18.509999999999998,
            "gross_profit": 16165134,
            "gross_margin": 20.33,
            "gross_margin_4q_avg": 22.76,
            "net_income": 8757318,
            "net_income_4q": null,
            "revenue": 79507678,
            "revenue_4q": null,
            "common_shares": 99520720,
            "book_valuer_per_share": 26.18,
            "book_valuer_per_share_4q_avg": 24.4,
            "equity": 260546862,
            "current_ratio": 146.39,
            "debt_ratio": 31.93,
            "inventory_turnover_ratio": 2.05,
            "account_receivable_turnover_ratio": 1.34,
            "reinvestment_rate": -142.14,
            "research_to_sale_ratio": 3.84,
            "price_fair": 117.04,
            "eps_avg_yearly": 3.34,
            "eps_latest_yearly": 3.52,
            "eps_growth_yearly": 747.52
        },
        "20174": {
            "year_quarter": 20174,
            "year": 2017,
            "quarter": 4,
            "eps": 0.43,
            "eps_growth_year": -60.49,
            "eps_4q": 3.72,
            "eps_4q_growth_year": 1879.43,
            "roe": 1.64,
            "roe_4q": 15.219999999999999,
            "gross_profit": 11183410,
            "gross_margin": 14.13,
            "gross_margin_4q_avg": 20.75,
            "net_income": 4294955,
            "net_income_4q": null,
            "revenue": 79132002,
            "revenue_4q": null,
            "common_shares": 99520720,
            "book_valuer_per_share": 26.56,
            "book_valuer_per_share_4q_avg": 25.36,
            "equity": 264325048,
            "current_ratio": 120.19,
            "debt_ratio": 36.29,
            "inventory_turnover_ratio": 2.17,
            "account_receivable_turnover_ratio": 1.32,
            "reinvestment_rate": -75.53,
            "research_to_sale_ratio": 4.06,
            "price_fair": 111.87,
            "eps_avg_yearly": 3.2,
            "eps_latest_yearly": 1.72,
            "eps_growth_yearly": 660.96
        },
        "20181": {
            "year_quarter": 20181,
            "year": 2018,
            "quarter": 1,
            "eps": 0.3,
            "eps_growth_year": -74.79,
            "eps_4q": 2.82,
            "eps_4q_growth_year": 26,
            "roe": 1.1,
            "roe_4q": 11.18,
            "gross_profit": 9050726,
            "gross_margin": 13.56,
            "gross_margin_4q_avg": 18.23,
            "net_income": 2939772,
            "net_income_4q": null,
            "revenue": 66763486,
            "revenue_4q": null,
            "common_shares": 99520720,
            "book_valuer_per_share": 26.91,
            "book_valuer_per_share_4q_avg": 26.17,
            "equity": 267808760,
            "current_ratio": 123.24,
            "debt_ratio": 33.54,
            "inventory_turnover_ratio": 1.81,
            "account_receivable_turnover_ratio": 1.26,
            "reinvestment_rate": -67.75,
            "research_to_sale_ratio": 4.4,
            "price_fair": 106.05,
            "eps_avg_yearly": 3.03,
            "eps_latest_yearly": 1.2,
            "eps_growth_yearly": 595.81
        },
        "20182": {
            "year_quarter": 20182,
            "year": 2018,
            "quarter": 2,
            "eps": -0.19,
            "eps_growth_year": -115.57,
            "eps_4q": 1.41,
            "eps_4q_growth_year": -62.91,
            "roe": -0.73,
            "roe_4q": 5.449999999999999,
            "gross_profit": 5863134,
            "gross_margin": 8.82,
            "gross_margin_4q_avg": 14.21,
            "net_income": -1932970,
            "net_income_4q": null,
            "revenue": 66462133,
            "revenue_4q": null,
            "common_shares": 99520720,
            "book_valuer_per_share": 25.97,
            "book_valuer_per_share_4q_avg": 26.41,
            "equity": 258493823,
            "current_ratio": 115.32,
            "debt_ratio": 35.44,
            "inventory_turnover_ratio": 1.81,
            "account_receivable_turnover_ratio": 1.4,
            "reinvestment_rate": -61.02,
            "research_to_sale_ratio": 4.51,
            "price_fair": 111.49,
            "eps_avg_yearly": 3.19,
            "eps_latest_yearly": 1.2,
            "eps_growth_yearly": 86.33
        },
        "20183": {
            "year_quarter": 20183,
            "year": 2018,
            "quarter": 3,
            "eps": 0.19,
            "eps_growth_year": -78.41,
            "eps_4q": 0.72,
            "eps_4q_growth_year": -83.45,
            "roe": 0.74,
            "roe_4q": 2.75,
            "gross_profit": 7432193,
            "gross_margin": 10.06,
            "gross_margin_4q_avg": 11.64,
            "net_income": 1912948,
            "net_income_4q": null,
            "revenue": 73907131,
            "revenue_4q": null,
            "common_shares": 99520720,
            "book_valuer_per_share": 25.76,
            "book_valuer_per_share_4q_avg": 26.3,
            "equity": 256326658,
            "current_ratio": 122.95,
            "debt_ratio": 34.21,
            "inventory_turnover_ratio": 2.01,
            "account_receivable_turnover_ratio": 1.5,
            "reinvestment_rate": -58.53,
            "research_to_sale_ratio": 4.27,
            "price_fair": 111.86,
            "eps_avg_yearly": 3.2,
            "eps_latest_yearly": 1.2,
            "eps_growth_yearly": 41.63
        },
        "20184": {
            "year_quarter": 20184,
            "year": 2018,
            "quarter": 4,
            "eps": -0.07,
            "eps_growth_year": -116.23,
            "eps_4q": 0.22,
            "eps_4q_growth_year": -94,
            "roe": -0.27,
            "roe_4q": 0.8400000000000001,
            "gross_profit": 4467505,
            "gross_margin": 6.18,
            "gross_margin_4q_avg": 9.66,
            "net_income": -696988,
            "net_income_4q": null,
            "revenue": 72243365,
            "revenue_4q": null,
            "common_shares": 99520720,
            "book_valuer_per_share": 25.62,
            "book_valuer_per_share_4q_avg": 26.07,
            "equity": 254990705,
            "current_ratio": 141.12,
            "debt_ratio": 38.1,
            "inventory_turnover_ratio": 2.12,
            "account_receivable_turnover_ratio": 1.44,
            "reinvestment_rate": -61.03,
            "research_to_sale_ratio": 4.22,
            "price_fair": 106.87,
            "eps_avg_yearly": 3.05,
            "eps_latest_yearly": 1.2,
            "eps_growth_yearly": 26.06
        },
        "20191": {
            "year_quarter": 20191,
            "year": 2019,
            "quarter": 1,
            "eps": -0.37,
            "eps_growth_year": -223.33,
            "eps_4q": -0.45,
            "eps_4q_growth_year": -115.8,
            "roe": -1.47,
            "roe_4q": -1.73,
            "gross_profit": 875304,
            "gross_margin": 1.46,
            "gross_margin_4q_avg": 6.63,
            "net_income": -3724795,
            "net_income_4q": null,
            "revenue": 59924024,
            "revenue_4q": null,
            "common_shares": 99520720,
            "book_valuer_per_share": 25.46,
            "book_valuer_per_share_4q_avg": 25.7,
            "equity": 253402965,
            "current_ratio": 135.59,
            "debt_ratio": 37.36,
            "inventory_turnover_ratio": 1.86,
            "account_receivable_turnover_ratio": 1.33,
            "reinvestment_rate": -51.02,
            "research_to_sale_ratio": 5.03,
            "price_fair": 105,
            "eps_avg_yearly": 3,
            "eps_latest_yearly": 1.2,
            "eps_growth_yearly": 40.48
        },
        "20192": {
            "year_quarter": 20192,
            "year": 2019,
            "quarter": 2,
            "eps": -0.3,
            "eps_growth_year": null,
            "eps_4q": -0.55,
            "eps_4q_growth_year": -138.97,
            "roe": -1.18,
            "roe_4q": -2.1799999999999997,
            "gross_profit": 2343760,
            "gross_margin": 3.71,
            "gross_margin_4q_avg": 5.35,
            "net_income": -2970337,
            "net_income_4q": null,
            "revenue": 63175534,
            "revenue_4q": null,
            "common_shares": 99520720,
            "book_valuer_per_share": 25,
            "book_valuer_per_share_4q_avg": 25.46,
            "equity": 248755305,
            "current_ratio": 130,
            "debt_ratio": 37.45,
            "inventory_turnover_ratio": 1.82,
            "account_receivable_turnover_ratio": 1.43,
            "reinvestment_rate": -45.63,
            "research_to_sale_ratio": 4.81,
            "price_fair": 109.2,
            "eps_avg_yearly": 3.12,
            "eps_latest_yearly": 1.2,
            "eps_growth_yearly": 67.93
        },
        "20193": {
            "year_quarter": 20193,
            "year": 2019,
            "quarter": 3,
            "eps": -0.39,
            "eps_growth_year": -305.26,
            "eps_4q": -1.15,
            "eps_4q_growth_year": -258.56,
            "roe": -1.58,
            "roe_4q": -4.5,
            "gross_profit": 1176750,
            "gross_margin": 1.86,
            "gross_margin_4q_avg": 3.3,
            "net_income": -3886175,
            "net_income_4q": null,
            "revenue": 63293735,
            "revenue_4q": null,
            "common_shares": 99520720,
            "book_valuer_per_share": 24.65,
            "book_valuer_per_share_4q_avg": 25.18,
            "equity": 242098260,
            "current_ratio": 129.86,
            "debt_ratio": 36.8,
            "inventory_turnover_ratio": 1.82,
            "account_receivable_turnover_ratio": 1.33,
            "reinvestment_rate": -42.42,
            "research_to_sale_ratio": 5.1,
            "price_fair": 119.23,
            "eps_avg_yearly": 3.41,
            "eps_latest_yearly": 1.2,
            "eps_growth_yearly": 102.71
        },
        "20194": {
            "year_quarter": 20194,
            "year": 2019,
            "quarter": 4,
            "eps": -0.71,
            "eps_growth_year": null,
            "eps_4q": -1.81,
            "eps_4q_growth_year": -910.9,
            "roe": -2.89,
            "roe_4q": -7.12,
            "gross_profit": -1381734,
            "gross_margin": -2.11,
            "gross_margin_4q_avg": 1.23,
            "net_income": -6858965,
            "net_income_4q": null,
            "revenue": 65577916,
            "revenue_4q": null,
            "common_shares": 97110720,
            "book_valuer_per_share": 24.08,
            "book_valuer_per_share_4q_avg": 24.8,
            "equity": 232110029,
            "current_ratio": 120.12,
            "debt_ratio": 37.23,
            "inventory_turnover_ratio": 2.08,
            "account_receivable_turnover_ratio": 1.46,
            "reinvestment_rate": -41.12,
            "research_to_sale_ratio": 4.86,
            "price_fair": 119.23,
            "eps_avg_yearly": 3.41,
            "eps_latest_yearly": 1.2,
            "eps_growth_yearly": 102.71
        },
        "20201": {
            "year_quarter": 20201,
            "year": 2020,
            "quarter": 1,
            "eps": -0.55,
            "eps_growth_year": null,
            "eps_4q": -1.97,
            "eps_4q_growth_year": null,
            "roe": -2.3,
            "roe_4q": -7.949999999999999,
            "gross_profit": -894253,
            "gross_margin": -1.77,
            "gross_margin_4q_avg": 0.42,
            "net_income": -5263604,
            "net_income_4q": null,
            "revenue": 50391575,
            "revenue_4q": null,
            "common_shares": 97110720,
            "book_valuer_per_share": 23.39,
            "book_valuer_per_share_4q_avg": 24.28,
            "equity": 225493333,
            "current_ratio": 129.08,
            "debt_ratio": 36.77,
            "inventory_turnover_ratio": 1.56,
            "account_receivable_turnover_ratio": 1.3,
            "reinvestment_rate": -24.31,
            "research_to_sale_ratio": 6,
            "price_fair": 119.23,
            "eps_avg_yearly": 3.41,
            "eps_latest_yearly": 1.2,
            "eps_growth_yearly": 102.71
        },
        "20202": {
            "year_quarter": 20202,
            "year": 2020,
            "quarter": 2,
            "eps": -0.49,
            "eps_growth_year": null,
            "eps_4q": -2.16,
            "eps_4q_growth_year": null,
            "roe": -2.15,
            "roe_4q": -8.92,
            "gross_profit": 1855982,
            "gross_margin": 2.78,
            "gross_margin_4q_avg": 0.19,
            "net_income": -4776821,
            "net_income_4q": null,
            "revenue": 66883202,
            "revenue_4q": null,
            "common_shares": 97110720,
            "book_valuer_per_share": 22.75,
            "book_valuer_per_share_4q_avg": 23.72,
            "equity": 219303765,
            "current_ratio": 119,
            "debt_ratio": 38.66,
            "inventory_turnover_ratio": 1.84,
            "account_receivable_turnover_ratio": 1.7,
            "reinvestment_rate": -25.92,
            "research_to_sale_ratio": 4.38,
            "price_fair": 119.23,
            "eps_avg_yearly": 3.41,
            "eps_latest_yearly": 1.2,
            "eps_growth_yearly": 102.71
        },
        "20203": {
            "year_quarter": 20203,
            "year": 2020,
            "quarter": 3,
            "eps": 0.16,
            "eps_growth_year": null,
            "eps_4q": -1.58,
            "eps_4q_growth_year": null,
            "roe": 0.7,
            "roe_4q": -6.640000000000001,
            "gross_profit": 6924925,
            "gross_margin": 9.29,
            "gross_margin_4q_avg": 2.05,
            "net_income": 1539542,
            "net_income_4q": null,
            "revenue": 74568417,
            "revenue_4q": null,
            "common_shares": 97110720,
            "book_valuer_per_share": 22.94,
            "book_valuer_per_share_4q_avg": 23.29,
            "equity": 222956417,
            "current_ratio": 134.43,
            "debt_ratio": 39.05,
            "inventory_turnover_ratio": 2.01,
            "account_receivable_turnover_ratio": 1.52,
            "reinvestment_rate": -90.64,
            "research_to_sale_ratio": 4.11,
            "price_fair": 119.23,
            "eps_avg_yearly": 3.41,
            "eps_latest_yearly": 1.2,
            "eps_growth_yearly": 102.71
        },
        "20204": {
            "year_quarter": 20204,
            "year": 2020,
            "quarter": 4,
            "eps": 1.02,
            "eps_growth_year": null,
            "eps_4q": 0.16,
            "eps_4q_growth_year": null,
            "roe": 4.4,
            "roe_4q": 0.6500000000000008,
            "gross_profit": 15946444,
            "gross_margin": 20.43,
            "gross_margin_4q_avg": 7.68,
            "net_income": 10140707,
            "net_income_4q": null,
            "revenue": 78067857,
            "revenue_4q": null,
            "common_shares": 97110720,
            "book_valuer_per_share": 24.44,
            "book_valuer_per_share_4q_avg": 23.38,
            "equity": 237567046,
            "current_ratio": 145.79,
            "debt_ratio": 37.41,
            "inventory_turnover_ratio": 1.98,
            "account_receivable_turnover_ratio": 1.46,
            "reinvestment_rate": -108.09,
            "research_to_sale_ratio": 4.02,
            "price_fair": 117.6,
            "eps_avg_yearly": 3.36,
            "eps_latest_yearly": 4.08,
            "eps_growth_yearly": 293.31
        },
        "20211": {
            "year_quarter": 20211,
            "year": 2021,
            "quarter": 1,
            "eps": 1.15,
            "eps_growth_year": null,
            "eps_4q": 1.8,
            "eps_4q_growth_year": null,
            "roe": 4.66,
            "roe_4q": 7.609999999999999,
            "gross_profit": 21626500,
            "gross_margin": 25.8,
            "gross_margin_4q_avg": 14.58,
            "net_income": 11567018,
            "net_income_4q": null,
            "revenue": 83838696,
            "revenue_4q": null,
            "common_shares": 99404332,
            "book_valuer_per_share": 25.21,
            "book_valuer_per_share_4q_avg": 23.84,
            "equity": 258534186,
            "current_ratio": 144.05,
            "debt_ratio": 35.98,
            "inventory_turnover_ratio": 2.03,
            "account_receivable_turnover_ratio": 1.53,
            "reinvestment_rate": -116.55,
            "research_to_sale_ratio": 4.2,
            "price_fair": 116.67,
            "eps_avg_yearly": 3.33,
            "eps_latest_yearly": 4.6,
            "eps_growth_yearly": 295.69
        },
        "20212": {
            "year_quarter": 20212,
            "year": 2021,
            "quarter": 2,
            "eps": 2.05,
            "eps_growth_year": null,
            "eps_4q": 4.25,
            "eps_4q_growth_year": null,
            "roe": 7.95,
            "roe_4q": 17.709999999999997,
            "gross_profit": 30863700,
            "gross_margin": 33.1,
            "gross_margin_4q_avg": 22.16,
            "net_income": 21419452,
            "net_income_4q": null,
            "revenue": 93235532,
            "revenue_4q": null,
            "common_shares": 102483196,
            "book_valuer_per_share": 26.71,
            "book_valuer_per_share_4q_avg": 24.83,
            "equity": 280651216,
            "current_ratio": 153.22,
            "debt_ratio": 36.48,
            "inventory_turnover_ratio": 1.9,
            "account_receivable_turnover_ratio": 1.54,
            "reinvestment_rate": -96.84,
            "research_to_sale_ratio": 4,
            "price_fair": 136.03,
            "eps_avg_yearly": 3.89,
            "eps_latest_yearly": 8.2,
            "eps_growth_yearly": 346.18
        },
        "20213": {
            "year_quarter": 20213,
            "year": 2021,
            "quarter": 3,
            "eps": 1.77,
            "eps_growth_year": 1006.25,
            "eps_4q": 5.85,
            "eps_4q_growth_year": null,
            "roe": 6.43,
            "roe_4q": 23.439999999999998,
            "gross_profit": 26869053,
            "gross_margin": 28.86,
            "gross_margin_4q_avg": 27.05,
            "net_income": 18603670,
            "net_income_4q": null,
            "revenue": 93085886,
            "revenue_4q": null,
            "common_shares": 105014079,
            "book_valuer_per_share": 28.18,
            "book_valuer_per_share_4q_avg": 26.14,
            "equity": 298004255,
            "current_ratio": 157.46,
            "debt_ratio": 35.4,
            "inventory_turnover_ratio": 1.78,
            "account_receivable_turnover_ratio": 1.43,
            "reinvestment_rate": -80.14,
            "research_to_sale_ratio": 4.08,
            "price_fair": 156.8,
            "eps_avg_yearly": 4.48,
            "eps_latest_yearly": 7.08,
            "eps_growth_yearly": 355.65
        },
        "20214": {
            "year_quarter": 20214,
            "year": 2021,
            "quarter": 4,
            "eps": 0.56,
            "eps_growth_year": -44.85,
            "eps_4q": 5.45,
            "eps_4q_growth_year": 3210.27,
            "roe": 1.98,
            "roe_4q": 21.02,
            "gross_profit": 12140427,
            "gross_margin": 15.19,
            "gross_margin_4q_avg": 25.74,
            "net_income": 5954983,
            "net_income_4q": null,
            "revenue": 79916576,
            "revenue_4q": null,
            "common_shares": 105596201,
            "book_valuer_per_share": 28.82,
            "book_valuer_per_share_4q_avg": 27.23,
            "equity": 304796931,
            "current_ratio": 150.85,
            "debt_ratio": 34.81,
            "inventory_turnover_ratio": 1.75,
            "account_receivable_turnover_ratio": 1.24,
            "reinvestment_rate": -138.32,
            "research_to_sale_ratio": 4.99,
            "price_fair": 159.83,
            "eps_avg_yearly": 4.57,
            "eps_latest_yearly": 2.24,
            "eps_growth_yearly": 344.17
        },
        "20221": {
            "year_quarter": 20221,
            "year": 2022,
            "quarter": 1,
            "eps": 0.18,
            "eps_growth_year": -84.35,
            "eps_4q": 4.53,
            "eps_4q_growth_year": 151.36,
            "roe": 0.62,
            "roe_4q": 16.98,
            "gross_profit": 8571807,
            "gross_margin": 12.27,
            "gross_margin_4q_avg": 22.36,
            "net_income": 1902432,
            "net_income_4q": null,
            "revenue": 69886018,
            "revenue_4q": null,
            "common_shares": 105596201,
            "book_valuer_per_share": 29.02,
            "book_valuer_per_share_4q_avg": 28.18,
            "equity": 306862727,
            "current_ratio": 166.7,
            "debt_ratio": 34.25,
            "inventory_turnover_ratio": 1.54,
            "account_receivable_turnover_ratio": 1.18,
            "reinvestment_rate": -127.66,
            "research_to_sale_ratio": 4.71,
            "price_fair": 157.03,
            "eps_avg_yearly": 4.49,
            "eps_latest_yearly": 0.72,
            "eps_growth_yearly": 319.09
        },
        "20222": {
            "year_quarter": 20222,
            "year": 2022,
            "quarter": 2,
            "eps": -0.45,
            "eps_growth_year": -121.95,
            "eps_4q": 2.06,
            "eps_4q_growth_year": -51.48,
            "roe": -1.58,
            "roe_4q": 7.449999999999999,
            "gross_profit": 687646,
            "gross_margin": 1.19,
            "gross_margin_4q_avg": 14.38,
            "net_income": -4711774,
            "net_income_4q": null,
            "revenue": 57901588,
            "revenue_4q": null,
            "common_shares": 105596201,
            "book_valuer_per_share": 27.34,
            "book_valuer_per_share_4q_avg": 28.34,
            "equity": 287792843,
            "current_ratio": 168.3,
            "debt_ratio": 36.83,
            "inventory_turnover_ratio": 1.29,
            "account_receivable_turnover_ratio": 1.13,
            "reinvestment_rate": -132.92,
            "research_to_sale_ratio": 5.89,
            "price_fair": 157.03,
            "eps_avg_yearly": 4.49,
            "eps_latest_yearly": 0.72,
            "eps_growth_yearly": 319.09
        },
        "20223": {
            "year_quarter": 20223,
            "year": 2022,
            "quarter": 3,
            "eps": -1.27,
            "eps_growth_year": -171.75,
            "eps_4q": -1.02,
            "eps_4q_growth_year": -117.36,
            "roe": -4.59,
            "roe_4q": -3.57,
            "gross_profit": -8999959,
            "gross_margin": -18.74,
            "gross_margin_4q_avg": 2.48,
            "net_income": -12719523,
            "net_income_4q": null,
            "revenue": 48015256,
            "revenue_4q": null,
            "common_shares": 95564562,
            "book_valuer_per_share": 27.95,
            "book_valuer_per_share_4q_avg": 28.28,
            "equity": 266402276,
            "current_ratio": 177.66,
            "debt_ratio": 36.92,
            "inventory_turnover_ratio": 1.26,
            "account_receivable_turnover_ratio": 1.1,
            "reinvestment_rate": -191.94,
            "research_to_sale_ratio": 7,
            "price_fair": 157.03,
            "eps_avg_yearly": 4.49,
            "eps_latest_yearly": 0.72,
            "eps_growth_yearly": 319.09
        },
        "20224": {
            "year_quarter": 20224,
            "year": 2022,
            "quarter": 4,
            "eps": -1.3,
            "eps_growth_year": -331.56,
            "eps_4q": -2.94,
            "eps_4q_growth_year": -154.01,
            "roe": -4.77,
            "roe_4q": -10.32,
            "gross_profit": -7165266,
            "gross_margin": -14.95,
            "gross_margin_4q_avg": -5.06,
            "net_income": -12385911,
            "net_income_4q": null,
            "revenue": 47912896,
            "revenue_4q": null,
            "common_shares": 95564562,
            "book_valuer_per_share": 26.55,
            "book_valuer_per_share_4q_avg": 27.72,
            "equity": 252994720,
            "current_ratio": 178.27,
            "debt_ratio": 34.07,
            "inventory_turnover_ratio": 1.4,
            "account_receivable_turnover_ratio": 1.28,
            "reinvestment_rate": -335.65,
            "research_to_sale_ratio": 6.23,
            "price_fair": 157.03,
            "eps_avg_yearly": 4.49,
            "eps_latest_yearly": 0.72,
            "eps_growth_yearly": 319.09
        },
        "20231": {
            "year_quarter": 20231,
            "year": 2023,
            "quarter": 1,
            "eps": -0.82,
            "eps_growth_year": -555.56,
            "eps_4q": -3.96,
            "eps_4q_growth_year": -187.35,
            "roe": -3.1,
            "roe_4q": -14.04,
            "gross_profit": -3207613,
            "gross_margin": -7.03,
            "gross_margin_4q_avg": -9.88,
            "net_income": -7757648,
            "net_income_4q": null,
            "revenue": 45595408,
            "revenue_4q": null,
            "common_shares": 95564562,
            "book_valuer_per_share": 25.86,
            "book_valuer_per_share_4q_avg": 26.93,
            "equity": 246755142,
            "current_ratio": 205.52,
            "debt_ratio": 39.61,
            "inventory_turnover_ratio": 1.39,
            "account_receivable_turnover_ratio": 1.46,
            "reinvestment_rate": -478.66,
            "research_to_sale_ratio": 6.14,
            "price_fair": 157.03,
            "eps_avg_yearly": 4.49,
            "eps_latest_yearly": 0.72,
            "eps_growth_yearly": 319.09
        },
        "20232": {
            "year_quarter": 20232,
            "year": 2023,
            "quarter": 2,
            "eps": -0.6,
            "eps_growth_year": null,
            "eps_4q": -4.06,
            "eps_4q_growth_year": -296.85,
            "roe": -2.36,
            "roe_4q": -14.82,
            "gross_profit": 352609,
            "gross_margin": 0.64,
            "gross_margin_4q_avg": -10.02,
            "net_income": -5719562,
            "net_income_4q": null,
            "revenue": 55087258,
            "revenue_4q": null,
            "common_shares": 95564562,
            "book_valuer_per_share": 24.92,
            "book_valuer_per_share_4q_avg": 26.32,
            "equity": 237926514,
            "current_ratio": 149.96,
            "debt_ratio": 40.67,
            "inventory_turnover_ratio": 1.61,
            "account_receivable_turnover_ratio": 1.74,
            "reinvestment_rate": -696.47,
            "research_to_sale_ratio": 5.58,
            "price_fair": 157.03,
            "eps_avg_yearly": 4.49,
            "eps_latest_yearly": 0.72,
            "eps_growth_yearly": 319.09
        },
        "20233": {
            "year_quarter": 20233,
            "year": 2023,
            "quarter": 3,
            "eps": -0.21,
            "eps_growth_year": null,
            "eps_4q": -3.08,
            "eps_4q_growth_year": null,
            "roe": -0.8,
            "roe_4q": -11.03,
            "gross_profit": 4143815,
            "gross_margin": 7.19,
            "gross_margin_4q_avg": -3.54,
            "net_income": -1885465,
            "net_income_4q": null,
            "revenue": 57653668,
            "revenue_4q": null,
            "common_shares": 90786334,
            "book_valuer_per_share": 25.86,
            "book_valuer_per_share_4q_avg": 25.8,
            "equity": 234561004,
            "current_ratio": 141.13,
            "debt_ratio": 40.76,
            "inventory_turnover_ratio": 1.54,
            "account_receivable_turnover_ratio": 1.63,
            "reinvestment_rate": -503.5,
            "research_to_sale_ratio": 5.5,
            "price_fair": 157.03,
            "eps_avg_yearly": 4.49,
            "eps_latest_yearly": 0.72,
            "eps_growth_yearly": 319.09
        }
    },
    "months": {
        "2005-07": {
            "month": "2005-07",
            "price": "41.49",
            "revenue": 5114572
        },
        "2005-08": {
            "month": "2005-08",
            "price": "40.19",
            "revenue": 5576272
        },
        "2005-09": {
            "month": "2005-09",
            "price": "37.18",
            "revenue": 7874219
        },
        "2005-10": {
            "month": "2005-10",
            "price": "31.68",
            "revenue": 6786741
        },
        "2005-11": {
            "month": "2005-11",
            "price": "28.91",
            "revenue": 6907004
        },
        "2005-12": {
            "month": "2005-12",
            "price": "33.13",
            "revenue": 5747398
        },
        "2006-01": {
            "month": "2006-01",
            "price": "46.85",
            "revenue": 5315686
        },
        "2006-02": {
            "month": "2006-02",
            "price": "51.05",
            "revenue": 7460849
        },
        "2006-03": {
            "month": "2006-03",
            "price": "50.64",
            "revenue": 8523429
        },
        "2006-04": {
            "month": "2006-04",
            "price": "51.66",
            "revenue": 7514054
        },
        "2006-05": {
            "month": "2006-05",
            "price": "52.68",
            "revenue": 7391418
        },
        "2006-06": {
            "month": "2006-06",
            "price": "47.85",
            "revenue": 7260308
        },
        "2006-07": {
            "month": "2006-07",
            "price": "44.32",
            "revenue": 8138371
        },
        "2006-08": {
            "month": "2006-08",
            "price": "42.55",
            "revenue": 8724719
        },
        "2006-09": {
            "month": "2006-09",
            "price": "52.33",
            "revenue": 9830066
        },
        "2006-10": {
            "month": "2006-10",
            "price": "52.77",
            "revenue": 11388245
        },
        "2006-11": {
            "month": "2006-11",
            "price": "55.54",
            "revenue": 11536324
        },
        "2006-12": {
            "month": "2006-12",
            "price": "55.46",
            "revenue": 12070007
        },
        "2007-01": {
            "month": "2007-01",
            "price": "71.53",
            "revenue": 10305532
        },
        "2007-02": {
            "month": "2007-02",
            "price": "82.64",
            "revenue": 8269714
        },
        "2007-03": {
            "month": "2007-03",
            "price": "81.11",
            "revenue": 11255350
        },
        "2007-04": {
            "month": "2007-04",
            "price": "90.37",
            "revenue": 12242861
        },
        "2007-05": {
            "month": "2007-05",
            "price": "100.30",
            "revenue": 12998079
        },
        "2007-06": {
            "month": "2007-06",
            "price": "122.70",
            "revenue": 13340472
        },
        "2007-07": {
            "month": "2007-07",
            "price": "154.36",
            "revenue": 13693661
        },
        "2007-08": {
            "month": "2007-08",
            "price": "142.52",
            "revenue": 13913053
        },
        "2007-09": {
            "month": "2007-09",
            "price": "140.58",
            "revenue": 15617147
        },
        "2007-10": {
            "month": "2007-10",
            "price": "145.84",
            "revenue": 15656046
        },
        "2007-11": {
            "month": "2007-11",
            "price": "126.84",
            "revenue": 14161875
        },
        "2007-12": {
            "month": "2007-12",
            "price": "106.98",
            "revenue": 14486605
        },
        "2008-01": {
            "month": "2008-01",
            "price": "84.00",
            "revenue": 14895693
        },
        "2008-02": {
            "month": "2008-02",
            "price": "76.58",
            "revenue": 10965269
        },
        "2008-03": {
            "month": "2008-03",
            "price": "83.12",
            "revenue": 15508966
        },
        "2008-04": {
            "month": "2008-04",
            "price": "89.69",
            "revenue": 16580537
        },
        "2008-05": {
            "month": "2008-05",
            "price": "88.38",
            "revenue": 14634223
        },
        "2008-06": {
            "month": "2008-06",
            "price": "70.32",
            "revenue": 13221989
        },
        "2008-07": {
            "month": "2008-07",
            "price": "54.21",
            "revenue": 14155580
        },
        "2008-08": {
            "month": "2008-08",
            "price": "49.14",
            "revenue": 12466429
        },
        "2008-09": {
            "month": "2008-09",
            "price": "43.36",
            "revenue": 14722720
        },
        "2008-10": {
            "month": "2008-10",
            "price": "34.37",
            "revenue": 12976479
        },
        "2008-11": {
            "month": "2008-11",
            "price": "20.02",
            "revenue": 10142546
        },
        "2008-12": {
            "month": "2008-12",
            "price": "21.63",
            "revenue": 9006579
        },
        "2009-01": {
            "month": "2009-01",
            "price": "25.99",
            "revenue": 8872910
        },
        "2009-02": {
            "month": "2009-02",
            "price": "28.90",
            "revenue": 9039040
        },
        "2009-03": {
            "month": "2009-03",
            "price": "31.74",
            "revenue": 12086865
        },
        "2009-04": {
            "month": "2009-04",
            "price": "36.51",
            "revenue": 12726193
        },
        "2009-05": {
            "month": "2009-05",
            "price": "43.48",
            "revenue": 12228710
        },
        "2009-06": {
            "month": "2009-06",
            "price": "40.41",
            "revenue": 14529008
        },
        "2009-07": {
            "month": "2009-07",
            "price": "43.37",
            "revenue": 15053560
        },
        "2009-08": {
            "month": "2009-08",
            "price": "39.45",
            "revenue": 16003267
        },
        "2009-09": {
            "month": "2009-09",
            "price": "40.02",
            "revenue": 16597529
        },
        "2009-10": {
            "month": "2009-10",
            "price": "44.61",
            "revenue": 14911704
        },
        "2009-11": {
            "month": "2009-11",
            "price": "45.73",
            "revenue": 15374577
        },
        "2009-12": {
            "month": "2009-12",
            "price": "46.30",
            "revenue": 16124897
        },
        "2010-01": {
            "month": "2010-01",
            "price": "53.36",
            "revenue": 16109639
        },
        "2010-02": {
            "month": "2010-02",
            "price": "49.66",
            "revenue": 13465136
        },
        "2010-03": {
            "month": "2010-03",
            "price": "48.68",
            "revenue": 38378591
        },
        "2010-04": {
            "month": "2010-04",
            "price": "47.50",
            "revenue": 49927221
        },
        "2010-05": {
            "month": "2010-05",
            "price": "38.48",
            "revenue": 49680944
        },
        "2010-06": {
            "month": "2010-06",
            "price": "34.90",
            "revenue": 45441829
        },
        "2010-07": {
            "month": "2010-07",
            "price": "34.80",
            "revenue": 45933725
        },
        "2010-08": {
            "month": "2010-08",
            "price": "36.23",
            "revenue": 45542133
        },
        "2010-09": {
            "month": "2010-09",
            "price": "37.75",
            "revenue": 45571729
        },
        "2010-10": {
            "month": "2010-10",
            "price": "41.07",
            "revenue": 40689935
        },
        "2010-11": {
            "month": "2010-11",
            "price": "39.69",
            "revenue": 44961260
        },
        "2010-12": {
            "month": "2010-12",
            "price": "39.45",
            "revenue": 44737834
        },
        "2011-01": {
            "month": "2011-01",
            "price": "37.10",
            "revenue": 40362324
        },
        "2011-02": {
            "month": "2011-02",
            "price": "32.84",
            "revenue": 37359728
        },
        "2011-03": {
            "month": "2011-03",
            "price": "31.23",
            "revenue": 46604669
        },
        "2011-04": {
            "month": "2011-04",
            "price": "31.01",
            "revenue": 40292134
        },
        "2011-05": {
            "month": "2011-05",
            "price": "27.80",
            "revenue": 40376302
        },
        "2011-06": {
            "month": "2011-06",
            "price": "25.40",
            "revenue": 41028285
        },
        "2011-07": {
            "month": "2011-07",
            "price": "17.75",
            "revenue": 41215420
        },
        "2011-08": {
            "month": "2011-08",
            "price": "12.85",
            "revenue": 42020428
        },
        "2011-09": {
            "month": "2011-09",
            "price": "12.61",
            "revenue": 41466324
        },
        "2011-10": {
            "month": "2011-10",
            "price": "12.27",
            "revenue": 40156091
        },
        "2011-11": {
            "month": "2011-11",
            "price": "13.28",
            "revenue": 43399588
        },
        "2011-12": {
            "month": "2011-12",
            "price": "12.54",
            "revenue": 46853960
        },
        "2012-01": {
            "month": "2012-01",
            "price": "12.65",
            "revenue": 31185181
        },
        "2012-02": {
            "month": "2012-02",
            "price": "15.86",
            "revenue": 37290147
        },
        "2012-03": {
            "month": "2012-03",
            "price": "15.01",
            "revenue": 40792647
        },
        "2012-04": {
            "month": "2012-04",
            "price": "13.42",
            "revenue": 36139124
        },
        "2012-05": {
            "month": "2012-05",
            "price": "12.36",
            "revenue": 39516853
        },
        "2012-06": {
            "month": "2012-06",
            "price": "11.96",
            "revenue": 36834500
        },
        "2012-07": {
            "month": "2012-07",
            "price": "10.85",
            "revenue": 39796969
        },
        "2012-08": {
            "month": "2012-08",
            "price": "9.50",
            "revenue": 44403578
        },
        "2012-09": {
            "month": "2012-09",
            "price": "10.66",
            "revenue": 45351279
        },
        "2012-10": {
            "month": "2012-10",
            "price": "10.72",
            "revenue": 42009624
        },
        "2012-11": {
            "month": "2012-11",
            "price": "11.45",
            "revenue": 43276886
        },
        "2012-12": {
            "month": "2012-12",
            "price": "15.40",
            "revenue": 44315725
        },
        "2013-01": {
            "month": "2013-01",
            "price": "15.15",
            "revenue": 39329595
        },
        "2013-02": {
            "month": "2013-02",
            "price": "15.72",
            "revenue": 33004141
        },
        "2013-03": {
            "month": "2013-03",
            "price": "17.80",
            "revenue": 44441391
        },
        "2013-04": {
            "month": "2013-04",
            "price": "17.92",
            "revenue": 40908597
        },
        "2013-05": {
            "month": "2013-05",
            "price": "19.57",
            "revenue": 37470187
        },
        "2013-06": {
            "month": "2013-06",
            "price": "17.55",
            "revenue": 33138818
        },
        "2013-07": {
            "month": "2013-07",
            "price": "14.37",
            "revenue": 31781809
        },
        "2013-08": {
            "month": "2013-08",
            "price": "13.96",
            "revenue": 33042837
        },
        "2013-09": {
            "month": "2013-09",
            "price": "14.44",
            "revenue": 32392551
        },
        "2013-10": {
            "month": "2013-10",
            "price": "12.04",
            "revenue": 32391755
        },
        "2013-11": {
            "month": "2013-11",
            "price": "10.42",
            "revenue": 32458368
        },
        "2013-12": {
            "month": "2013-12",
            "price": "10.82",
            "revenue": 32369371
        },
        "2014-01": {
            "month": "2014-01",
            "price": "11.01",
            "revenue": 27368230
        },
        "2014-02": {
            "month": "2014-02",
            "price": "10.59",
            "revenue": 24868888
        },
        "2014-03": {
            "month": "2014-03",
            "price": "10.39",
            "revenue": 37321782
        },
        "2014-04": {
            "month": "2014-04",
            "price": "11.08",
            "revenue": 38184659
        },
        "2014-05": {
            "month": "2014-05",
            "price": "11.45",
            "revenue": 36325221
        },
        "2014-06": {
            "month": "2014-06",
            "price": "12.39",
            "revenue": 36554610
        },
        "2014-07": {
            "month": "2014-07",
            "price": "14.96",
            "revenue": 36430912
        },
        "2014-08": {
            "month": "2014-08",
            "price": "14.10",
            "revenue": 38179536
        },
        "2014-09": {
            "month": "2014-09",
            "price": "14.09",
            "revenue": 38481052
        },
        "2014-10": {
            "month": "2014-10",
            "price": "12.87",
            "revenue": 38281477
        },
        "2014-11": {
            "month": "2014-11",
            "price": "14.44",
            "revenue": 38456154
        },
        "2014-12": {
            "month": "2014-12",
            "price": "14.82",
            "revenue": 38209377
        },
        "2015-01": {
            "month": "2015-01",
            "price": "16.23",
            "revenue": 36048263
        },
        "2015-02": {
            "month": "2015-02",
            "price": "16.00",
            "revenue": 27207386
        },
        "2015-03": {
            "month": "2015-03",
            "price": "15.62",
            "revenue": 36902219
        },
        "2015-04": {
            "month": "2015-04",
            "price": "15.52",
            "revenue": 32397955
        },
        "2015-05": {
            "month": "2015-05",
            "price": "17.17",
            "revenue": 31200267
        },
        "2015-06": {
            "month": "2015-06",
            "price": "16.68",
            "revenue": 30156964
        },
        "2015-07": {
            "month": "2015-07",
            "price": "13.43",
            "revenue": 29656362
        },
        "2015-08": {
            "month": "2015-08",
            "price": "10.43",
            "revenue": 27804569
        },
        "2015-09": {
            "month": "2015-09",
            "price": "11.00",
            "revenue": 31295393
        },
        "2015-10": {
            "month": "2015-10",
            "price": "10.95",
            "revenue": 29582600
        },
        "2015-11": {
            "month": "2015-11",
            "price": "10.32",
            "revenue": 25457451
        },
        "2015-12": {
            "month": "2015-12",
            "price": "9.92",
            "revenue": 26423556
        },
        "2016-01": {
            "month": "2016-01",
            "price": "9.47",
            "revenue": 21085446
        },
        "2016-02": {
            "month": "2016-02",
            "price": "9.34",
            "revenue": 16627131
        },
        "2016-03": {
            "month": "2016-03",
            "price": "10.86",
            "revenue": 18704542
        },
        "2016-04": {
            "month": "2016-04",
            "price": "10.83",
            "revenue": 20935323
        },
        "2016-05": {
            "month": "2016-05",
            "price": "9.47",
            "revenue": 22504919
        },
        "2016-06": {
            "month": "2016-06",
            "price": "9.67",
            "revenue": 23364945
        },
        "2016-07": {
            "month": "2016-07",
            "price": "11.18",
            "revenue": 22821529
        },
        "2016-08": {
            "month": "2016-08",
            "price": "11.65",
            "revenue": 25061906
        },
        "2016-09": {
            "month": "2016-09",
            "price": "10.81",
            "revenue": 26601168
        },
        "2016-10": {
            "month": "2016-10",
            "price": "10.77",
            "revenue": 28063685
        },
        "2016-11": {
            "month": "2016-11",
            "price": "10.97",
            "revenue": 29166731
        },
        "2016-12": {
            "month": "2016-12",
            "price": "11.40",
            "revenue": 32151951
        },
        "2017-01": {
            "month": "2017-01",
            "price": "12.84",
            "revenue": 27259731
        },
        "2017-02": {
            "month": "2017-02",
            "price": "12.86",
            "revenue": 27412053
        },
        "2017-03": {
            "month": "2017-03",
            "price": "12.27",
            "revenue": 31353987
        },
        "2017-04": {
            "month": "2017-04",
            "price": "13.97",
            "revenue": 28381516
        },
        "2017-05": {
            "month": "2017-05",
            "price": "13.50",
            "revenue": 28091595
        },
        "2017-06": {
            "month": "2017-06",
            "price": "14.56",
            "revenue": 28035840
        },
        "2017-07": {
            "month": "2017-07",
            "price": "15.27",
            "revenue": 25344122
        },
        "2017-08": {
            "month": "2017-08",
            "price": "14.26",
            "revenue": 27233052
        },
        "2017-09": {
            "month": "2017-09",
            "price": "14.41",
            "revenue": 26930503
        },
        "2017-10": {
            "month": "2017-10",
            "price": "13.89",
            "revenue": 24736724
        },
        "2017-11": {
            "month": "2017-11",
            "price": "13.19",
            "revenue": 27350448
        },
        "2017-12": {
            "month": "2017-12",
            "price": "12.56",
            "revenue": 27044830
        },
        "2018-01": {
            "month": "2018-01",
            "price": "13.43",
            "revenue": 26104207
        },
        "2018-02": {
            "month": "2018-02",
            "price": "13.17",
            "revenue": 18082174
        },
        "2018-03": {
            "month": "2018-03",
            "price": "12.95",
            "revenue": 22577105
        },
        "2018-04": {
            "month": "2018-04",
            "price": "11.98",
            "revenue": 19699466
        },
        "2018-05": {
            "month": "2018-05",
            "price": "11.45",
            "revenue": 21997874
        },
        "2018-06": {
            "month": "2018-06",
            "price": "11.65",
            "revenue": 24764794
        },
        "2018-07": {
            "month": "2018-07",
            "price": "11.26",
            "revenue": 25149587
        },
        "2018-08": {
            "month": "2018-08",
            "price": "11.31",
            "revenue": 24380326
        },
        "2018-09": {
            "month": "2018-09",
            "price": "10.76",
            "revenue": 24377218
        },
        "2018-10": {
            "month": "2018-10",
            "price": "9.66",
            "revenue": 24895041
        },
        "2018-11": {
            "month": "2018-11",
            "price": "10.04",
            "revenue": 23811694
        },
        "2018-12": {
            "month": "2018-12",
            "price": "10.04",
            "revenue": 23536630
        },
        "2019-01": {
            "month": "2019-01",
            "price": "10.19",
            "revenue": 21208283
        },
        "2019-02": {
            "month": "2019-02",
            "price": "10.06",
            "revenue": 18141750
        },
        "2019-03": {
            "month": "2019-03",
            "price": "10.05",
            "revenue": 20573991
        },
        "2019-04": {
            "month": "2019-04",
            "price": "10.09",
            "revenue": 20856003
        },
        "2019-05": {
            "month": "2019-05",
            "price": "8.27",
            "revenue": 21004978
        },
        "2019-06": {
            "month": "2019-06",
            "price": "7.30",
            "revenue": 21314554
        },
        "2019-07": {
            "month": "2019-07",
            "price": "7.36",
            "revenue": 20540415
        },
        "2019-08": {
            "month": "2019-08",
            "price": "6.59",
            "revenue": 21047072
        },
        "2019-09": {
            "month": "2019-09",
            "price": "7.06",
            "revenue": 21706248
        },
        "2019-10": {
            "month": "2019-10",
            "price": "6.92",
            "revenue": 22015142
        },
        "2019-11": {
            "month": "2019-11",
            "price": "7.00",
            "revenue": 21497094
        },
        "2019-12": {
            "month": "2019-12",
            "price": "8.21",
            "revenue": 22065679
        },
        "2020-01": {
            "month": "2020-01",
            "price": "8.79",
            "revenue": 16581800
        },
        "2020-02": {
            "month": "2020-02",
            "price": "8.92",
            "revenue": 14132474
        },
        "2020-03": {
            "month": "2020-03",
            "price": "6.30",
            "revenue": 19677301
        },
        "2020-04": {
            "month": "2020-04",
            "price": "6.19",
            "revenue": 20656833
        },
        "2020-05": {
            "month": "2020-05",
            "price": "6.25",
            "revenue": 22042654
        },
        "2020-06": {
            "month": "2020-06",
            "price": "7.59",
            "revenue": 24183715
        },
        "2020-07": {
            "month": "2020-07",
            "price": "8.27",
            "revenue": 23773308
        },
        "2020-08": {
            "month": "2020-08",
            "price": "8.35",
            "revenue": 24441461
        },
        "2020-09": {
            "month": "2020-09",
            "price": "9.89",
            "revenue": 26353648
        },
        "2020-10": {
            "month": "2020-10",
            "price": "9.76",
            "revenue": 24966227
        },
        "2020-11": {
            "month": "2020-11",
            "price": "9.67",
            "revenue": 26093764
        },
        "2020-12": {
            "month": "2020-12",
            "price": "13.63",
            "revenue": 27007865
        },
        "2021-01": {
            "month": "2021-01",
            "price": "13.51",
            "revenue": 27511858
        },
        "2021-02": {
            "month": "2021-02",
            "price": "15.42",
            "revenue": 25339345
        },
        "2021-03": {
            "month": "2021-03",
            "price": "18.02",
            "revenue": 30987492
        },
        "2021-04": {
            "month": "2021-04",
            "price": "25.81",
            "revenue": 30345891
        },
        "2021-05": {
            "month": "2021-05",
            "price": "22.74",
            "revenue": 31376527
        },
        "2021-06": {
            "month": "2021-06",
            "price": "21.65",
            "revenue": 31513114
        },
        "2021-07": {
            "month": "2021-07",
            "price": "19.83",
            "revenue": 32248243
        },
        "2021-08": {
            "month": "2021-08",
            "price": "18.98",
            "revenue": 31383671
        },
        "2021-09": {
            "month": "2021-09",
            "price": "16.76",
            "revenue": 29453973
        },
        "2021-10": {
            "month": "2021-10",
            "price": "15.98",
            "revenue": 26804945
        },
        "2021-11": {
            "month": "2021-11",
            "price": "17.74",
            "revenue": 26590789
        },
        "2021-12": {
            "month": "2021-12",
            "price": "18.90",
            "revenue": 26520842
        },
        "2022-01": {
            "month": "2022-01",
            "price": "18.48",
            "revenue": 24013292
        },
        "2022-02": {
            "month": "2022-02",
            "price": "17.07",
            "revenue": 21949688
        },
        "2022-03": {
            "month": "2022-03",
            "price": "17.14",
            "revenue": 23923038
        },
        "2022-04": {
            "month": "2022-04",
            "price": "15.28",
            "revenue": 20610359
        },
        "2022-05": {
            "month": "2022-05",
            "price": "13.79",
            "revenue": 18005054
        },
        "2022-06": {
            "month": "2022-06",
            "price": "13.31",
            "revenue": 19286174
        },
        "2022-07": {
            "month": "2022-07",
            "price": "11.10",
            "revenue": 15760183
        },
        "2022-08": {
            "month": "2022-08",
            "price": "11.40",
            "revenue": 15281141
        },
        "2022-09": {
            "month": "2022-09",
            "price": "11.62",
            "revenue": 16973932
        },
        "2022-10": {
            "month": "2022-10",
            "price": "12.39",
            "revenue": 15618010
        },
        "2022-11": {
            "month": "2022-11",
            "price": "12.63",
            "revenue": 16181620
        },
        "2022-12": {
            "month": "2022-12",
            "price": "11.61",
            "revenue": 16113266
        },
        "2023-01": {
            "month": "2023-01",
            "price": "11.64",
            "revenue": 12596594
        },
        "2023-02": {
            "month": "2023-02",
            "price": "13.34",
            "revenue": 15493596
        },
        "2023-03": {
            "month": "2023-03",
            "price": "14.58",
            "revenue": 17505218
        },
        "2023-04": {
            "month": "2023-04",
            "price": "14.44",
            "revenue": 17031970
        },
        "2023-05": {
            "month": "2023-05",
            "price": "13.62",
            "revenue": 18706610
        },
        "2023-06": {
            "month": "2023-06",
            "price": "15.04",
            "revenue": 19348679
        },
        "2023-07": {
            "month": "2023-07",
            "price": "15.93",
            "revenue": 18515094
        },
        "2023-08": {
            "month": "2023-08",
            "price": "15.58",
            "revenue": 19225047
        },
        "2023-09": {
            "month": "2023-09",
            "price": "13.71",
            "revenue": 19913527
        },
        "2023-10": {
            "month": "2023-10",
            "price": "12.20",
            "revenue": 17291188
        },
        "2023-11": {
            "month": "2023-11",
            "price": "12.47",
            "revenue": 17446043
        },
        "2023-12": {
            "month": "2023-12",
            "price": "13.12",
            "revenue": 18763320
        }
    }
}
