{
    "summary": {
        "stock_name": "力致",
        "stock_id": "3483",
        "category": "電腦及週邊設備",
        "main_business": "NB Thermal Module<br>Others",
        "website_url": "http://www.forcecon.com",
        "ceo": "連春源",
        "pe_ratio": 20,
        "report_year_from": 2005,
        "report_year_to": 2023,
        "age": 18,
        "eps_negative_percentage": 11,
        "eps_growth_avg": {
            "last_all": 4.38,
            "last_2y": 27.86,
            "last_4y": 56.71,
            "last_8y": 12.05,
            "last_12y": 2.9,
            "last_16y": 4.38,
            "last_20y": null,
            "at_2006_last_3y": null,
            "at_2007_last_3y": null,
            "at_2008_last_3y": null,
            "at_2009_last_3y": 8.44,
            "at_2010_last_3y": -27.29,
            "at_2011_last_3y": -22.29,
            "at_2012_last_3y": 16.95,
            "at_2013_last_3y": -13.11,
            "at_2014_last_3y": 13.98,
            "at_2015_last_3y": -33.33,
            "at_2016_last_3y": -100,
            "at_2017_last_3y": -99.62,
            "at_2018_last_3y": -33.08,
            "at_2019_last_3y": 33.59,
            "at_2020_last_3y": 36.85,
            "at_2021_last_3y": 66.15,
            "at_2022_last_3y": 45.89,
            "at_2023_last_3y": 45.89,
            "at_2006_last_all": null,
            "at_2007_last_all": 35.25,
            "at_2008_last_all": 4.51,
            "at_2009_last_all": 8.44,
            "at_2010_last_all": -12.12,
            "at_2011_last_all": -3.11,
            "at_2012_last_all": 11.62,
            "at_2013_last_all": -2.33,
            "at_2014_last_all": -2.33,
            "at_2015_last_all": -13.19,
            "at_2016_last_all": -13.19,
            "at_2017_last_all": -21.79,
            "at_2018_last_all": -10.72,
            "at_2019_last_all": -1.49,
            "at_2020_last_all": 2.21,
            "at_2021_last_all": 3.34,
            "at_2022_last_all": 4.38,
            "at_2023_last_all": 4.38
        },
        "latest_eps": 6.49,
        "latest_price": 131.5,
        "latest_roe": 15.04,
        "latest_gross_margin": 21.72,
        "latest_equity": 3386376,
        "latest_revenue": 2022200,
        "latest_gross_profit": 439217,
        "latest_net_income": 258562,
        "latest_debt_ratio": 56.89,
        "latest_current_ratio": 145.96,
        "latest_account_receivable_turnover_ratio": 0.76,
        "latest_inventory_turnover_ratio": 1.31,
        "latest_reinvestment_rate": 37.32,
        "latest_research_to_sale_ratio": 6.52
    },
    "eps_dividends": {
        "2001": {
            "cash": 0,
            "stock": 0,
            "eps": 0
        },
        "2002": {
            "cash": 0,
            "stock": 0,
            "eps": 0
        },
        "2003": {
            "cash": 0,
            "stock": 0,
            "eps": 0
        },
        "2004": {
            "cash": 0,
            "stock": 0,
            "eps": 0
        },
        "2005": {
            "cash": 0,
            "stock": 0,
            "eps": 5.89
        },
        "2006": {
            "cash": 0,
            "stock": 5,
            "eps": 8.75
        },
        "2007": {
            "cash": 3,
            "stock": 2,
            "eps": 10.67
        },
        "2008": {
            "cash": 4.49,
            "stock": 1.5,
            "eps": 4.59
        },
        "2009": {
            "cash": 3,
            "stock": 0,
            "eps": 5.52
        },
        "2010": {
            "cash": 3.6,
            "stock": 0.2,
            "eps": 0.31
        },
        "2011": {
            "cash": 0.3,
            "stock": 0,
            "eps": 0.44
        },
        "2012": {
            "cash": 0.5,
            "stock": 0,
            "eps": 2.83
        },
        "2013": {
            "cash": 1.2,
            "stock": 0,
            "eps": -1.3
        },
        "2014": {
            "cash": 0.15,
            "stock": 0,
            "eps": 0.14
        },
        "2015": {
            "cash": 0.15,
            "stock": 0,
            "eps": -0.7
        },
        "2016": {
            "cash": 0.1,
            "stock": 0,
            "eps": 2.6
        },
        "2017": {
            "cash": 0.9,
            "stock": 1,
            "eps": 0.02
        },
        "2018": {
            "cash": 0.4,
            "stock": 0,
            "eps": 0.83
        },
        "2019": {
            "cash": 0.1,
            "stock": 0.6,
            "eps": 3.11
        },
        "2020": {
            "cash": 0.5,
            "stock": 1,
            "eps": 4.56
        },
        "2021": {
            "cash": 2,
            "stock": 0.5,
            "eps": 5.38
        },
        "2022": {
            "cash": 3,
            "stock": 0,
            "eps": 6.4
        },
        "2023": {
            "cash": 4,
            "stock": 0,
            "eps": 3.73
        }
    },
    "dividends": {
        "2006-02-27": {
            "cash": 0,
            "stock": 5
        },
        "2007-03-12": {
            "cash": 3,
            "stock": 2
        },
        "2008-04-23": {
            "cash": 4.49,
            "stock": 1.5
        },
        "2009-04-28": {
            "cash": 3,
            "stock": 0
        },
        "2010-04-29": {
            "cash": 3.6,
            "stock": 0.2
        },
        "2011-04-29": {
            "cash": 0.3,
            "stock": 0
        },
        "2012-06-12": {
            "cash": 0.5,
            "stock": 0
        },
        "2013-06-14": {
            "cash": 1.2,
            "stock": 0
        },
        "2014-09-25": {
            "cash": 0.15,
            "stock": 0
        },
        "2015-08-07": {
            "cash": 0.15,
            "stock": 0
        },
        "2016-09-29": {
            "cash": 0.1,
            "stock": 0
        },
        "2017-09-27": {
            "cash": 0.9,
            "stock": 1
        },
        "2018-08-22": {
            "cash": 0.4,
            "stock": 0
        },
        "2019-09-27": {
            "cash": 0.1,
            "stock": 0.6
        },
        "2020-10-16": {
            "cash": 0.5,
            "stock": 1
        },
        "2021-10-27": {
            "cash": 2,
            "stock": 0.5
        },
        "2022-08-24": {
            "cash": 3,
            "stock": 0
        },
        "2023-08-30": {
            "cash": 4,
            "stock": 0
        }
    },
    "prices": {
        "200101": "無",
        "200102": "無",
        "200103": "無",
        "200104": "無",
        "200105": "無",
        "200106": "無",
        "200107": "無",
        "200108": "無",
        "200109": "無",
        "200110": "無",
        "200111": "無",
        "200112": "無",
        "200201": "無",
        "200202": "無",
        "200203": "無",
        "200204": "無",
        "200205": "無",
        "200206": "無",
        "200207": "無",
        "200208": "無",
        "200209": "無",
        "200210": "無",
        "200211": "無",
        "200212": "無",
        "200301": "無",
        "200302": "無",
        "200303": "無",
        "200304": "無",
        "200305": "無",
        "200306": "無",
        "200307": "無",
        "200308": "無",
        "200309": "無",
        "200310": "無",
        "200311": "無",
        "200312": "無",
        "200401": "無",
        "200402": "無",
        "200403": "無",
        "200404": "無",
        "200405": "無",
        "200406": "無",
        "200407": "無",
        "200408": "無",
        "200409": "無",
        "200410": "無",
        "200411": "無",
        "200412": "無",
        "200501": "無",
        "200502": "無",
        "200503": "無",
        "200504": "無",
        "200505": "無",
        "200506": "無",
        "200507": "無",
        "200508": "無",
        "200509": "無",
        "200510": "55.65",
        "200511": "59.03",
        "200512": "58.96",
        "200601": "63.70",
        "200602": "68.22",
        "200603": "96.41",
        "200604": "115.89",
        "200605": "118.01",
        "200606": "105.17",
        "200607": "108.87",
        "200608": "77.12",
        "200609": "66.45",
        "200610": "66.81",
        "200611": "87.54",
        "200612": "138.45",
        "200701": "138.59",
        "200702": "123.21",
        "200703": "108.44",
        "200704": "137.18",
        "200705": "131.70",
        "200706": "136.75",
        "200707": "154.50",
        "200708": "212.85",
        "200709": "197.72",
        "200710": "213.39",
        "200711": "172.59",
        "200712": "132.79",
        "200801": "110.73",
        "200802": "106.84",
        "200803": "122.71",
        "200804": "147.36",
        "200805": "151.90",
        "200806": "126.10",
        "200807": "107.64",
        "200808": "92.50",
        "200809": "60.14",
        "200810": "37.21",
        "200811": "25.83",
        "200812": "26.00",
        "200901": "31.09",
        "200902": "32.51",
        "200903": "36.55",
        "200904": "44.25",
        "200905": "63.19",
        "200906": "60.07",
        "200907": "75.89",
        "200908": "94.86",
        "200909": "100.75",
        "200910": "91.82",
        "200911": "88.07",
        "200912": "96.12",
        "201001": "92.62",
        "201002": "79.06",
        "201003": "83.81",
        "201004": "85.86",
        "201005": "74.63",
        "201006": "70.19",
        "201007": "64.40",
        "201008": "58.29",
        "201009": "46.24",
        "201010": "39.62",
        "201011": "36.27",
        "201012": "40.62",
        "201101": "36.57",
        "201102": "38.90",
        "201103": "45.82",
        "201104": "42.56",
        "201105": "32.85",
        "201106": "30.90",
        "201107": "29.86",
        "201108": "23.76",
        "201109": "21.27",
        "201110": "22.99",
        "201111": "22.90",
        "201112": "19.94",
        "201201": "19.95",
        "201202": "28.63",
        "201203": "32.34",
        "201204": "29.62",
        "201205": "30.93",
        "201206": "30.92",
        "201207": "32.46",
        "201208": "36.41",
        "201209": "33.91",
        "201210": "31.01",
        "201211": "28.29",
        "201212": "29.99",
        "201301": "31.06",
        "201302": "30.68",
        "201303": "28.63",
        "201304": "26.14",
        "201305": "24.93",
        "201306": "22.19",
        "201307": "21.58",
        "201308": "19.03",
        "201309": "18.86",
        "201310": "18.41",
        "201311": "17.22",
        "201312": "18.65",
        "201401": "21.42",
        "201402": "23.72",
        "201403": "23.27",
        "201404": "22.50",
        "201405": "21.73",
        "201406": "23.36",
        "201407": "23.90",
        "201408": "22.36",
        "201409": "21.10",
        "201410": "19.59",
        "201411": "19.10",
        "201412": "18.99",
        "201501": "20.10",
        "201502": "19.31",
        "201503": "18.86",
        "201504": "18.86",
        "201505": "17.30",
        "201506": "13.98",
        "201507": "12.51",
        "201508": "10.13",
        "201509": "10.91",
        "201510": "12.22",
        "201511": "11.96",
        "201512": "13.40",
        "201601": "13.18",
        "201602": "13.68",
        "201603": "14.18",
        "201604": "18.13",
        "201605": "15.01",
        "201606": "15.31",
        "201607": "17.44",
        "201608": "22.09",
        "201609": "21.66",
        "201610": "26.54",
        "201611": "26.14",
        "201612": "25.16",
        "201701": "25.84",
        "201702": "27.76",
        "201703": "33.52",
        "201704": "31.12",
        "201705": "28.77",
        "201706": "26.10",
        "201707": "27.03",
        "201708": "23.83",
        "201709": "23.11",
        "201710": "25.92",
        "201711": "23.96",
        "201712": "23.23",
        "201801": "23.66",
        "201802": "22.94",
        "201803": "24.78",
        "201804": "25.24",
        "201805": "22.32",
        "201806": "23.91",
        "201807": "22.06",
        "201808": "21.88",
        "201809": "20.78",
        "201810": "20.47",
        "201811": "21.44",
        "201812": "24.59",
        "201901": "27.95",
        "201902": "30.20",
        "201903": "36.30",
        "201904": "51.31",
        "201905": "33.73",
        "201906": "33.47",
        "201907": "40.82",
        "201908": "44.12",
        "201909": "52.17",
        "201910": "65.72",
        "201911": "69.41",
        "201912": "68.20",
        "202001": "67.01",
        "202002": "56.85",
        "202003": "42.56",
        "202004": "55.97",
        "202005": "64.28",
        "202006": "62.36",
        "202007": "71.70",
        "202008": "85.94",
        "202009": "84.86",
        "202010": "78.56",
        "202011": "70.75",
        "202012": "65.50",
        "202101": "77.04",
        "202102": "95.73",
        "202103": "107.77",
        "202104": "123.53",
        "202105": "90.06",
        "202106": "90.41",
        "202107": "96.20",
        "202108": "83.22",
        "202109": "78.61",
        "202110": "71.60",
        "202111": "82.44",
        "202112": "93.35",
        "202201": "83.23",
        "202202": "83.08",
        "202203": "78.10",
        "202204": "80.22",
        "202205": "71.30",
        "202206": "69.37",
        "202207": "58.32",
        "202208": "60.05",
        "202209": "56.07",
        "202210": "46.48",
        "202211": "51.47",
        "202212": "55.63",
        "202301": "53.30",
        "202302": "61.34",
        "202303": "65.29",
        "202304": "70.06",
        "202305": "72.76",
        "202306": "81.20",
        "202307": "119.61",
        "202308": "143.07",
        "202309": "137.42"
    },
    "quarters": {
        "20011": {
            "year_quarter": 20011,
            "year": 2001,
            "quarter": 1,
            "eps": null,
            "eps_growth_year": null,
            "eps_4q": null,
            "eps_4q_growth_year": null,
            "roe": null,
            "roe_4q": 0,
            "gross_profit": null,
            "gross_margin": null,
            "gross_margin_4q_avg": 0,
            "net_income": null,
            "revenue": null,
            "common_shares": null,
            "book_valuer_per_share": null,
            "book_valuer_per_share_4q_avg": 0,
            "equity": null,
            "current_ratio": null,
            "debt_ratio": null,
            "inventory_turnover_ratio": null,
            "account_receivable_turnover_ratio": null,
            "reinvestment_rate": null,
            "research_to_sale_ratio": null,
            "price_fair": 0,
            "eps_avg_yearly": 0,
            "eps_latest_yearly": 0,
            "eps_growth_yearly": 0
        },
        "20012": {
            "year_quarter": 20012,
            "year": 2001,
            "quarter": 2,
            "eps": null,
            "eps_growth_year": null,
            "eps_4q": null,
            "eps_4q_growth_year": null,
            "roe": null,
            "roe_4q": 0,
            "gross_profit": null,
            "gross_margin": null,
            "gross_margin_4q_avg": 0,
            "net_income": null,
            "revenue": null,
            "common_shares": null,
            "book_valuer_per_share": null,
            "book_valuer_per_share_4q_avg": 0,
            "equity": null,
            "current_ratio": null,
            "debt_ratio": null,
            "inventory_turnover_ratio": null,
            "account_receivable_turnover_ratio": null,
            "reinvestment_rate": null,
            "research_to_sale_ratio": null,
            "price_fair": 0,
            "eps_avg_yearly": 0,
            "eps_latest_yearly": 0,
            "eps_growth_yearly": 0
        },
        "20013": {
            "year_quarter": 20013,
            "year": 2001,
            "quarter": 3,
            "eps": null,
            "eps_growth_year": null,
            "eps_4q": null,
            "eps_4q_growth_year": null,
            "roe": null,
            "roe_4q": 0,
            "gross_profit": null,
            "gross_margin": null,
            "gross_margin_4q_avg": 0,
            "net_income": null,
            "revenue": null,
            "common_shares": null,
            "book_valuer_per_share": null,
            "book_valuer_per_share_4q_avg": 0,
            "equity": null,
            "current_ratio": null,
            "debt_ratio": null,
            "inventory_turnover_ratio": null,
            "account_receivable_turnover_ratio": null,
            "reinvestment_rate": null,
            "research_to_sale_ratio": null,
            "price_fair": 0,
            "eps_avg_yearly": 0,
            "eps_latest_yearly": 0,
            "eps_growth_yearly": 0
        },
        "20014": {
            "year_quarter": 20014,
            "year": 2001,
            "quarter": 4,
            "eps": null,
            "eps_growth_year": null,
            "eps_4q": null,
            "eps_4q_growth_year": null,
            "roe": null,
            "roe_4q": 0,
            "gross_profit": null,
            "gross_margin": null,
            "gross_margin_4q_avg": 0,
            "net_income": null,
            "revenue": null,
            "common_shares": null,
            "book_valuer_per_share": null,
            "book_valuer_per_share_4q_avg": 0,
            "equity": null,
            "current_ratio": null,
            "debt_ratio": null,
            "inventory_turnover_ratio": null,
            "account_receivable_turnover_ratio": null,
            "reinvestment_rate": null,
            "research_to_sale_ratio": null,
            "price_fair": 0,
            "eps_avg_yearly": 0,
            "eps_latest_yearly": 0,
            "eps_growth_yearly": 0
        },
        "20021": {
            "year_quarter": 20021,
            "year": 2002,
            "quarter": 1,
            "eps": null,
            "eps_growth_year": null,
            "eps_4q": null,
            "eps_4q_growth_year": null,
            "roe": null,
            "roe_4q": 0,
            "gross_profit": null,
            "gross_margin": null,
            "gross_margin_4q_avg": 0,
            "net_income": null,
            "revenue": null,
            "common_shares": null,
            "book_valuer_per_share": null,
            "book_valuer_per_share_4q_avg": 0,
            "equity": null,
            "current_ratio": null,
            "debt_ratio": null,
            "inventory_turnover_ratio": null,
            "account_receivable_turnover_ratio": null,
            "reinvestment_rate": null,
            "research_to_sale_ratio": null,
            "price_fair": 0,
            "eps_avg_yearly": 0,
            "eps_latest_yearly": 0,
            "eps_growth_yearly": 0
        },
        "20022": {
            "year_quarter": 20022,
            "year": 2002,
            "quarter": 2,
            "eps": null,
            "eps_growth_year": null,
            "eps_4q": null,
            "eps_4q_growth_year": null,
            "roe": null,
            "roe_4q": 0,
            "gross_profit": null,
            "gross_margin": null,
            "gross_margin_4q_avg": 0,
            "net_income": null,
            "revenue": null,
            "common_shares": null,
            "book_valuer_per_share": null,
            "book_valuer_per_share_4q_avg": 0,
            "equity": null,
            "current_ratio": null,
            "debt_ratio": null,
            "inventory_turnover_ratio": null,
            "account_receivable_turnover_ratio": null,
            "reinvestment_rate": null,
            "research_to_sale_ratio": null,
            "price_fair": 0,
            "eps_avg_yearly": 0,
            "eps_latest_yearly": 0,
            "eps_growth_yearly": 0
        },
        "20023": {
            "year_quarter": 20023,
            "year": 2002,
            "quarter": 3,
            "eps": null,
            "eps_growth_year": null,
            "eps_4q": null,
            "eps_4q_growth_year": null,
            "roe": null,
            "roe_4q": 0,
            "gross_profit": null,
            "gross_margin": null,
            "gross_margin_4q_avg": 0,
            "net_income": null,
            "revenue": null,
            "common_shares": null,
            "book_valuer_per_share": null,
            "book_valuer_per_share_4q_avg": 0,
            "equity": null,
            "current_ratio": null,
            "debt_ratio": null,
            "inventory_turnover_ratio": null,
            "account_receivable_turnover_ratio": null,
            "reinvestment_rate": null,
            "research_to_sale_ratio": null,
            "price_fair": 0,
            "eps_avg_yearly": 0,
            "eps_latest_yearly": 0,
            "eps_growth_yearly": 0
        },
        "20024": {
            "year_quarter": 20024,
            "year": 2002,
            "quarter": 4,
            "eps": null,
            "eps_growth_year": null,
            "eps_4q": null,
            "eps_4q_growth_year": null,
            "roe": null,
            "roe_4q": 0,
            "gross_profit": null,
            "gross_margin": null,
            "gross_margin_4q_avg": 0,
            "net_income": null,
            "revenue": null,
            "common_shares": 53000,
            "book_valuer_per_share": 9.44,
            "book_valuer_per_share_4q_avg": 2.36,
            "equity": 50024,
            "current_ratio": 106.44,
            "debt_ratio": 81.26,
            "inventory_turnover_ratio": null,
            "account_receivable_turnover_ratio": null,
            "reinvestment_rate": null,
            "research_to_sale_ratio": null,
            "price_fair": 0,
            "eps_avg_yearly": 0,
            "eps_latest_yearly": 0,
            "eps_growth_yearly": 0
        },
        "20031": {
            "year_quarter": 20031,
            "year": 2003,
            "quarter": 1,
            "eps": null,
            "eps_growth_year": null,
            "eps_4q": null,
            "eps_4q_growth_year": null,
            "roe": null,
            "roe_4q": 0,
            "gross_profit": null,
            "gross_margin": null,
            "gross_margin_4q_avg": 0,
            "net_income": null,
            "revenue": null,
            "common_shares": null,
            "book_valuer_per_share": null,
            "book_valuer_per_share_4q_avg": 2.36,
            "equity": null,
            "current_ratio": null,
            "debt_ratio": null,
            "inventory_turnover_ratio": null,
            "account_receivable_turnover_ratio": null,
            "reinvestment_rate": null,
            "research_to_sale_ratio": null,
            "price_fair": 0,
            "eps_avg_yearly": 0,
            "eps_latest_yearly": 0,
            "eps_growth_yearly": 0
        },
        "20032": {
            "year_quarter": 20032,
            "year": 2003,
            "quarter": 2,
            "eps": null,
            "eps_growth_year": null,
            "eps_4q": null,
            "eps_4q_growth_year": null,
            "roe": null,
            "roe_4q": 0,
            "gross_profit": null,
            "gross_margin": null,
            "gross_margin_4q_avg": 0,
            "net_income": null,
            "revenue": null,
            "common_shares": null,
            "book_valuer_per_share": null,
            "book_valuer_per_share_4q_avg": 2.36,
            "equity": null,
            "current_ratio": null,
            "debt_ratio": null,
            "inventory_turnover_ratio": null,
            "account_receivable_turnover_ratio": null,
            "reinvestment_rate": null,
            "research_to_sale_ratio": null,
            "price_fair": 0,
            "eps_avg_yearly": 0,
            "eps_latest_yearly": 0,
            "eps_growth_yearly": 0
        },
        "20033": {
            "year_quarter": 20033,
            "year": 2003,
            "quarter": 3,
            "eps": null,
            "eps_growth_year": null,
            "eps_4q": null,
            "eps_4q_growth_year": null,
            "roe": null,
            "roe_4q": 0,
            "gross_profit": null,
            "gross_margin": null,
            "gross_margin_4q_avg": 0,
            "net_income": null,
            "revenue": null,
            "common_shares": null,
            "book_valuer_per_share": null,
            "book_valuer_per_share_4q_avg": 2.36,
            "equity": null,
            "current_ratio": null,
            "debt_ratio": null,
            "inventory_turnover_ratio": null,
            "account_receivable_turnover_ratio": null,
            "reinvestment_rate": null,
            "research_to_sale_ratio": null,
            "price_fair": 0,
            "eps_avg_yearly": 0,
            "eps_latest_yearly": 0,
            "eps_growth_yearly": 0
        },
        "20034": {
            "year_quarter": 20034,
            "year": 2003,
            "quarter": 4,
            "eps": null,
            "eps_growth_year": null,
            "eps_4q": null,
            "eps_4q_growth_year": null,
            "roe": null,
            "roe_4q": 0,
            "gross_profit": null,
            "gross_margin": null,
            "gross_margin_4q_avg": 0,
            "net_income": null,
            "revenue": null,
            "common_shares": 53000,
            "book_valuer_per_share": 13.85,
            "book_valuer_per_share_4q_avg": 3.46,
            "equity": 73389,
            "current_ratio": 102.56,
            "debt_ratio": 87.25,
            "inventory_turnover_ratio": null,
            "account_receivable_turnover_ratio": null,
            "reinvestment_rate": null,
            "research_to_sale_ratio": null,
            "price_fair": 0,
            "eps_avg_yearly": 0,
            "eps_latest_yearly": 0,
            "eps_growth_yearly": 0
        },
        "20041": {
            "year_quarter": 20041,
            "year": 2004,
            "quarter": 1,
            "eps": null,
            "eps_growth_year": null,
            "eps_4q": null,
            "eps_4q_growth_year": null,
            "roe": null,
            "roe_4q": 0,
            "gross_profit": null,
            "gross_margin": null,
            "gross_margin_4q_avg": 0,
            "net_income": null,
            "revenue": null,
            "common_shares": null,
            "book_valuer_per_share": null,
            "book_valuer_per_share_4q_avg": 3.46,
            "equity": null,
            "current_ratio": null,
            "debt_ratio": null,
            "inventory_turnover_ratio": null,
            "account_receivable_turnover_ratio": null,
            "reinvestment_rate": null,
            "research_to_sale_ratio": null,
            "price_fair": 0,
            "eps_avg_yearly": 0,
            "eps_latest_yearly": 0,
            "eps_growth_yearly": 0
        },
        "20042": {
            "year_quarter": 20042,
            "year": 2004,
            "quarter": 2,
            "eps": null,
            "eps_growth_year": null,
            "eps_4q": null,
            "eps_4q_growth_year": null,
            "roe": null,
            "roe_4q": 0,
            "gross_profit": null,
            "gross_margin": null,
            "gross_margin_4q_avg": 0,
            "net_income": null,
            "revenue": null,
            "common_shares": null,
            "book_valuer_per_share": null,
            "book_valuer_per_share_4q_avg": 3.46,
            "equity": null,
            "current_ratio": null,
            "debt_ratio": null,
            "inventory_turnover_ratio": null,
            "account_receivable_turnover_ratio": null,
            "reinvestment_rate": null,
            "research_to_sale_ratio": null,
            "price_fair": 0,
            "eps_avg_yearly": 0,
            "eps_latest_yearly": 0,
            "eps_growth_yearly": 0
        },
        "20043": {
            "year_quarter": 20043,
            "year": 2004,
            "quarter": 3,
            "eps": null,
            "eps_growth_year": null,
            "eps_4q": null,
            "eps_4q_growth_year": null,
            "roe": null,
            "roe_4q": 0,
            "gross_profit": null,
            "gross_margin": null,
            "gross_margin_4q_avg": 0,
            "net_income": null,
            "revenue": null,
            "common_shares": null,
            "book_valuer_per_share": null,
            "book_valuer_per_share_4q_avg": 3.46,
            "equity": null,
            "current_ratio": null,
            "debt_ratio": null,
            "inventory_turnover_ratio": null,
            "account_receivable_turnover_ratio": null,
            "reinvestment_rate": null,
            "research_to_sale_ratio": null,
            "price_fair": 0,
            "eps_avg_yearly": 0,
            "eps_latest_yearly": 0,
            "eps_growth_yearly": 0
        },
        "20044": {
            "year_quarter": 20044,
            "year": 2004,
            "quarter": 4,
            "eps": null,
            "eps_growth_year": null,
            "eps_4q": null,
            "eps_4q_growth_year": null,
            "roe": null,
            "roe_4q": 0,
            "gross_profit": null,
            "gross_margin": null,
            "gross_margin_4q_avg": 0,
            "net_income": null,
            "revenue": null,
            "common_shares": 101300,
            "book_valuer_per_share": 14.31,
            "book_valuer_per_share_4q_avg": 3.58,
            "equity": 144998,
            "current_ratio": 113.11,
            "debt_ratio": 67.95,
            "inventory_turnover_ratio": null,
            "account_receivable_turnover_ratio": null,
            "reinvestment_rate": null,
            "research_to_sale_ratio": null,
            "price_fair": 0,
            "eps_avg_yearly": 0,
            "eps_latest_yearly": 0,
            "eps_growth_yearly": 0
        },
        "20051": {
            "year_quarter": 20051,
            "year": 2005,
            "quarter": 1,
            "eps": 0.37,
            "eps_growth_year": null,
            "eps_4q": null,
            "eps_4q_growth_year": null,
            "roe": 2.53,
            "roe_4q": 2.53,
            "gross_profit": 47152,
            "gross_margin": 33.7,
            "gross_margin_4q_avg": 8.43,
            "net_income": 3716,
            "revenue": 139897,
            "common_shares": 101300,
            "book_valuer_per_share": 14.68,
            "book_valuer_per_share_4q_avg": 7.25,
            "equity": 148753,
            "current_ratio": 118.42,
            "debt_ratio": 67.12,
            "inventory_turnover_ratio": 1.5,
            "account_receivable_turnover_ratio": null,
            "reinvestment_rate": null,
            "research_to_sale_ratio": null,
            "price_fair": 0,
            "eps_avg_yearly": 0,
            "eps_latest_yearly": 0,
            "eps_growth_yearly": 0
        },
        "20052": {
            "year_quarter": 20052,
            "year": 2005,
            "quarter": 2,
            "eps": 0.61,
            "eps_growth_year": null,
            "eps_4q": null,
            "eps_4q_growth_year": null,
            "roe": 4.94,
            "roe_4q": 7.470000000000001,
            "gross_profit": 48291,
            "gross_margin": 22.01,
            "gross_margin_4q_avg": 13.93,
            "net_income": 7470,
            "revenue": 219423,
            "common_shares": 122934,
            "book_valuer_per_share": 12.48,
            "book_valuer_per_share_4q_avg": 10.37,
            "equity": 153418,
            "current_ratio": 118.1,
            "debt_ratio": 72.01,
            "inventory_turnover_ratio": 4.14,
            "account_receivable_turnover_ratio": null,
            "reinvestment_rate": null,
            "research_to_sale_ratio": null,
            "price_fair": 85.4,
            "eps_avg_yearly": 2.44,
            "eps_latest_yearly": 2.44,
            "eps_growth_yearly": 259.46
        },
        "20053": {
            "year_quarter": 20053,
            "year": 2005,
            "quarter": 3,
            "eps": 2.66,
            "eps_growth_year": null,
            "eps_4q": null,
            "eps_4q_growth_year": null,
            "roe": 28.23,
            "roe_4q": 35.7,
            "gross_profit": 86411,
            "gross_margin": 31.21,
            "gross_margin_4q_avg": 21.73,
            "net_income": 51433,
            "revenue": 276861,
            "common_shares": 122934,
            "book_valuer_per_share": 17.16,
            "book_valuer_per_share_4q_avg": 14.66,
            "equity": 210923,
            "current_ratio": 125.8,
            "debt_ratio": 72.42,
            "inventory_turnover_ratio": 3.18,
            "account_receivable_turnover_ratio": null,
            "reinvestment_rate": null,
            "research_to_sale_ratio": null,
            "price_fair": 228.9,
            "eps_avg_yearly": 6.54,
            "eps_latest_yearly": 10.64,
            "eps_growth_yearly": 801.86
        },
        "20054": {
            "year_quarter": 20054,
            "year": 2005,
            "quarter": 4,
            "eps": 2.25,
            "eps_growth_year": null,
            "eps_4q": 7.33,
            "eps_4q_growth_year": null,
            "roe": 10.3,
            "roe_4q": 46,
            "gross_profit": 80586,
            "gross_margin": 29.49,
            "gross_margin_4q_avg": 29.1,
            "net_income": 27762,
            "revenue": 273263,
            "common_shares": 142934,
            "book_valuer_per_share": 22.95,
            "book_valuer_per_share_4q_avg": 16.82,
            "equity": 328086,
            "current_ratio": 119.05,
            "debt_ratio": 61.52,
            "inventory_turnover_ratio": 1.52,
            "account_receivable_turnover_ratio": null,
            "reinvestment_rate": null,
            "research_to_sale_ratio": null,
            "price_fair": 257.6,
            "eps_avg_yearly": 7.36,
            "eps_latest_yearly": 9,
            "eps_growth_yearly": 514.02
        },
        "20061": {
            "year_quarter": 20061,
            "year": 2006,
            "quarter": 1,
            "eps": 1.93,
            "eps_growth_year": 421.62,
            "eps_4q": 7.98,
            "eps_4q_growth_year": null,
            "roe": 8.09,
            "roe_4q": 51.56,
            "gross_profit": 68757,
            "gross_margin": 25.34,
            "gross_margin_4q_avg": 27.01,
            "net_income": 27654,
            "revenue": 271389,
            "common_shares": 142934,
            "book_valuer_per_share": 24.88,
            "book_valuer_per_share_4q_avg": 19.37,
            "equity": 355671,
            "current_ratio": 152.73,
            "debt_ratio": 52.82,
            "inventory_turnover_ratio": 1.67,
            "account_receivable_turnover_ratio": null,
            "reinvestment_rate": null,
            "research_to_sale_ratio": null,
            "price_fair": 260.75,
            "eps_avg_yearly": 7.45,
            "eps_latest_yearly": 7.72,
            "eps_growth_yearly": 371.29
        },
        "20062": {
            "year_quarter": 20062,
            "year": 2006,
            "quarter": 2,
            "eps": 0.87,
            "eps_growth_year": 42.62,
            "eps_4q": 5.62,
            "eps_4q_growth_year": null,
            "roe": 5.37,
            "roe_4q": 51.99,
            "gross_profit": 124343,
            "gross_margin": 28,
            "gross_margin_4q_avg": 28.51,
            "net_income": 19563,
            "revenue": 444036,
            "common_shares": 142934,
            "book_valuer_per_share": 26.12,
            "book_valuer_per_share_4q_avg": 22.78,
            "equity": 373373,
            "current_ratio": 151.28,
            "debt_ratio": 56.72,
            "inventory_turnover_ratio": 3.81,
            "account_receivable_turnover_ratio": null,
            "reinvestment_rate": null,
            "research_to_sale_ratio": null,
            "price_fair": 232.96,
            "eps_avg_yearly": 6.66,
            "eps_latest_yearly": 3.48,
            "eps_growth_yearly": 253.1
        },
        "20063": {
            "year_quarter": 20063,
            "year": 2006,
            "quarter": 3,
            "eps": 3.41,
            "eps_growth_year": 28.2,
            "eps_4q": 6.75,
            "eps_4q_growth_year": null,
            "roe": 18.44,
            "roe_4q": 42.2,
            "gross_profit": 85085,
            "gross_margin": 19.68,
            "gross_margin_4q_avg": 25.63,
            "net_income": 76608,
            "revenue": 432389,
            "common_shares": 224401,
            "book_valuer_per_share": 20.39,
            "book_valuer_per_share_4q_avg": 23.59,
            "equity": 457621,
            "current_ratio": 144.31,
            "debt_ratio": 55.78,
            "inventory_turnover_ratio": 3,
            "account_receivable_turnover_ratio": null,
            "reinvestment_rate": null,
            "research_to_sale_ratio": null,
            "price_fair": 273.7,
            "eps_avg_yearly": 7.82,
            "eps_latest_yearly": 13.64,
            "eps_growth_yearly": 405.55
        },
        "20064": {
            "year_quarter": 20064,
            "year": 2006,
            "quarter": 4,
            "eps": 2.54,
            "eps_growth_year": 12.89,
            "eps_4q": 8.02,
            "eps_4q_growth_year": 9.52,
            "roe": 10.18,
            "roe_4q": 42.08,
            "gross_profit": 69616,
            "gross_margin": 16.83,
            "gross_margin_4q_avg": 22.46,
            "net_income": 57369,
            "revenue": 413536,
            "common_shares": 252591,
            "book_valuer_per_share": 26.52,
            "book_valuer_per_share_4q_avg": 24.48,
            "equity": 669984,
            "current_ratio": 127.74,
            "debt_ratio": 58.89,
            "inventory_turnover_ratio": 1.5,
            "account_receivable_turnover_ratio": null,
            "reinvestment_rate": null,
            "research_to_sale_ratio": null,
            "price_fair": 285.4,
            "eps_avg_yearly": 8.15,
            "eps_latest_yearly": 10.16,
            "eps_growth_yearly": 333.04
        },
        "20071": {
            "year_quarter": 20071,
            "year": 2007,
            "quarter": 1,
            "eps": 0.66,
            "eps_growth_year": -65.8,
            "eps_4q": 6.72,
            "eps_4q_growth_year": -15.79,
            "roe": 2.45,
            "roe_4q": 36.44,
            "gross_profit": 39806,
            "gross_margin": 13.23,
            "gross_margin_4q_avg": 19.44,
            "net_income": 16726,
            "revenue": 300957,
            "common_shares": 252591,
            "book_valuer_per_share": 27.51,
            "book_valuer_per_share_4q_avg": 25.14,
            "equity": 694826,
            "current_ratio": 227.78,
            "debt_ratio": 32.37,
            "inventory_turnover_ratio": 1.13,
            "account_receivable_turnover_ratio": null,
            "reinvestment_rate": null,
            "research_to_sale_ratio": null,
            "price_fair": 261.28,
            "eps_avg_yearly": 7.47,
            "eps_latest_yearly": 2.64,
            "eps_growth_yearly": 254.4
        },
        "20072": {
            "year_quarter": 20072,
            "year": 2007,
            "quarter": 2,
            "eps": 1.98,
            "eps_growth_year": 127.59,
            "eps_4q": 6.86,
            "eps_4q_growth_year": 22.08,
            "roe": 8.52,
            "roe_4q": 39.59,
            "gross_profit": 102371,
            "gross_margin": 21.86,
            "gross_margin_4q_avg": 17.9,
            "net_income": 61111,
            "revenue": 468353,
            "common_shares": 252591,
            "book_valuer_per_share": 29.3,
            "book_valuer_per_share_4q_avg": 25.93,
            "equity": 740192,
            "current_ratio": 257.69,
            "debt_ratio": 42.42,
            "inventory_turnover_ratio": 2.57,
            "account_receivable_turnover_ratio": null,
            "reinvestment_rate": null,
            "research_to_sale_ratio": null,
            "price_fair": 263.04,
            "eps_avg_yearly": 7.52,
            "eps_latest_yearly": 7.92,
            "eps_growth_yearly": 315.02
        },
        "20073": {
            "year_quarter": 20073,
            "year": 2007,
            "quarter": 3,
            "eps": 4.73,
            "eps_growth_year": 38.71,
            "eps_4q": 9.09,
            "eps_4q_growth_year": 34.64,
            "roe": 17.22,
            "roe_4q": 38.37,
            "gross_profit": 157023,
            "gross_margin": 26.69,
            "gross_margin_4q_avg": 19.65,
            "net_income": 146846,
            "revenue": 588369,
            "common_shares": 319767,
            "book_valuer_per_share": 30.2,
            "book_valuer_per_share_4q_avg": 28.38,
            "equity": 965643,
            "current_ratio": 284.67,
            "debt_ratio": 34.48,
            "inventory_turnover_ratio": 2.31,
            "account_receivable_turnover_ratio": null,
            "reinvestment_rate": null,
            "research_to_sale_ratio": null,
            "price_fair": 302.96,
            "eps_avg_yearly": 8.66,
            "eps_latest_yearly": 18.92,
            "eps_growth_yearly": 339.07
        },
        "20074": {
            "year_quarter": 20074,
            "year": 2007,
            "quarter": 4,
            "eps": 3.3,
            "eps_growth_year": 29.92,
            "eps_4q": 10.42,
            "eps_4q_growth_year": 29.93,
            "roe": 8.35,
            "roe_4q": 36.540000000000006,
            "gross_profit": 155859,
            "gross_margin": 28.13,
            "gross_margin_4q_avg": 22.48,
            "net_income": 104089,
            "revenue": 554144,
            "common_shares": 347836,
            "book_valuer_per_share": 43.88,
            "book_valuer_per_share_4q_avg": 32.72,
            "equity": 1526292,
            "current_ratio": 187.33,
            "debt_ratio": 45.11,
            "inventory_turnover_ratio": 1.3,
            "account_receivable_turnover_ratio": null,
            "reinvestment_rate": null,
            "research_to_sale_ratio": null,
            "price_fair": 317.42,
            "eps_avg_yearly": 9.07,
            "eps_latest_yearly": 13.2,
            "eps_growth_yearly": 297.26
        },
        "20081": {
            "year_quarter": 20081,
            "year": 2008,
            "quarter": 1,
            "eps": 2.08,
            "eps_growth_year": 215.15,
            "eps_4q": 11.21,
            "eps_4q_growth_year": 66.89,
            "roe": 4.72,
            "roe_4q": 38.81,
            "gross_profit": 214558,
            "gross_margin": 29.85,
            "gross_margin_4q_avg": 26.63,
            "net_income": 71067,
            "revenue": 718882,
            "common_shares": 347877,
            "book_valuer_per_share": 42.66,
            "book_valuer_per_share_4q_avg": 36.51,
            "equity": 1484003,
            "current_ratio": 194.05,
            "debt_ratio": 43.76,
            "inventory_turnover_ratio": 1.45,
            "account_receivable_turnover_ratio": null,
            "reinvestment_rate": null,
            "research_to_sale_ratio": null,
            "price_fair": 315.23,
            "eps_avg_yearly": 9.01,
            "eps_latest_yearly": 8.32,
            "eps_growth_yearly": 260.16
        },
        "20082": {
            "year_quarter": 20082,
            "year": 2008,
            "quarter": 2,
            "eps": 0.95,
            "eps_growth_year": -52.02,
            "eps_4q": 10.41,
            "eps_4q_growth_year": 51.72,
            "roe": 2.17,
            "roe_4q": 32.459999999999994,
            "gross_profit": 156895,
            "gross_margin": 25.93,
            "gross_margin_4q_avg": 27.65,
            "net_income": 32328,
            "revenue": 605122,
            "common_shares": 347958,
            "book_valuer_per_share": 43.14,
            "book_valuer_per_share_4q_avg": 39.97,
            "equity": 1501093,
            "current_ratio": 165.71,
            "debt_ratio": 48.54,
            "inventory_turnover_ratio": 1.29,
            "account_receivable_turnover_ratio": null,
            "reinvestment_rate": null,
            "research_to_sale_ratio": null,
            "price_fair": 301.22,
            "eps_avg_yearly": 8.61,
            "eps_latest_yearly": 3.8,
            "eps_growth_yearly": 223.43
        },
        "20083": {
            "year_quarter": 20083,
            "year": 2008,
            "quarter": 3,
            "eps": 1.22,
            "eps_growth_year": -74.21,
            "eps_4q": 6.32,
            "eps_4q_growth_year": -30.47,
            "roe": 3.23,
            "roe_4q": 18.47,
            "gross_profit": 181343,
            "gross_margin": 22.08,
            "gross_margin_4q_avg": 26.5,
            "net_income": 49665,
            "revenue": 821208,
            "common_shares": 410496,
            "book_valuer_per_share": 38.43,
            "book_valuer_per_share_4q_avg": 42.03,
            "equity": 1577644,
            "current_ratio": 158.32,
            "debt_ratio": 48.25,
            "inventory_turnover_ratio": 1.54,
            "account_receivable_turnover_ratio": null,
            "reinvestment_rate": null,
            "research_to_sale_ratio": null,
            "price_fair": 291.9,
            "eps_avg_yearly": 8.34,
            "eps_latest_yearly": 4.88,
            "eps_growth_yearly": 215.59
        },
        "20084": {
            "year_quarter": 20084,
            "year": 2008,
            "quarter": 4,
            "eps": 0.34,
            "eps_growth_year": -89.7,
            "eps_4q": 5.4,
            "eps_4q_growth_year": -48.17,
            "roe": 0.65,
            "roe_4q": 10.77,
            "gross_profit": 145803,
            "gross_margin": 22.48,
            "gross_margin_4q_avg": 25.09,
            "net_income": 10492,
            "revenue": 648609,
            "common_shares": 401806,
            "book_valuer_per_share": 39.83,
            "book_valuer_per_share_4q_avg": 41.02,
            "equity": 1632424,
            "current_ratio": 178.6,
            "debt_ratio": 43.13,
            "inventory_turnover_ratio": 1.22,
            "account_receivable_turnover_ratio": 1.37,
            "reinvestment_rate": 67.85,
            "research_to_sale_ratio": null,
            "price_fair": 275.61,
            "eps_avg_yearly": 7.87,
            "eps_latest_yearly": 1.36,
            "eps_growth_yearly": 181.99
        },
        "20091": {
            "year_quarter": 20091,
            "year": 2009,
            "quarter": 1,
            "eps": 1.37,
            "eps_growth_year": -34.13,
            "eps_4q": 3.86,
            "eps_4q_growth_year": -65.59,
            "roe": 3.2,
            "roe_4q": 9.25,
            "gross_profit": 185530,
            "gross_margin": 27.97,
            "gross_margin_4q_avg": 24.62,
            "net_income": 53571,
            "revenue": 663345,
            "common_shares": 401766,
            "book_valuer_per_share": 42.05,
            "book_valuer_per_share_4q_avg": 40.86,
            "equity": 1719443,
            "current_ratio": 187.36,
            "debt_ratio": 41.6,
            "inventory_turnover_ratio": 1.32,
            "account_receivable_turnover_ratio": 0.75,
            "reinvestment_rate": 73.56,
            "research_to_sale_ratio": null,
            "price_fair": 270.38,
            "eps_avg_yearly": 7.73,
            "eps_latest_yearly": 5.48,
            "eps_growth_yearly": 246.35
        },
        "20092": {
            "year_quarter": 20092,
            "year": 2009,
            "quarter": 2,
            "eps": 1.49,
            "eps_growth_year": 56.84,
            "eps_4q": 4.65,
            "eps_4q_growth_year": -55.3,
            "roe": 3.42,
            "roe_4q": 10.5,
            "gross_profit": 217626,
            "gross_margin": 27.34,
            "gross_margin_4q_avg": 24.97,
            "net_income": 57113,
            "revenue": 796067,
            "common_shares": 401766,
            "book_valuer_per_share": 39.56,
            "book_valuer_per_share_4q_avg": 39.97,
            "equity": 1617013,
            "current_ratio": 165.06,
            "debt_ratio": 47.83,
            "inventory_turnover_ratio": 1.75,
            "account_receivable_turnover_ratio": 0.88,
            "reinvestment_rate": 65.9,
            "research_to_sale_ratio": null,
            "price_fair": 278.08,
            "eps_avg_yearly": 7.95,
            "eps_latest_yearly": 5.96,
            "eps_growth_yearly": 232.32
        },
        "20093": {
            "year_quarter": 20093,
            "year": 2009,
            "quarter": 3,
            "eps": 2,
            "eps_growth_year": 63.93,
            "eps_4q": 5.34,
            "eps_4q_growth_year": -15.5,
            "roe": 4.76,
            "roe_4q": 12.03,
            "gross_profit": 264491,
            "gross_margin": 25.47,
            "gross_margin_4q_avg": 25.82,
            "net_income": 78288,
            "revenue": 1038602,
            "common_shares": 401766,
            "book_valuer_per_share": 40.94,
            "book_valuer_per_share_4q_avg": 40.6,
            "equity": 1670229,
            "current_ratio": 160.96,
            "debt_ratio": 50.08,
            "inventory_turnover_ratio": 2.26,
            "account_receivable_turnover_ratio": 0.93,
            "reinvestment_rate": 65.64,
            "research_to_sale_ratio": null,
            "price_fair": 272.3,
            "eps_avg_yearly": 7.78,
            "eps_latest_yearly": 8,
            "eps_growth_yearly": 156.86
        },
        "20094": {
            "year_quarter": 20094,
            "year": 2009,
            "quarter": 4,
            "eps": 0.66,
            "eps_growth_year": 94.12,
            "eps_4q": 5.52,
            "eps_4q_growth_year": 2.24,
            "roe": 1.42,
            "roe_4q": 12.8,
            "gross_profit": 217659,
            "gross_margin": 21.19,
            "gross_margin_4q_avg": 25.49,
            "net_income": 23879,
            "revenue": 1027338,
            "common_shares": 401766,
            "book_valuer_per_share": 41.43,
            "book_valuer_per_share_4q_avg": 41,
            "equity": 1687166,
            "current_ratio": 160.93,
            "debt_ratio": 50.04,
            "inventory_turnover_ratio": 2.29,
            "account_receivable_turnover_ratio": 1.3,
            "reinvestment_rate": 205.57,
            "research_to_sale_ratio": null,
            "price_fair": 258.39,
            "eps_avg_yearly": 7.38,
            "eps_latest_yearly": 2.64,
            "eps_growth_yearly": 143.96
        },
        "20101": {
            "year_quarter": 20101,
            "year": 2010,
            "quarter": 1,
            "eps": 1.22,
            "eps_growth_year": -10.95,
            "eps_4q": 5.37,
            "eps_4q_growth_year": 39.08,
            "roe": 2.64,
            "roe_4q": 12.24,
            "gross_profit": 192504,
            "gross_margin": 21.34,
            "gross_margin_4q_avg": 23.84,
            "net_income": 45050,
            "revenue": 902005,
            "common_shares": 401766,
            "book_valuer_per_share": 42.42,
            "book_valuer_per_share_4q_avg": 41.09,
            "equity": 1723306,
            "current_ratio": 161.52,
            "debt_ratio": 49.93,
            "inventory_turnover_ratio": 2,
            "account_receivable_turnover_ratio": 0.59,
            "reinvestment_rate": 228.17,
            "research_to_sale_ratio": 7.05,
            "price_fair": 252.18,
            "eps_avg_yearly": 7.21,
            "eps_latest_yearly": 4.88,
            "eps_growth_yearly": 168.73
        },
        "20102": {
            "year_quarter": 20102,
            "year": 2010,
            "quarter": 2,
            "eps": -0.04,
            "eps_growth_year": -102.47,
            "eps_4q": 3.75,
            "eps_4q_growth_year": -19.47,
            "roe": -0.33,
            "roe_4q": 8.49,
            "gross_profit": 127862,
            "gross_margin": 13.89,
            "gross_margin_4q_avg": 20.47,
            "net_income": -5556,
            "revenue": 920663,
            "common_shares": 401766,
            "book_valuer_per_share": 39.15,
            "book_valuer_per_share_4q_avg": 40.99,
            "equity": 1611592,
            "current_ratio": 140.87,
            "debt_ratio": 55.72,
            "inventory_turnover_ratio": 1.91,
            "account_receivable_turnover_ratio": 0.62,
            "reinvestment_rate": 242.18,
            "research_to_sale_ratio": 7.73,
            "price_fair": 260.87,
            "eps_avg_yearly": 7.45,
            "eps_latest_yearly": 4.88,
            "eps_growth_yearly": 194.63
        },
        "20103": {
            "year_quarter": 20103,
            "year": 2010,
            "quarter": 3,
            "eps": -0.47,
            "eps_growth_year": -123.6,
            "eps_4q": 1.04,
            "eps_4q_growth_year": -80.53,
            "roe": -1.62,
            "roe_4q": 2.11,
            "gross_profit": 109287,
            "gross_margin": 13.97,
            "gross_margin_4q_avg": 17.6,
            "net_income": -28853,
            "revenue": 782323,
            "common_shares": 489600,
            "book_valuer_per_share": 39.37,
            "book_valuer_per_share_4q_avg": 40.59,
            "equity": 1960674,
            "current_ratio": 169.68,
            "debt_ratio": 47.01,
            "inventory_turnover_ratio": 1.51,
            "account_receivable_turnover_ratio": 0.58,
            "reinvestment_rate": 266.35,
            "research_to_sale_ratio": 6.56,
            "price_fair": 245.4,
            "eps_avg_yearly": 7.01,
            "eps_latest_yearly": 4.88,
            "eps_growth_yearly": 125.11
        },
        "20104": {
            "year_quarter": 20104,
            "year": 2010,
            "quarter": 4,
            "eps": -0.4,
            "eps_growth_year": -160.61,
            "eps_4q": 0.09,
            "eps_4q_growth_year": -98.28,
            "roe": -1.31,
            "roe_4q": -0.6200000000000001,
            "gross_profit": 127710,
            "gross_margin": 15.82,
            "gross_margin_4q_avg": 16.26,
            "net_income": -24943,
            "revenue": 807272,
            "common_shares": 489600,
            "book_valuer_per_share": 37.45,
            "book_valuer_per_share_4q_avg": 39.6,
            "equity": 1861214,
            "current_ratio": 171.26,
            "debt_ratio": 47.37,
            "inventory_turnover_ratio": 1.59,
            "account_receivable_turnover_ratio": 0.69,
            "reinvestment_rate": 235.4,
            "research_to_sale_ratio": 7.74,
            "price_fair": 236.92,
            "eps_avg_yearly": 6.77,
            "eps_latest_yearly": 4.88,
            "eps_growth_yearly": 142.59
        },
        "20111": {
            "year_quarter": 20111,
            "year": 2011,
            "quarter": 1,
            "eps": -0.63,
            "eps_growth_year": -151.64,
            "eps_4q": -1.53,
            "eps_4q_growth_year": -128.52,
            "roe": -1.9,
            "roe_4q": -5.16,
            "gross_profit": 89033,
            "gross_margin": 12.43,
            "gross_margin_4q_avg": 14.03,
            "net_income": -35471,
            "revenue": 716071,
            "common_shares": 489600,
            "book_valuer_per_share": 37.35,
            "book_valuer_per_share_4q_avg": 38.33,
            "equity": 1875469,
            "current_ratio": 173.97,
            "debt_ratio": 45.19,
            "inventory_turnover_ratio": 1.45,
            "account_receivable_turnover_ratio": 0.59,
            "reinvestment_rate": 319.08,
            "research_to_sale_ratio": 7.16,
            "price_fair": 248.97,
            "eps_avg_yearly": 7.11,
            "eps_latest_yearly": 4.88,
            "eps_growth_yearly": 179.14
        },
        "20112": {
            "year_quarter": 20112,
            "year": 2011,
            "quarter": 2,
            "eps": -0.15,
            "eps_growth_year": null,
            "eps_4q": -1.65,
            "eps_4q_growth_year": -143.99,
            "roe": -0.94,
            "roe_4q": -5.7700000000000005,
            "gross_profit": 114973,
            "gross_margin": 13.32,
            "gross_margin_4q_avg": 13.89,
            "net_income": -17397,
            "revenue": 863116,
            "common_shares": 489600,
            "book_valuer_per_share": 36.63,
            "book_valuer_per_share_4q_avg": 37.7,
            "equity": 1829575,
            "current_ratio": 156.55,
            "debt_ratio": 52.37,
            "inventory_turnover_ratio": 1.58,
            "account_receivable_turnover_ratio": 0.66,
            "reinvestment_rate": 363.47,
            "research_to_sale_ratio": 6.39,
            "price_fair": 246.4,
            "eps_avg_yearly": 7.04,
            "eps_latest_yearly": 4.88,
            "eps_growth_yearly": 122.7
        },
        "20113": {
            "year_quarter": 20113,
            "year": 2011,
            "quarter": 3,
            "eps": 0.65,
            "eps_growth_year": null,
            "eps_4q": -0.52,
            "eps_4q_growth_year": -150.41,
            "roe": 1.36,
            "roe_4q": -2.79,
            "gross_profit": 155270,
            "gross_margin": 16.89,
            "gross_margin_4q_avg": 14.62,
            "net_income": 25689,
            "revenue": 919361,
            "common_shares": 489600,
            "book_valuer_per_share": 39.24,
            "book_valuer_per_share_4q_avg": 37.67,
            "equity": 1950820,
            "current_ratio": 160.47,
            "debt_ratio": 50.39,
            "inventory_turnover_ratio": 1.56,
            "account_receivable_turnover_ratio": 0.61,
            "reinvestment_rate": 483.42,
            "research_to_sale_ratio": 5.29,
            "price_fair": 204.82,
            "eps_avg_yearly": 5.85,
            "eps_latest_yearly": 4.88,
            "eps_growth_yearly": 79.42
        },
        "20114": {
            "year_quarter": 20114,
            "year": 2011,
            "quarter": 4,
            "eps": 0.57,
            "eps_growth_year": null,
            "eps_4q": 0.45,
            "eps_4q_growth_year": 374.87,
            "roe": 0.56,
            "roe_4q": -0.9199999999999997,
            "gross_profit": 125017,
            "gross_margin": 14.23,
            "gross_margin_4q_avg": 14.22,
            "net_income": 11035,
            "revenue": 878563,
            "common_shares": 489600,
            "book_valuer_per_share": 39.88,
            "book_valuer_per_share_4q_avg": 38.28,
            "equity": 1980814,
            "current_ratio": 159.63,
            "debt_ratio": 48.41,
            "inventory_turnover_ratio": 1.53,
            "account_receivable_turnover_ratio": 0.58,
            "reinvestment_rate": 451.14,
            "research_to_sale_ratio": 5.86,
            "price_fair": 166.6,
            "eps_avg_yearly": 4.76,
            "eps_latest_yearly": 2.28,
            "eps_growth_yearly": 86.59
        },
        "20121": {
            "year_quarter": 20121,
            "year": 2012,
            "quarter": 1,
            "eps": 0.76,
            "eps_growth_year": null,
            "eps_4q": 1.84,
            "eps_4q_growth_year": null,
            "roe": 1.75,
            "roe_4q": 2.73,
            "gross_profit": 161697,
            "gross_margin": 18.62,
            "gross_margin_4q_avg": 15.77,
            "net_income": 34667,
            "revenue": 868343,
            "common_shares": 489600,
            "book_valuer_per_share": 39.91,
            "book_valuer_per_share_4q_avg": 38.92,
            "equity": 1979259,
            "current_ratio": 170.34,
            "debt_ratio": 45.9,
            "inventory_turnover_ratio": 1.48,
            "account_receivable_turnover_ratio": 0.63,
            "reinvestment_rate": 476.93,
            "research_to_sale_ratio": 5.75,
            "price_fair": 148.12,
            "eps_avg_yearly": 4.23,
            "eps_latest_yearly": 3.04,
            "eps_growth_yearly": 114.71
        },
        "20122": {
            "year_quarter": 20122,
            "year": 2012,
            "quarter": 2,
            "eps": 1.08,
            "eps_growth_year": null,
            "eps_4q": 3.07,
            "eps_4q_growth_year": null,
            "roe": 2.44,
            "roe_4q": 6.11,
            "gross_profit": 202915,
            "gross_margin": 19.59,
            "gross_margin_4q_avg": 17.33,
            "net_income": 48646,
            "revenue": 1035557,
            "common_shares": 489600,
            "book_valuer_per_share": 40.6,
            "book_valuer_per_share_4q_avg": 39.91,
            "equity": 2008735,
            "current_ratio": 162.22,
            "debt_ratio": 49.81,
            "inventory_turnover_ratio": 1.66,
            "account_receivable_turnover_ratio": 0.67,
            "reinvestment_rate": 462.63,
            "research_to_sale_ratio": 5.65,
            "price_fair": 149.94,
            "eps_avg_yearly": 4.28,
            "eps_latest_yearly": 4.32,
            "eps_growth_yearly": 153.28
        },
        "20123": {
            "year_quarter": 20123,
            "year": 2012,
            "quarter": 3,
            "eps": 0.83,
            "eps_growth_year": 26.93,
            "eps_4q": 3.25,
            "eps_4q_growth_year": null,
            "roe": 1.57,
            "roe_4q": 6.32,
            "gross_profit": 162899,
            "gross_margin": 16.99,
            "gross_margin_4q_avg": 17.36,
            "net_income": 31816,
            "revenue": 958908,
            "common_shares": 489600,
            "book_valuer_per_share": 41.15,
            "book_valuer_per_share_4q_avg": 40.39,
            "equity": 2035451,
            "current_ratio": 170.78,
            "debt_ratio": 47.45,
            "inventory_turnover_ratio": 1.49,
            "account_receivable_turnover_ratio": 0.57,
            "reinvestment_rate": 464.03,
            "research_to_sale_ratio": 5.58,
            "price_fair": 144.48,
            "eps_avg_yearly": 4.13,
            "eps_latest_yearly": 3.32,
            "eps_growth_yearly": 132.65
        },
        "20124": {
            "year_quarter": 20124,
            "year": 2012,
            "quarter": 4,
            "eps": 0.16,
            "eps_growth_year": -72.25,
            "eps_4q": 2.83,
            "eps_4q_growth_year": 528.39,
            "roe": 0.66,
            "roe_4q": 6.42,
            "gross_profit": 148758,
            "gross_margin": 18.92,
            "gross_margin_4q_avg": 18.53,
            "net_income": 13535,
            "revenue": 786295,
            "common_shares": 489600,
            "book_valuer_per_share": 41.28,
            "book_valuer_per_share_4q_avg": 40.74,
            "equity": 2055426,
            "current_ratio": 191.51,
            "debt_ratio": 42.07,
            "inventory_turnover_ratio": 1.27,
            "account_receivable_turnover_ratio": 0.5,
            "reinvestment_rate": 467.59,
            "research_to_sale_ratio": 7.25,
            "price_fair": 141.96,
            "eps_avg_yearly": 4.06,
            "eps_latest_yearly": 0.64,
            "eps_growth_yearly": 129.21
        },
        "20131": {
            "year_quarter": 20131,
            "year": 2013,
            "quarter": 1,
            "eps": -0.76,
            "eps_growth_year": -200,
            "eps_4q": 1.31,
            "eps_4q_growth_year": -29,
            "roe": -1.98,
            "roe_4q": 2.6900000000000004,
            "gross_profit": 88076,
            "gross_margin": 14.11,
            "gross_margin_4q_avg": 17.4,
            "net_income": -40575,
            "revenue": 624002,
            "common_shares": 489600,
            "book_valuer_per_share": 41.06,
            "book_valuer_per_share_4q_avg": 41.02,
            "equity": 2041778,
            "current_ratio": 200.66,
            "debt_ratio": 40.38,
            "inventory_turnover_ratio": 1.17,
            "account_receivable_turnover_ratio": 0.5,
            "reinvestment_rate": 90.91,
            "research_to_sale_ratio": 8.35,
            "price_fair": 73.79,
            "eps_avg_yearly": 3.9,
            "eps_latest_yearly": 0.64,
            "eps_growth_yearly": 8.93
        },
        "20132": {
            "year_quarter": 20132,
            "year": 2013,
            "quarter": 2,
            "eps": -0.52,
            "eps_growth_year": -148.19,
            "eps_4q": -0.3,
            "eps_4q_growth_year": -109.61,
            "roe": -1.39,
            "roe_4q": -1.14,
            "gross_profit": 84897,
            "gross_margin": 12.12,
            "gross_margin_4q_avg": 15.54,
            "net_income": -27884,
            "revenue": 700376,
            "common_shares": 489600,
            "book_valuer_per_share": 39.77,
            "book_valuer_per_share_4q_avg": 40.82,
            "equity": 1976859,
            "current_ratio": 178.54,
            "debt_ratio": 45.7,
            "inventory_turnover_ratio": 1.39,
            "account_receivable_turnover_ratio": 0.69,
            "reinvestment_rate": 137.2,
            "research_to_sale_ratio": 7.56,
            "price_fair": 57.03,
            "eps_avg_yearly": 3.64,
            "eps_latest_yearly": 0.64,
            "eps_growth_yearly": 5.67
        },
        "20133": {
            "year_quarter": 20133,
            "year": 2013,
            "quarter": 3,
            "eps": -0.13,
            "eps_growth_year": -115.68,
            "eps_4q": -1.25,
            "eps_4q_growth_year": -138.62,
            "roe": -0.32,
            "roe_4q": -3.03,
            "gross_profit": 122983,
            "gross_margin": 15.97,
            "gross_margin_4q_avg": 15.28,
            "net_income": -6202,
            "revenue": 769982,
            "common_shares": 489600,
            "book_valuer_per_share": 39.35,
            "book_valuer_per_share_4q_avg": 40.37,
            "equity": 1956371,
            "current_ratio": 193.1,
            "debt_ratio": 42.09,
            "inventory_turnover_ratio": 1.54,
            "account_receivable_turnover_ratio": 0.7,
            "reinvestment_rate": 199.43,
            "research_to_sale_ratio": 6.18,
            "price_fair": 9.05,
            "eps_avg_yearly": 3.02,
            "eps_latest_yearly": 0.64,
            "eps_growth_yearly": -13.08
        },
        "20134": {
            "year_quarter": 20134,
            "year": 2013,
            "quarter": 4,
            "eps": 0.11,
            "eps_growth_year": -33.78,
            "eps_4q": -1.31,
            "eps_4q_growth_year": -146.19,
            "roe": 0.25,
            "roe_4q": -3.44,
            "gross_profit": 145291,
            "gross_margin": 18.4,
            "gross_margin_4q_avg": 15.15,
            "net_income": 5017,
            "revenue": 789674,
            "common_shares": 489600,
            "book_valuer_per_share": 39.93,
            "book_valuer_per_share_4q_avg": 40.03,
            "equity": 1984603,
            "current_ratio": 184.63,
            "debt_ratio": 42.72,
            "inventory_turnover_ratio": 1.6,
            "account_receivable_turnover_ratio": 0.65,
            "reinvestment_rate": -1169.65,
            "research_to_sale_ratio": 7.37,
            "price_fair": 107.8,
            "eps_avg_yearly": 3.08,
            "eps_latest_yearly": 0.64,
            "eps_growth_yearly": 29.41
        },
        "20141": {
            "year_quarter": 20141,
            "year": 2014,
            "quarter": 1,
            "eps": 0.1,
            "eps_growth_year": null,
            "eps_4q": -0.45,
            "eps_4q_growth_year": -134.23,
            "roe": 0.17,
            "roe_4q": -1.2899999999999998,
            "gross_profit": 98033,
            "gross_margin": 15.54,
            "gross_margin_4q_avg": 15.51,
            "net_income": 3434,
            "revenue": 630839,
            "common_shares": 489600,
            "book_valuer_per_share": 39.93,
            "book_valuer_per_share_4q_avg": 39.75,
            "equity": 1983105,
            "current_ratio": 183.84,
            "debt_ratio": 42.12,
            "inventory_turnover_ratio": 1.33,
            "account_receivable_turnover_ratio": 0.54,
            "reinvestment_rate": -2205.19,
            "research_to_sale_ratio": 8.29,
            "price_fair": 7,
            "eps_avg_yearly": 2.33,
            "eps_latest_yearly": 0.4,
            "eps_growth_yearly": -33.22
        },
        "20142": {
            "year_quarter": 20142,
            "year": 2014,
            "quarter": 2,
            "eps": 0.07,
            "eps_growth_year": null,
            "eps_4q": 0.14,
            "eps_4q_growth_year": null,
            "roe": 0.07,
            "roe_4q": 0.16999999999999998,
            "gross_profit": 129037,
            "gross_margin": 16.35,
            "gross_margin_4q_avg": 16.57,
            "net_income": 1452,
            "revenue": 789123,
            "common_shares": 489600,
            "book_valuer_per_share": 39.37,
            "book_valuer_per_share_4q_avg": 39.65,
            "equity": 1953557,
            "current_ratio": 175.58,
            "debt_ratio": 44.3,
            "inventory_turnover_ratio": 1.64,
            "account_receivable_turnover_ratio": 0.72,
            "reinvestment_rate": -2219.8,
            "research_to_sale_ratio": 7.29,
            "price_fair": 6.12,
            "eps_avg_yearly": 2.04,
            "eps_latest_yearly": 0.28,
            "eps_growth_yearly": -45.62
        },
        "20143": {
            "year_quarter": 20143,
            "year": 2014,
            "quarter": 3,
            "eps": -0.41,
            "eps_growth_year": null,
            "eps_4q": -0.14,
            "eps_4q_growth_year": null,
            "roe": -1.08,
            "roe_4q": -0.59,
            "gross_profit": 99812,
            "gross_margin": 12.49,
            "gross_margin_4q_avg": 15.7,
            "net_income": -21170,
            "revenue": 798864,
            "common_shares": 489600,
            "book_valuer_per_share": 39.61,
            "book_valuer_per_share_4q_avg": 39.71,
            "equity": 1964655,
            "current_ratio": 173.67,
            "debt_ratio": 44.1,
            "inventory_turnover_ratio": 1.66,
            "account_receivable_turnover_ratio": 0.67,
            "reinvestment_rate": -1819.55,
            "research_to_sale_ratio": 7.55,
            "price_fair": 6.12,
            "eps_avg_yearly": 2.04,
            "eps_latest_yearly": 0.28,
            "eps_growth_yearly": -45.62
        },
        "20144": {
            "year_quarter": 20144,
            "year": 2014,
            "quarter": 4,
            "eps": 0.38,
            "eps_growth_year": 258.11,
            "eps_4q": 0.13,
            "eps_4q_growth_year": null,
            "roe": 0.91,
            "roe_4q": 0.06999999999999998,
            "gross_profit": 124542,
            "gross_margin": 15.29,
            "gross_margin_4q_avg": 14.92,
            "net_income": 18243,
            "revenue": 814508,
            "common_shares": 489600,
            "book_valuer_per_share": 40.81,
            "book_valuer_per_share_4q_avg": 39.93,
            "equity": 2023666,
            "current_ratio": 163.83,
            "debt_ratio": 46.25,
            "inventory_turnover_ratio": 1.64,
            "account_receivable_turnover_ratio": 0.64,
            "reinvestment_rate": -1007.76,
            "research_to_sale_ratio": 7.62,
            "price_fair": 6.12,
            "eps_avg_yearly": 2.04,
            "eps_latest_yearly": 0.28,
            "eps_growth_yearly": -45.62
        },
        "20151": {
            "year_quarter": 20151,
            "year": 2015,
            "quarter": 1,
            "eps": -0.23,
            "eps_growth_year": -330,
            "eps_4q": -0.2,
            "eps_4q_growth_year": null,
            "roe": -0.58,
            "roe_4q": -0.6799999999999999,
            "gross_profit": 101025,
            "gross_margin": 15.76,
            "gross_margin_4q_avg": 14.97,
            "net_income": -11630,
            "revenue": 641183,
            "common_shares": 489600,
            "book_valuer_per_share": 40.32,
            "book_valuer_per_share_4q_avg": 40.03,
            "equity": 1999580,
            "current_ratio": 163.27,
            "debt_ratio": 46.03,
            "inventory_turnover_ratio": 1.3,
            "account_receivable_turnover_ratio": 0.55,
            "reinvestment_rate": -960.58,
            "research_to_sale_ratio": 9.42,
            "price_fair": 6.12,
            "eps_avg_yearly": 2.04,
            "eps_latest_yearly": 0.28,
            "eps_growth_yearly": -45.62
        },
        "20152": {
            "year_quarter": 20152,
            "year": 2015,
            "quarter": 2,
            "eps": -1.49,
            "eps_growth_year": -2228.57,
            "eps_4q": -1.76,
            "eps_4q_growth_year": -1340.03,
            "roe": -3.78,
            "roe_4q": -4.529999999999999,
            "gross_profit": 51144,
            "gross_margin": 9.59,
            "gross_margin_4q_avg": 13.28,
            "net_income": -73452,
            "revenue": 533226,
            "common_shares": 489600,
            "book_valuer_per_share": 38.31,
            "book_valuer_per_share_4q_avg": 39.76,
            "equity": 1888025,
            "current_ratio": 171.48,
            "debt_ratio": 42.25,
            "inventory_turnover_ratio": 1.3,
            "account_receivable_turnover_ratio": 0.57,
            "reinvestment_rate": -2186.4,
            "research_to_sale_ratio": 13.16,
            "price_fair": 6.12,
            "eps_avg_yearly": 2.04,
            "eps_latest_yearly": 0.28,
            "eps_growth_yearly": -45.62
        },
        "20153": {
            "year_quarter": 20153,
            "year": 2015,
            "quarter": 3,
            "eps": 0.14,
            "eps_growth_year": null,
            "eps_4q": -1.22,
            "eps_4q_growth_year": null,
            "roe": 0.36,
            "roe_4q": -3.09,
            "gross_profit": 91145,
            "gross_margin": 12.88,
            "gross_margin_4q_avg": 13.38,
            "net_income": 6918,
            "revenue": 707918,
            "common_shares": 489600,
            "book_valuer_per_share": 39.74,
            "book_valuer_per_share_4q_avg": 39.8,
            "equity": 1940934,
            "current_ratio": 168.18,
            "debt_ratio": 43.82,
            "inventory_turnover_ratio": 1.79,
            "account_receivable_turnover_ratio": 0.77,
            "reinvestment_rate": -4380.74,
            "research_to_sale_ratio": 9.5,
            "price_fair": 6.12,
            "eps_avg_yearly": 2.04,
            "eps_latest_yearly": 0.28,
            "eps_growth_yearly": -45.62
        },
        "20154": {
            "year_quarter": 20154,
            "year": 2015,
            "quarter": 4,
            "eps": 0.88,
            "eps_growth_year": 131.9,
            "eps_4q": -0.74,
            "eps_4q_growth_year": -666.28,
            "roe": 2.17,
            "roe_4q": -1.83,
            "gross_profit": 145711,
            "gross_margin": 16.75,
            "gross_margin_4q_avg": 13.75,
            "net_income": 41950,
            "revenue": 870112,
            "common_shares": 489600,
            "book_valuer_per_share": 40.03,
            "book_valuer_per_share_4q_avg": 39.6,
            "equity": 1930609,
            "current_ratio": 164.16,
            "debt_ratio": 46.14,
            "inventory_turnover_ratio": 1.83,
            "account_receivable_turnover_ratio": 0.76,
            "reinvestment_rate": -3140.72,
            "research_to_sale_ratio": 7.11,
            "price_fair": 77.6,
            "eps_avg_yearly": 2.22,
            "eps_latest_yearly": 3.52,
            "eps_growth_yearly": 263.46
        },
        "20161": {
            "year_quarter": 20161,
            "year": 2016,
            "quarter": 1,
            "eps": -0.19,
            "eps_growth_year": null,
            "eps_4q": -0.7,
            "eps_4q_growth_year": null,
            "roe": -0.5,
            "roe_4q": -1.75,
            "gross_profit": 124923,
            "gross_margin": 16.67,
            "gross_margin_4q_avg": 13.97,
            "net_income": -9645,
            "revenue": 749407,
            "common_shares": 489600,
            "book_valuer_per_share": 39.98,
            "book_valuer_per_share_4q_avg": 39.52,
            "equity": 1908921,
            "current_ratio": 165.88,
            "debt_ratio": 45.53,
            "inventory_turnover_ratio": 1.54,
            "account_receivable_turnover_ratio": 0.6,
            "reinvestment_rate": null,
            "research_to_sale_ratio": 8.06,
            "price_fair": 72.8,
            "eps_avg_yearly": 2.08,
            "eps_latest_yearly": 3.52,
            "eps_growth_yearly": 285.14
        },
        "20162": {
            "year_quarter": 20162,
            "year": 2016,
            "quarter": 2,
            "eps": 0.56,
            "eps_growth_year": null,
            "eps_4q": 1.4,
            "eps_4q_growth_year": null,
            "roe": 1.4,
            "roe_4q": 3.4299999999999997,
            "gross_profit": 145667,
            "gross_margin": 17.61,
            "gross_margin_4q_avg": 15.98,
            "net_income": 26558,
            "revenue": 827065,
            "common_shares": 489600,
            "book_valuer_per_share": 39.77,
            "book_valuer_per_share_4q_avg": 39.88,
            "equity": 1898577,
            "current_ratio": 171.44,
            "debt_ratio": 43.93,
            "inventory_turnover_ratio": 1.85,
            "account_receivable_turnover_ratio": 0.67,
            "reinvestment_rate": null,
            "research_to_sale_ratio": 8.2,
            "price_fair": 57.12,
            "eps_avg_yearly": 1.63,
            "eps_latest_yearly": 3.52,
            "eps_growth_yearly": 308.49
        },
        "20163": {
            "year_quarter": 20163,
            "year": 2016,
            "quarter": 3,
            "eps": 0.72,
            "eps_growth_year": 414.29,
            "eps_4q": 1.92,
            "eps_4q_growth_year": null,
            "roe": 1.48,
            "roe_4q": 4.55,
            "gross_profit": 194172,
            "gross_margin": 19.62,
            "gross_margin_4q_avg": 17.66,
            "net_income": 28274,
            "revenue": 989591,
            "common_shares": 489600,
            "book_valuer_per_share": 39.1,
            "book_valuer_per_share_4q_avg": 39.72,
            "equity": 1919247,
            "current_ratio": 166.91,
            "debt_ratio": 46.33,
            "inventory_turnover_ratio": 2.09,
            "account_receivable_turnover_ratio": 0.75,
            "reinvestment_rate": null,
            "research_to_sale_ratio": 6.59,
            "price_fair": 54.04,
            "eps_avg_yearly": 1.54,
            "eps_latest_yearly": 2.88,
            "eps_growth_yearly": 349.86
        },
        "20164": {
            "year_quarter": 20164,
            "year": 2016,
            "quarter": 4,
            "eps": 1.51,
            "eps_growth_year": 72.46,
            "eps_4q": 2.58,
            "eps_4q_growth_year": null,
            "roe": 3.81,
            "roe_4q": 6.1899999999999995,
            "gross_profit": 202023,
            "gross_margin": 20.8,
            "gross_margin_4q_avg": 18.68,
            "net_income": 74127,
            "revenue": 971039,
            "common_shares": 489600,
            "book_valuer_per_share": 40.15,
            "book_valuer_per_share_4q_avg": 39.75,
            "equity": 1970306,
            "current_ratio": 160.14,
            "debt_ratio": 50.26,
            "inventory_turnover_ratio": 1.72,
            "account_receivable_turnover_ratio": 0.65,
            "reinvestment_rate": -4678.46,
            "research_to_sale_ratio": 7.72,
            "price_fair": 91.84,
            "eps_avg_yearly": 2.62,
            "eps_latest_yearly": 6.04,
            "eps_growth_yearly": 502.22
        },
        "20171": {
            "year_quarter": 20171,
            "year": 2017,
            "quarter": 1,
            "eps": -0.47,
            "eps_growth_year": null,
            "eps_4q": 2.3,
            "eps_4q_growth_year": null,
            "roe": -1.19,
            "roe_4q": 5.5,
            "gross_profit": 140306,
            "gross_margin": 16.12,
            "gross_margin_4q_avg": 18.54,
            "net_income": -22917,
            "revenue": 870334,
            "common_shares": 489600,
            "book_valuer_per_share": 38.51,
            "book_valuer_per_share_4q_avg": 39.38,
            "equity": 1889848,
            "current_ratio": 167.84,
            "debt_ratio": 47.23,
            "inventory_turnover_ratio": 1.58,
            "account_receivable_turnover_ratio": 0.58,
            "reinvestment_rate": -85.38,
            "research_to_sale_ratio": 7.9,
            "price_fair": 91.84,
            "eps_avg_yearly": 2.62,
            "eps_latest_yearly": 6.04,
            "eps_growth_yearly": 502.22
        },
        "20172": {
            "year_quarter": 20172,
            "year": 2017,
            "quarter": 2,
            "eps": -0.54,
            "eps_growth_year": -196.43,
            "eps_4q": 1.1,
            "eps_4q_growth_year": -21.83,
            "roe": -1.42,
            "roe_4q": 2.68,
            "gross_profit": 125338,
            "gross_margin": 14.56,
            "gross_margin_4q_avg": 17.78,
            "net_income": -26567,
            "revenue": 860860,
            "common_shares": 489600,
            "book_valuer_per_share": 37.5,
            "book_valuer_per_share_4q_avg": 38.82,
            "equity": 1840677,
            "current_ratio": 159.68,
            "debt_ratio": 49.17,
            "inventory_turnover_ratio": 1.64,
            "account_receivable_turnover_ratio": 0.61,
            "reinvestment_rate": -61.37,
            "research_to_sale_ratio": 9.31,
            "price_fair": 91.84,
            "eps_avg_yearly": 2.62,
            "eps_latest_yearly": 6.04,
            "eps_growth_yearly": 502.22
        },
        "20173": {
            "year_quarter": 20173,
            "year": 2017,
            "quarter": 3,
            "eps": 0.42,
            "eps_growth_year": -41.67,
            "eps_4q": 0.87,
            "eps_4q_growth_year": -54.58,
            "roe": 1.21,
            "roe_4q": 2.41,
            "gross_profit": 184150,
            "gross_margin": 16.88,
            "gross_margin_4q_avg": 17.09,
            "net_income": 22488,
            "revenue": 1090809,
            "common_shares": 538560,
            "book_valuer_per_share": 34.83,
            "book_valuer_per_share_4q_avg": 37.75,
            "equity": 1880579,
            "current_ratio": 157.64,
            "debt_ratio": 50.36,
            "inventory_turnover_ratio": 1.91,
            "account_receivable_turnover_ratio": 0.74,
            "reinvestment_rate": 0.68,
            "research_to_sale_ratio": 7.19,
            "price_fair": 91.84,
            "eps_avg_yearly": 2.62,
            "eps_latest_yearly": 6.04,
            "eps_growth_yearly": 502.22
        },
        "20174": {
            "year_quarter": 20174,
            "year": 2017,
            "quarter": 4,
            "eps": 0.61,
            "eps_growth_year": -59.47,
            "eps_4q": 0.11,
            "eps_4q_growth_year": -95.67,
            "roe": 1.74,
            "roe_4q": 0.3400000000000003,
            "gross_profit": 205486,
            "gross_margin": 19.04,
            "gross_margin_4q_avg": 16.65,
            "net_income": 33015,
            "revenue": 1079460,
            "common_shares": 538560,
            "book_valuer_per_share": 35.52,
            "book_valuer_per_share_4q_avg": 36.59,
            "equity": 1917453,
            "current_ratio": 153.33,
            "debt_ratio": 52.47,
            "inventory_turnover_ratio": 1.62,
            "account_receivable_turnover_ratio": 0.65,
            "reinvestment_rate": 20.42,
            "research_to_sale_ratio": 7.56,
            "price_fair": 90.77,
            "eps_avg_yearly": 2.59,
            "eps_latest_yearly": 2.44,
            "eps_growth_yearly": 448.67
        },
        "20181": {
            "year_quarter": 20181,
            "year": 2018,
            "quarter": 1,
            "eps": -1.06,
            "eps_growth_year": null,
            "eps_4q": -0.53,
            "eps_4q_growth_year": -122.98,
            "roe": -3.02,
            "roe_4q": -1.49,
            "gross_profit": 113847,
            "gross_margin": 12.83,
            "gross_margin_4q_avg": 15.83,
            "net_income": -57349,
            "revenue": 887107,
            "common_shares": 538560,
            "book_valuer_per_share": 34.84,
            "book_valuer_per_share_4q_avg": 35.67,
            "equity": 1876156,
            "current_ratio": 156.38,
            "debt_ratio": 50.91,
            "inventory_turnover_ratio": 1.27,
            "account_receivable_turnover_ratio": 0.56,
            "reinvestment_rate": -134.25,
            "research_to_sale_ratio": 7.72,
            "price_fair": 106.12,
            "eps_avg_yearly": 3.03,
            "eps_latest_yearly": 2.44,
            "eps_growth_yearly": 545.68
        },
        "20182": {
            "year_quarter": 20182,
            "year": 2018,
            "quarter": 2,
            "eps": 0.15,
            "eps_growth_year": null,
            "eps_4q": 0.12,
            "eps_4q_growth_year": -89.45,
            "roe": 0.43,
            "roe_4q": 0.3600000000000001,
            "gross_profit": 98451,
            "gross_margin": 9.61,
            "gross_margin_4q_avg": 14.59,
            "net_income": 7975,
            "revenue": 1024843,
            "common_shares": 538560,
            "book_valuer_per_share": 34.55,
            "book_valuer_per_share_4q_avg": 34.94,
            "equity": 1827625,
            "current_ratio": 149.07,
            "debt_ratio": 53.28,
            "inventory_turnover_ratio": 1.34,
            "account_receivable_turnover_ratio": 0.69,
            "reinvestment_rate": -52.5,
            "research_to_sale_ratio": 7.55,
            "price_fair": 130.2,
            "eps_avg_yearly": 3.72,
            "eps_latest_yearly": 2.44,
            "eps_growth_yearly": 712.1
        },
        "20183": {
            "year_quarter": 20183,
            "year": 2018,
            "quarter": 3,
            "eps": 1.19,
            "eps_growth_year": 183.33,
            "eps_4q": 0.88,
            "eps_4q_growth_year": 0.48,
            "roe": 3.41,
            "roe_4q": 2.5600000000000005,
            "gross_profit": 214950,
            "gross_margin": 17.14,
            "gross_margin_4q_avg": 14.66,
            "net_income": 62747,
            "revenue": 1254315,
            "common_shares": 538560,
            "book_valuer_per_share": 34.99,
            "book_valuer_per_share_4q_avg": 34.98,
            "equity": 1849200,
            "current_ratio": 146.41,
            "debt_ratio": 55.24,
            "inventory_turnover_ratio": 1.47,
            "account_receivable_turnover_ratio": 0.75,
            "reinvestment_rate": -150.75,
            "research_to_sale_ratio": 5.9,
            "price_fair": 137.48,
            "eps_avg_yearly": 3.93,
            "eps_latest_yearly": 4.76,
            "eps_growth_yearly": 1124.35
        },
        "20184": {
            "year_quarter": 20184,
            "year": 2018,
            "quarter": 4,
            "eps": 0.55,
            "eps_growth_year": -10.19,
            "eps_4q": 0.8,
            "eps_4q_growth_year": 620.39,
            "roe": 1.56,
            "roe_4q": 2.3800000000000003,
            "gross_profit": 223958,
            "gross_margin": 18.55,
            "gross_margin_4q_avg": 14.53,
            "net_income": 29097,
            "revenue": 1207409,
            "common_shares": 538560,
            "book_valuer_per_share": 35.7,
            "book_valuer_per_share_4q_avg": 35.02,
            "equity": 1886968,
            "current_ratio": 147.98,
            "debt_ratio": 54.28,
            "inventory_turnover_ratio": 1.5,
            "account_receivable_turnover_ratio": 0.65,
            "reinvestment_rate": -172.14,
            "research_to_sale_ratio": 6.76,
            "price_fair": 127.4,
            "eps_avg_yearly": 3.64,
            "eps_latest_yearly": 2.2,
            "eps_growth_yearly": 901.1
        },
        "20191": {
            "year_quarter": 20191,
            "year": 2019,
            "quarter": 1,
            "eps": -0.37,
            "eps_growth_year": null,
            "eps_4q": 1.52,
            "eps_4q_growth_year": null,
            "roe": -1.03,
            "roe_4q": 4.37,
            "gross_profit": 132973,
            "gross_margin": 13.45,
            "gross_margin_4q_avg": 14.69,
            "net_income": -19476,
            "revenue": 988465,
            "common_shares": 538560,
            "book_valuer_per_share": 35.84,
            "book_valuer_per_share_4q_avg": 35.27,
            "equity": 1894605,
            "current_ratio": 146.68,
            "debt_ratio": 53.58,
            "inventory_turnover_ratio": 1.42,
            "account_receivable_turnover_ratio": 0.56,
            "reinvestment_rate": -134.39,
            "research_to_sale_ratio": 8.02,
            "price_fair": 127.4,
            "eps_avg_yearly": 3.64,
            "eps_latest_yearly": 2.2,
            "eps_growth_yearly": 901.1
        },
        "20192": {
            "year_quarter": 20192,
            "year": 2019,
            "quarter": 2,
            "eps": 0.65,
            "eps_growth_year": 333.33,
            "eps_4q": 1.9,
            "eps_4q_growth_year": 1543.91,
            "roe": 1.8,
            "roe_4q": 5.74,
            "gross_profit": 190571,
            "gross_margin": 16.3,
            "gross_margin_4q_avg": 16.36,
            "net_income": 34269,
            "revenue": 1169208,
            "common_shares": 538560,
            "book_valuer_per_share": 36.11,
            "book_valuer_per_share_4q_avg": 35.66,
            "equity": 1908480,
            "current_ratio": 147.45,
            "debt_ratio": 53.62,
            "inventory_turnover_ratio": 1.77,
            "account_receivable_turnover_ratio": 0.71,
            "reinvestment_rate": -70.11,
            "research_to_sale_ratio": 7.18,
            "price_fair": 127.4,
            "eps_avg_yearly": 3.64,
            "eps_latest_yearly": 2.2,
            "eps_growth_yearly": 901.1
        },
        "20193": {
            "year_quarter": 20193,
            "year": 2019,
            "quarter": 3,
            "eps": 1.82,
            "eps_growth_year": 52.94,
            "eps_4q": 2.57,
            "eps_4q_growth_year": 192.81,
            "roe": 5.26,
            "roe_4q": 7.59,
            "gross_profit": 327378,
            "gross_margin": 23.27,
            "gross_margin_4q_avg": 17.89,
            "net_income": 102645,
            "revenue": 1406778,
            "common_shares": 570274,
            "book_valuer_per_share": 34.95,
            "book_valuer_per_share_4q_avg": 35.65,
            "equity": 1993039,
            "current_ratio": 148.14,
            "debt_ratio": 55.41,
            "inventory_turnover_ratio": 1.88,
            "account_receivable_turnover_ratio": 0.76,
            "reinvestment_rate": -65.73,
            "research_to_sale_ratio": 6.14,
            "price_fair": 145.6,
            "eps_avg_yearly": 4.16,
            "eps_latest_yearly": 7.28,
            "eps_growth_yearly": 875.23
        },
        "20194": {
            "year_quarter": 20194,
            "year": 2019,
            "quarter": 4,
            "eps": 1.01,
            "eps_growth_year": 83.77,
            "eps_4q": 3.07,
            "eps_4q_growth_year": 282.2,
            "roe": 2.86,
            "roe_4q": 8.89,
            "gross_profit": 285175,
            "gross_margin": 22.52,
            "gross_margin_4q_avg": 18.89,
            "net_income": 57693,
            "revenue": 1266232,
            "common_shares": 570274,
            "book_valuer_per_share": 35.77,
            "book_valuer_per_share_4q_avg": 35.67,
            "equity": 2039637,
            "current_ratio": 150.3,
            "debt_ratio": 54.55,
            "inventory_turnover_ratio": 1.58,
            "account_receivable_turnover_ratio": 0.62,
            "reinvestment_rate": -43.9,
            "research_to_sale_ratio": 7.89,
            "price_fair": 148.2,
            "eps_avg_yearly": 4.23,
            "eps_latest_yearly": 4.04,
            "eps_growth_yearly": 547.76
        },
        "20201": {
            "year_quarter": 20201,
            "year": 2020,
            "quarter": 1,
            "eps": 0.09,
            "eps_growth_year": null,
            "eps_4q": 3.27,
            "eps_4q_growth_year": 115.42,
            "roe": 0.25,
            "roe_4q": 10.17,
            "gross_profit": 159995,
            "gross_margin": 17.78,
            "gross_margin_4q_avg": 19.97,
            "net_income": 5224,
            "revenue": 900111,
            "common_shares": 610274,
            "book_valuer_per_share": 35.56,
            "book_valuer_per_share_4q_avg": 35.6,
            "equity": 2170161,
            "current_ratio": 166.91,
            "debt_ratio": 53.59,
            "inventory_turnover_ratio": 1.22,
            "account_receivable_turnover_ratio": 0.5,
            "reinvestment_rate": -6.24,
            "research_to_sale_ratio": 9.92,
            "price_fair": 131.25,
            "eps_avg_yearly": 3.75,
            "eps_latest_yearly": 0.36,
            "eps_growth_yearly": 433.74
        },
        "20202": {
            "year_quarter": 20202,
            "year": 2020,
            "quarter": 2,
            "eps": 2.52,
            "eps_growth_year": 287.69,
            "eps_4q": 4.64,
            "eps_4q_growth_year": 143.82,
            "roe": 6.75,
            "roe_4q": 15.12,
            "gross_profit": 434045,
            "gross_margin": 27.18,
            "gross_margin_4q_avg": 22.69,
            "net_income": 154000,
            "revenue": 1597038,
            "common_shares": 627583,
            "book_valuer_per_share": 38.12,
            "book_valuer_per_share_4q_avg": 36.1,
            "equity": 2392580,
            "current_ratio": 158.12,
            "debt_ratio": 53.22,
            "inventory_turnover_ratio": 1.82,
            "account_receivable_turnover_ratio": 0.88,
            "reinvestment_rate": -4.57,
            "research_to_sale_ratio": 6.97,
            "price_fair": 155.87,
            "eps_avg_yearly": 4.45,
            "eps_latest_yearly": 10.08,
            "eps_growth_yearly": 1585.55
        },
        "20203": {
            "year_quarter": 20203,
            "year": 2020,
            "quarter": 3,
            "eps": 1.42,
            "eps_growth_year": -21.98,
            "eps_4q": 4.48,
            "eps_4q_growth_year": 74.19,
            "roe": 3.94,
            "roe_4q": 13.799999999999999,
            "gross_profit": 413265,
            "gross_margin": 23.97,
            "gross_margin_4q_avg": 22.86,
            "net_income": 98730,
            "revenue": 1724144,
            "common_shares": 705224,
            "book_valuer_per_share": 37.09,
            "book_valuer_per_share_4q_avg": 36.64,
            "equity": 2615848,
            "current_ratio": 148.69,
            "debt_ratio": 55.02,
            "inventory_turnover_ratio": 1.69,
            "account_receivable_turnover_ratio": 0.78,
            "reinvestment_rate": 25.17,
            "research_to_sale_ratio": 6.97,
            "price_fair": 166.76,
            "eps_avg_yearly": 4.76,
            "eps_latest_yearly": 5.68,
            "eps_growth_yearly": 1553.45
        },
        "20204": {
            "year_quarter": 20204,
            "year": 2020,
            "quarter": 4,
            "eps": 0.53,
            "eps_growth_year": -47.64,
            "eps_4q": 4.18,
            "eps_4q_growth_year": 36.08,
            "roe": 1.41,
            "roe_4q": 12.35,
            "gross_profit": 361125,
            "gross_margin": 22,
            "gross_margin_4q_avg": 22.73,
            "net_income": 37446,
            "revenue": 1641135,
            "common_shares": 706861,
            "book_valuer_per_share": 38.36,
            "book_valuer_per_share_4q_avg": 37.28,
            "equity": 2711404,
            "current_ratio": 135.49,
            "debt_ratio": 57.86,
            "inventory_turnover_ratio": 1.48,
            "account_receivable_turnover_ratio": 0.68,
            "reinvestment_rate": 89.94,
            "research_to_sale_ratio": 9.42,
            "price_fair": 151.51,
            "eps_avg_yearly": 4.33,
            "eps_latest_yearly": 2.12,
            "eps_growth_yearly": 1476.83
        },
        "20211": {
            "year_quarter": 20211,
            "year": 2021,
            "quarter": 1,
            "eps": 0.7,
            "eps_growth_year": 677.78,
            "eps_4q": 4.81,
            "eps_4q_growth_year": 46.79,
            "roe": 1.86,
            "roe_4q": 13.96,
            "gross_profit": 301465,
            "gross_margin": 19.1,
            "gross_margin_4q_avg": 23.06,
            "net_income": 49574,
            "revenue": 1578136,
            "common_shares": 706861,
            "book_valuer_per_share": 36.89,
            "book_valuer_per_share_4q_avg": 37.62,
            "equity": 2607407,
            "current_ratio": 132.44,
            "debt_ratio": 59.01,
            "inventory_turnover_ratio": 1.36,
            "account_receivable_turnover_ratio": 0.66,
            "reinvestment_rate": 85.42,
            "research_to_sale_ratio": 7.57,
            "price_fair": 146.16,
            "eps_avg_yearly": 4.18,
            "eps_latest_yearly": 2.8,
            "eps_growth_yearly": 1341.98
        },
        "20212": {
            "year_quarter": 20212,
            "year": 2021,
            "quarter": 2,
            "eps": 1.28,
            "eps_growth_year": -49.21,
            "eps_4q": 3.91,
            "eps_4q_growth_year": -15.84,
            "roe": 3.41,
            "roe_4q": 10.620000000000001,
            "gross_profit": 318887,
            "gross_margin": 18.84,
            "gross_margin_4q_avg": 20.98,
            "net_income": 90324,
            "revenue": 1692930,
            "common_shares": 706861,
            "book_valuer_per_share": 37.97,
            "book_valuer_per_share_4q_avg": 37.58,
            "equity": 2684118,
            "current_ratio": 131.88,
            "debt_ratio": 59.37,
            "inventory_turnover_ratio": 1.21,
            "account_receivable_turnover_ratio": 0.72,
            "reinvestment_rate": 77.76,
            "research_to_sale_ratio": 6.7,
            "price_fair": 149.16,
            "eps_avg_yearly": 4.26,
            "eps_latest_yearly": 5.12,
            "eps_growth_yearly": 1250.11
        },
        "20213": {
            "year_quarter": 20213,
            "year": 2021,
            "quarter": 3,
            "eps": 1.36,
            "eps_growth_year": -4.23,
            "eps_4q": 3.75,
            "eps_4q_growth_year": -16.27,
            "roe": 3.66,
            "roe_4q": 10.34,
            "gross_profit": 370779,
            "gross_margin": 17.63,
            "gross_margin_4q_avg": 19.39,
            "net_income": 101176,
            "revenue": 2102995,
            "common_shares": 743229,
            "book_valuer_per_share": 38.19,
            "book_valuer_per_share_4q_avg": 37.85,
            "equity": 2838517,
            "current_ratio": 139.16,
            "debt_ratio": 61.74,
            "inventory_turnover_ratio": 1.38,
            "account_receivable_turnover_ratio": 0.79,
            "reinvestment_rate": 72,
            "research_to_sale_ratio": 6.35,
            "price_fair": 152.6,
            "eps_avg_yearly": 4.36,
            "eps_latest_yearly": 5.44,
            "eps_growth_yearly": 1148.02
        },
        "20214": {
            "year_quarter": 20214,
            "year": 2021,
            "quarter": 4,
            "eps": 2.04,
            "eps_growth_year": 285.43,
            "eps_4q": 5.14,
            "eps_4q_growth_year": 22.95,
            "roe": 5.26,
            "roe_4q": 14.19,
            "gross_profit": 473091,
            "gross_margin": 19.35,
            "gross_margin_4q_avg": 18.73,
            "net_income": 158974,
            "revenue": 2445466,
            "common_shares": 778599,
            "book_valuer_per_share": 41.15,
            "book_valuer_per_share_4q_avg": 38.55,
            "equity": 3203656,
            "current_ratio": 146.54,
            "debt_ratio": 59.25,
            "inventory_turnover_ratio": 1.67,
            "account_receivable_turnover_ratio": 0.76,
            "reinvestment_rate": 69.17,
            "research_to_sale_ratio": 6.46,
            "price_fair": 169.28,
            "eps_avg_yearly": 4.84,
            "eps_latest_yearly": 8.16,
            "eps_growth_yearly": 1149.6
        },
        "20221": {
            "year_quarter": 20221,
            "year": 2022,
            "quarter": 1,
            "eps": 1.74,
            "eps_growth_year": 148.57,
            "eps_4q": 6.24,
            "eps_4q_growth_year": 29.73,
            "roe": 4.2,
            "roe_4q": 16.53,
            "gross_profit": 389143,
            "gross_margin": 19.62,
            "gross_margin_4q_avg": 18.86,
            "net_income": 135324,
            "revenue": 1983878,
            "common_shares": 779109,
            "book_valuer_per_share": 41.52,
            "book_valuer_per_share_4q_avg": 39.71,
            "equity": 3234787,
            "current_ratio": 140,
            "debt_ratio": 60.8,
            "inventory_turnover_ratio": 1.29,
            "account_receivable_turnover_ratio": 0.59,
            "reinvestment_rate": 71.66,
            "research_to_sale_ratio": 6.34,
            "price_fair": 175,
            "eps_avg_yearly": 5,
            "eps_latest_yearly": 6.96,
            "eps_growth_yearly": 1056.65
        },
        "20222": {
            "year_quarter": 20222,
            "year": 2022,
            "quarter": 2,
            "eps": 1.92,
            "eps_growth_year": 50,
            "eps_4q": 6.99,
            "eps_4q_growth_year": 79.05,
            "roe": 4.57,
            "roe_4q": 17.689999999999998,
            "gross_profit": 335641,
            "gross_margin": 18.15,
            "gross_margin_4q_avg": 18.69,
            "net_income": 149720,
            "revenue": 1849544,
            "common_shares": 779615,
            "book_valuer_per_share": 42.48,
            "book_valuer_per_share_4q_avg": 40.84,
            "equity": 3311564,
            "current_ratio": 146.21,
            "debt_ratio": 58.55,
            "inventory_turnover_ratio": 1.14,
            "account_receivable_turnover_ratio": 0.61,
            "reinvestment_rate": 63.12,
            "research_to_sale_ratio": 6.36,
            "price_fair": 181.7,
            "eps_avg_yearly": 5.19,
            "eps_latest_yearly": 7.68,
            "eps_growth_yearly": 984.13
        },
        "20223": {
            "year_quarter": 20223,
            "year": 2022,
            "quarter": 3,
            "eps": 2.06,
            "eps_growth_year": 51.47,
            "eps_4q": 7.74,
            "eps_4q_growth_year": 106.53,
            "roe": 4.72,
            "roe_4q": 18.75,
            "gross_profit": 347685,
            "gross_margin": 18.46,
            "gross_margin_4q_avg": 18.9,
            "net_income": 160585,
            "revenue": 1883474,
            "common_shares": 781200,
            "book_valuer_per_share": 44.8,
            "book_valuer_per_share_4q_avg": 42.49,
            "equity": 3499988,
            "current_ratio": 146.78,
            "debt_ratio": 54.04,
            "inventory_turnover_ratio": 1.21,
            "account_receivable_turnover_ratio": 0.65,
            "reinvestment_rate": 61.25,
            "research_to_sale_ratio": 7.62,
            "price_fair": 190.4,
            "eps_avg_yearly": 5.44,
            "eps_latest_yearly": 8.24,
            "eps_growth_yearly": 788.12
        },
        "20224": {
            "year_quarter": 20224,
            "year": 2022,
            "quarter": 4,
            "eps": 0.68,
            "eps_growth_year": -66.73,
            "eps_4q": 6.38,
            "eps_4q_growth_year": 24.23,
            "roe": 1.51,
            "roe_4q": 15,
            "gross_profit": 395546,
            "gross_margin": 23.2,
            "gross_margin_4q_avg": 19.86,
            "net_income": 53069,
            "revenue": 1704591,
            "common_shares": 781290,
            "book_valuer_per_share": 45.02,
            "book_valuer_per_share_4q_avg": 43.46,
            "equity": 3516981,
            "current_ratio": 156.79,
            "debt_ratio": 51.91,
            "inventory_turnover_ratio": 1.12,
            "account_receivable_turnover_ratio": 0.62,
            "reinvestment_rate": 57.13,
            "research_to_sale_ratio": 8.3,
            "price_fair": 191.7,
            "eps_avg_yearly": 5.48,
            "eps_latest_yearly": 2.72,
            "eps_growth_yearly": 784.34
        },
        "20231": {
            "year_quarter": 20231,
            "year": 2023,
            "quarter": 1,
            "eps": 0.4,
            "eps_growth_year": -77.01,
            "eps_4q": 5.09,
            "eps_4q_growth_year": -18.34,
            "roe": 0.94,
            "roe_4q": 11.74,
            "gross_profit": 323812,
            "gross_margin": 18.85,
            "gross_margin_4q_avg": 19.67,
            "net_income": 31478,
            "revenue": 1717821,
            "common_shares": 781465,
            "book_valuer_per_share": 41.44,
            "book_valuer_per_share_4q_avg": 43.44,
            "equity": 3213166,
            "current_ratio": 143.55,
            "debt_ratio": 56.39,
            "inventory_turnover_ratio": 1.17,
            "account_receivable_turnover_ratio": 0.7,
            "reinvestment_rate": 49.92,
            "research_to_sale_ratio": 7.5,
            "price_fair": 182.65,
            "eps_avg_yearly": 5.22,
            "eps_latest_yearly": 1.6,
            "eps_growth_yearly": 721.07
        },
        "20232": {
            "year_quarter": 20232,
            "year": 2023,
            "quarter": 2,
            "eps": 3.33,
            "eps_growth_year": 73.44,
            "eps_4q": 6.49,
            "eps_4q_growth_year": -7.22,
            "roe": 7.84,
            "roe_4q": 15.009999999999998,
            "gross_profit": 439217,
            "gross_margin": 21.72,
            "gross_margin_4q_avg": 20.56,
            "net_income": 258562,
            "revenue": 2022200,
            "common_shares": 782305,
            "book_valuer_per_share": 43.62,
            "book_valuer_per_share_4q_avg": 43.72,
            "equity": 3386376,
            "current_ratio": 145.96,
            "debt_ratio": 56.89,
            "inventory_turnover_ratio": 1.31,
            "account_receivable_turnover_ratio": 0.76,
            "reinvestment_rate": 37.32,
            "research_to_sale_ratio": 6.52,
            "price_fair": 200.38,
            "eps_avg_yearly": 5.73,
            "eps_latest_yearly": 13.32,
            "eps_growth_yearly": 859.13
        }
    },
    "months": {
        "2005-10": {
            "month": "2005-10",
            "price": "55.65",
            "revenue": 99310
        },
        "2005-11": {
            "month": "2005-11",
            "price": "59.03",
            "revenue": 76991
        },
        "2005-12": {
            "month": "2005-12",
            "price": "58.96",
            "revenue": 96963
        },
        "2006-01": {
            "month": "2006-01",
            "price": "63.70",
            "revenue": 99270
        },
        "2006-02": {
            "month": "2006-02",
            "price": "68.22",
            "revenue": 68866
        },
        "2006-03": {
            "month": "2006-03",
            "price": "96.41",
            "revenue": 103253
        },
        "2006-04": {
            "month": "2006-04",
            "price": "115.89",
            "revenue": 137630
        },
        "2006-05": {
            "month": "2006-05",
            "price": "118.01",
            "revenue": 155125
        },
        "2006-06": {
            "month": "2006-06",
            "price": "105.17",
            "revenue": 151281
        },
        "2006-07": {
            "month": "2006-07",
            "price": "108.87",
            "revenue": 151779
        },
        "2006-08": {
            "month": "2006-08",
            "price": "77.12",
            "revenue": 135594
        },
        "2006-09": {
            "month": "2006-09",
            "price": "66.45",
            "revenue": 145016
        },
        "2006-10": {
            "month": "2006-10",
            "price": "66.81",
            "revenue": 149456
        },
        "2006-11": {
            "month": "2006-11",
            "price": "87.54",
            "revenue": 133385
        },
        "2006-12": {
            "month": "2006-12",
            "price": "138.45",
            "revenue": 164607
        },
        "2007-01": {
            "month": "2007-01",
            "price": "138.59",
            "revenue": 142214
        },
        "2007-02": {
            "month": "2007-02",
            "price": "123.21",
            "revenue": 112570
        },
        "2007-03": {
            "month": "2007-03",
            "price": "108.44",
            "revenue": 214706
        },
        "2007-04": {
            "month": "2007-04",
            "price": "137.18",
            "revenue": 224343
        },
        "2007-05": {
            "month": "2007-05",
            "price": "131.70",
            "revenue": 196297
        },
        "2007-06": {
            "month": "2007-06",
            "price": "136.75",
            "revenue": 262413
        },
        "2007-07": {
            "month": "2007-07",
            "price": "154.50",
            "revenue": 279436
        },
        "2007-08": {
            "month": "2007-08",
            "price": "212.85",
            "revenue": 284236
        },
        "2007-09": {
            "month": "2007-09",
            "price": "197.72",
            "revenue": 351806
        },
        "2007-10": {
            "month": "2007-10",
            "price": "213.39",
            "revenue": 316213
        },
        "2007-11": {
            "month": "2007-11",
            "price": "172.59",
            "revenue": 311401
        },
        "2007-12": {
            "month": "2007-12",
            "price": "132.79",
            "revenue": 243244
        },
        "2008-01": {
            "month": "2008-01",
            "price": "110.73",
            "revenue": 264586
        },
        "2008-02": {
            "month": "2008-02",
            "price": "106.84",
            "revenue": 213834
        },
        "2008-03": {
            "month": "2008-03",
            "price": "122.71",
            "revenue": 240462
        },
        "2008-04": {
            "month": "2008-04",
            "price": "147.36",
            "revenue": 205178
        },
        "2008-05": {
            "month": "2008-05",
            "price": "151.90",
            "revenue": 190824
        },
        "2008-06": {
            "month": "2008-06",
            "price": "126.10",
            "revenue": 209120
        },
        "2008-07": {
            "month": "2008-07",
            "price": "107.64",
            "revenue": 252243
        },
        "2008-08": {
            "month": "2008-08",
            "price": "92.50",
            "revenue": 275039
        },
        "2008-09": {
            "month": "2008-09",
            "price": "60.14",
            "revenue": 293926
        },
        "2008-10": {
            "month": "2008-10",
            "price": "37.21",
            "revenue": 271262
        },
        "2008-11": {
            "month": "2008-11",
            "price": "25.83",
            "revenue": 188035
        },
        "2008-12": {
            "month": "2008-12",
            "price": "26.00",
            "revenue": 188408
        },
        "2009-01": {
            "month": "2009-01",
            "price": "31.09",
            "revenue": 171102
        },
        "2009-02": {
            "month": "2009-02",
            "price": "32.51",
            "revenue": 187772
        },
        "2009-03": {
            "month": "2009-03",
            "price": "36.55",
            "revenue": 277298
        },
        "2009-04": {
            "month": "2009-04",
            "price": "44.25",
            "revenue": 295691
        },
        "2009-05": {
            "month": "2009-05",
            "price": "63.19",
            "revenue": 237024
        },
        "2009-06": {
            "month": "2009-06",
            "price": "60.07",
            "revenue": 293720
        },
        "2009-07": {
            "month": "2009-07",
            "price": "75.89",
            "revenue": 339160
        },
        "2009-08": {
            "month": "2009-08",
            "price": "94.86",
            "revenue": 310576
        },
        "2009-09": {
            "month": "2009-09",
            "price": "100.75",
            "revenue": 385454
        },
        "2009-10": {
            "month": "2009-10",
            "price": "91.82",
            "revenue": 366033
        },
        "2009-11": {
            "month": "2009-11",
            "price": "88.07",
            "revenue": 312760
        },
        "2009-12": {
            "month": "2009-12",
            "price": "96.12",
            "revenue": 348545
        },
        "2010-01": {
            "month": "2010-01",
            "price": "92.62",
            "revenue": 321016
        },
        "2010-02": {
            "month": "2010-02",
            "price": "79.06",
            "revenue": 190167
        },
        "2010-03": {
            "month": "2010-03",
            "price": "83.81",
            "revenue": 391084
        },
        "2010-04": {
            "month": "2010-04",
            "price": "85.86",
            "revenue": 382032
        },
        "2010-05": {
            "month": "2010-05",
            "price": "74.63",
            "revenue": 266270
        },
        "2010-06": {
            "month": "2010-06",
            "price": "70.19",
            "revenue": 272084
        },
        "2010-07": {
            "month": "2010-07",
            "price": "64.40",
            "revenue": 262308
        },
        "2010-08": {
            "month": "2010-08",
            "price": "58.29",
            "revenue": 232441
        },
        "2010-09": {
            "month": "2010-09",
            "price": "46.24",
            "revenue": 287589
        },
        "2010-10": {
            "month": "2010-10",
            "price": "39.62",
            "revenue": 300843
        },
        "2010-11": {
            "month": "2010-11",
            "price": "36.27",
            "revenue": 285186
        },
        "2010-12": {
            "month": "2010-12",
            "price": "40.62",
            "revenue": 231323
        },
        "2011-01": {
            "month": "2011-01",
            "price": "36.57",
            "revenue": 244471
        },
        "2011-02": {
            "month": "2011-02",
            "price": "38.90",
            "revenue": 186439
        },
        "2011-03": {
            "month": "2011-03",
            "price": "45.82",
            "revenue": 285161
        },
        "2011-04": {
            "month": "2011-04",
            "price": "42.56",
            "revenue": 286315
        },
        "2011-05": {
            "month": "2011-05",
            "price": "32.85",
            "revenue": 274388
        },
        "2011-06": {
            "month": "2011-06",
            "price": "30.90",
            "revenue": 302413
        },
        "2011-07": {
            "month": "2011-07",
            "price": "29.86",
            "revenue": 298891
        },
        "2011-08": {
            "month": "2011-08",
            "price": "23.76",
            "revenue": 278553
        },
        "2011-09": {
            "month": "2011-09",
            "price": "21.27",
            "revenue": 341917
        },
        "2011-10": {
            "month": "2011-10",
            "price": "22.99",
            "revenue": 308979
        },
        "2011-11": {
            "month": "2011-11",
            "price": "22.90",
            "revenue": 323712
        },
        "2011-12": {
            "month": "2011-12",
            "price": "19.94",
            "revenue": 245872
        },
        "2012-01": {
            "month": "2012-01",
            "price": "19.95",
            "revenue": 251675
        },
        "2012-02": {
            "month": "2012-02",
            "price": "28.63",
            "revenue": 290557
        },
        "2012-03": {
            "month": "2012-03",
            "price": "32.34",
            "revenue": 326112
        },
        "2012-04": {
            "month": "2012-04",
            "price": "29.62",
            "revenue": 375513
        },
        "2012-05": {
            "month": "2012-05",
            "price": "30.93",
            "revenue": 342246
        },
        "2012-06": {
            "month": "2012-06",
            "price": "30.92",
            "revenue": 317797
        },
        "2012-07": {
            "month": "2012-07",
            "price": "32.46",
            "revenue": 293533
        },
        "2012-08": {
            "month": "2012-08",
            "price": "36.41",
            "revenue": 298132
        },
        "2012-09": {
            "month": "2012-09",
            "price": "33.91",
            "revenue": 367243
        },
        "2012-10": {
            "month": "2012-10",
            "price": "31.01",
            "revenue": 304599
        },
        "2012-11": {
            "month": "2012-11",
            "price": "28.29",
            "revenue": 239432
        },
        "2012-12": {
            "month": "2012-12",
            "price": "29.99",
            "revenue": 242264
        },
        "2013-01": {
            "month": "2013-01",
            "price": "31.06",
            "revenue": 247704
        },
        "2013-02": {
            "month": "2013-02",
            "price": "30.68",
            "revenue": 134619
        },
        "2013-03": {
            "month": "2013-03",
            "price": "28.63",
            "revenue": 241679
        },
        "2013-04": {
            "month": "2013-04",
            "price": "26.14",
            "revenue": 217242
        },
        "2013-05": {
            "month": "2013-05",
            "price": "24.93",
            "revenue": 237741
        },
        "2013-06": {
            "month": "2013-06",
            "price": "22.19",
            "revenue": 245393
        },
        "2013-07": {
            "month": "2013-07",
            "price": "21.58",
            "revenue": 238460
        },
        "2013-08": {
            "month": "2013-08",
            "price": "19.03",
            "revenue": 246564
        },
        "2013-09": {
            "month": "2013-09",
            "price": "18.86",
            "revenue": 284958
        },
        "2013-10": {
            "month": "2013-10",
            "price": "18.41",
            "revenue": 220272
        },
        "2013-11": {
            "month": "2013-11",
            "price": "17.22",
            "revenue": 282405
        },
        "2013-12": {
            "month": "2013-12",
            "price": "18.65",
            "revenue": 286997
        },
        "2014-01": {
            "month": "2014-01",
            "price": "21.42",
            "revenue": 251086
        },
        "2014-02": {
            "month": "2014-02",
            "price": "23.72",
            "revenue": 158417
        },
        "2014-03": {
            "month": "2014-03",
            "price": "23.27",
            "revenue": 221336
        },
        "2014-04": {
            "month": "2014-04",
            "price": "22.50",
            "revenue": 232348
        },
        "2014-05": {
            "month": "2014-05",
            "price": "21.73",
            "revenue": 280926
        },
        "2014-06": {
            "month": "2014-06",
            "price": "23.36",
            "revenue": 275849
        },
        "2014-07": {
            "month": "2014-07",
            "price": "23.90",
            "revenue": 222621
        },
        "2014-08": {
            "month": "2014-08",
            "price": "22.36",
            "revenue": 274863
        },
        "2014-09": {
            "month": "2014-09",
            "price": "21.10",
            "revenue": 301380
        },
        "2014-10": {
            "month": "2014-10",
            "price": "19.59",
            "revenue": 238987
        },
        "2014-11": {
            "month": "2014-11",
            "price": "19.10",
            "revenue": 281035
        },
        "2014-12": {
            "month": "2014-12",
            "price": "18.99",
            "revenue": 294486
        },
        "2015-01": {
            "month": "2015-01",
            "price": "20.10",
            "revenue": 253926
        },
        "2015-02": {
            "month": "2015-02",
            "price": "19.31",
            "revenue": 179441
        },
        "2015-03": {
            "month": "2015-03",
            "price": "18.86",
            "revenue": 207816
        },
        "2015-04": {
            "month": "2015-04",
            "price": "18.86",
            "revenue": 185103
        },
        "2015-05": {
            "month": "2015-05",
            "price": "17.30",
            "revenue": 172880
        },
        "2015-06": {
            "month": "2015-06",
            "price": "13.98",
            "revenue": 175243
        },
        "2015-07": {
            "month": "2015-07",
            "price": "12.51",
            "revenue": 165291
        },
        "2015-08": {
            "month": "2015-08",
            "price": "10.13",
            "revenue": 226629
        },
        "2015-09": {
            "month": "2015-09",
            "price": "10.91",
            "revenue": 315998
        },
        "2015-10": {
            "month": "2015-10",
            "price": "12.22",
            "revenue": 276116
        },
        "2015-11": {
            "month": "2015-11",
            "price": "11.96",
            "revenue": 295225
        },
        "2015-12": {
            "month": "2015-12",
            "price": "13.40",
            "revenue": 298771
        },
        "2016-01": {
            "month": "2016-01",
            "price": "13.18",
            "revenue": 281309
        },
        "2016-02": {
            "month": "2016-02",
            "price": "13.68",
            "revenue": 177897
        },
        "2016-03": {
            "month": "2016-03",
            "price": "14.18",
            "revenue": 290201
        },
        "2016-04": {
            "month": "2016-04",
            "price": "18.13",
            "revenue": 234897
        },
        "2016-05": {
            "month": "2016-05",
            "price": "15.01",
            "revenue": 280751
        },
        "2016-06": {
            "month": "2016-06",
            "price": "15.31",
            "revenue": 311417
        },
        "2016-07": {
            "month": "2016-07",
            "price": "17.44",
            "revenue": 259793
        },
        "2016-08": {
            "month": "2016-08",
            "price": "22.09",
            "revenue": 321866
        },
        "2016-09": {
            "month": "2016-09",
            "price": "21.66",
            "revenue": 407932
        },
        "2016-10": {
            "month": "2016-10",
            "price": "26.54",
            "revenue": 293806
        },
        "2016-11": {
            "month": "2016-11",
            "price": "26.14",
            "revenue": 329619
        },
        "2016-12": {
            "month": "2016-12",
            "price": "25.16",
            "revenue": 347614
        },
        "2017-01": {
            "month": "2017-01",
            "price": "25.84",
            "revenue": 317248
        },
        "2017-02": {
            "month": "2017-02",
            "price": "27.76",
            "revenue": 202910
        },
        "2017-03": {
            "month": "2017-03",
            "price": "33.52",
            "revenue": 350176
        },
        "2017-04": {
            "month": "2017-04",
            "price": "31.12",
            "revenue": 225999
        },
        "2017-05": {
            "month": "2017-05",
            "price": "28.77",
            "revenue": 285713
        },
        "2017-06": {
            "month": "2017-06",
            "price": "26.10",
            "revenue": 349148
        },
        "2017-07": {
            "month": "2017-07",
            "price": "27.03",
            "revenue": 270310
        },
        "2017-08": {
            "month": "2017-08",
            "price": "23.83",
            "revenue": 368799
        },
        "2017-09": {
            "month": "2017-09",
            "price": "23.11",
            "revenue": 451700
        },
        "2017-10": {
            "month": "2017-10",
            "price": "25.92",
            "revenue": 310091
        },
        "2017-11": {
            "month": "2017-11",
            "price": "23.96",
            "revenue": 386718
        },
        "2017-12": {
            "month": "2017-12",
            "price": "23.23",
            "revenue": 382651
        },
        "2018-01": {
            "month": "2018-01",
            "price": "23.66",
            "revenue": 319252
        },
        "2018-02": {
            "month": "2018-02",
            "price": "22.94",
            "revenue": 227991
        },
        "2018-03": {
            "month": "2018-03",
            "price": "24.78",
            "revenue": 339864
        },
        "2018-04": {
            "month": "2018-04",
            "price": "25.24",
            "revenue": 286768
        },
        "2018-05": {
            "month": "2018-05",
            "price": "22.32",
            "revenue": 367074
        },
        "2018-06": {
            "month": "2018-06",
            "price": "23.91",
            "revenue": 371001
        },
        "2018-07": {
            "month": "2018-07",
            "price": "22.06",
            "revenue": 362360
        },
        "2018-08": {
            "month": "2018-08",
            "price": "21.88",
            "revenue": 379499
        },
        "2018-09": {
            "month": "2018-09",
            "price": "20.78",
            "revenue": 512456
        },
        "2018-10": {
            "month": "2018-10",
            "price": "20.47",
            "revenue": 403087
        },
        "2018-11": {
            "month": "2018-11",
            "price": "21.44",
            "revenue": 423830
        },
        "2018-12": {
            "month": "2018-12",
            "price": "24.59",
            "revenue": 380492
        },
        "2019-01": {
            "month": "2019-01",
            "price": "27.95",
            "revenue": 399776
        },
        "2019-02": {
            "month": "2019-02",
            "price": "30.20",
            "revenue": 203659
        },
        "2019-03": {
            "month": "2019-03",
            "price": "36.30",
            "revenue": 385030
        },
        "2019-04": {
            "month": "2019-04",
            "price": "51.31",
            "revenue": 334713
        },
        "2019-05": {
            "month": "2019-05",
            "price": "33.73",
            "revenue": 402830
        },
        "2019-06": {
            "month": "2019-06",
            "price": "33.47",
            "revenue": 431665
        },
        "2019-07": {
            "month": "2019-07",
            "price": "40.82",
            "revenue": 433177
        },
        "2019-08": {
            "month": "2019-08",
            "price": "44.12",
            "revenue": 468749
        },
        "2019-09": {
            "month": "2019-09",
            "price": "52.17",
            "revenue": 504852
        },
        "2019-10": {
            "month": "2019-10",
            "price": "65.72",
            "revenue": 442004
        },
        "2019-11": {
            "month": "2019-11",
            "price": "69.41",
            "revenue": 434210
        },
        "2019-12": {
            "month": "2019-12",
            "price": "68.20",
            "revenue": 390018
        },
        "2020-01": {
            "month": "2020-01",
            "price": "67.01",
            "revenue": 305777
        },
        "2020-02": {
            "month": "2020-02",
            "price": "56.85",
            "revenue": 151110
        },
        "2020-03": {
            "month": "2020-03",
            "price": "42.56",
            "revenue": 443224
        },
        "2020-04": {
            "month": "2020-04",
            "price": "55.97",
            "revenue": 564145
        },
        "2020-05": {
            "month": "2020-05",
            "price": "64.28",
            "revenue": 528114
        },
        "2020-06": {
            "month": "2020-06",
            "price": "62.36",
            "revenue": 504779
        },
        "2020-07": {
            "month": "2020-07",
            "price": "71.70",
            "revenue": 519981
        },
        "2020-08": {
            "month": "2020-08",
            "price": "85.94",
            "revenue": 562199
        },
        "2020-09": {
            "month": "2020-09",
            "price": "84.86",
            "revenue": 641964
        },
        "2020-10": {
            "month": "2020-10",
            "price": "78.56",
            "revenue": 518558
        },
        "2020-11": {
            "month": "2020-11",
            "price": "70.75",
            "revenue": 510955
        },
        "2020-12": {
            "month": "2020-12",
            "price": "65.50",
            "revenue": 611622
        },
        "2021-01": {
            "month": "2021-01",
            "price": "77.04",
            "revenue": 641439
        },
        "2021-02": {
            "month": "2021-02",
            "price": "95.73",
            "revenue": 345637
        },
        "2021-03": {
            "month": "2021-03",
            "price": "107.77",
            "revenue": 591060
        },
        "2021-04": {
            "month": "2021-04",
            "price": "123.53",
            "revenue": 559643
        },
        "2021-05": {
            "month": "2021-05",
            "price": "90.06",
            "revenue": 552015
        },
        "2021-06": {
            "month": "2021-06",
            "price": "90.41",
            "revenue": 581272
        },
        "2021-07": {
            "month": "2021-07",
            "price": "96.20",
            "revenue": 629633
        },
        "2021-08": {
            "month": "2021-08",
            "price": "83.22",
            "revenue": 646251
        },
        "2021-09": {
            "month": "2021-09",
            "price": "78.61",
            "revenue": 827111
        },
        "2021-10": {
            "month": "2021-10",
            "price": "71.60",
            "revenue": 745976
        },
        "2021-11": {
            "month": "2021-11",
            "price": "82.44",
            "revenue": 813346
        },
        "2021-12": {
            "month": "2021-12",
            "price": "93.35",
            "revenue": 886144
        },
        "2022-01": {
            "month": "2022-01",
            "price": "83.23",
            "revenue": 684799
        },
        "2022-02": {
            "month": "2022-02",
            "price": "83.08",
            "revenue": 497113
        },
        "2022-03": {
            "month": "2022-03",
            "price": "78.10",
            "revenue": 801966
        },
        "2022-04": {
            "month": "2022-04",
            "price": "80.22",
            "revenue": 526853
        },
        "2022-05": {
            "month": "2022-05",
            "price": "71.30",
            "revenue": 655182
        },
        "2022-06": {
            "month": "2022-06",
            "price": "69.37",
            "revenue": 667509
        },
        "2022-07": {
            "month": "2022-07",
            "price": "58.32",
            "revenue": 593443
        },
        "2022-08": {
            "month": "2022-08",
            "price": "60.05",
            "revenue": 628404
        },
        "2022-09": {
            "month": "2022-09",
            "price": "56.07",
            "revenue": 661627
        },
        "2022-10": {
            "month": "2022-10",
            "price": "46.48",
            "revenue": 626383
        },
        "2022-11": {
            "month": "2022-11",
            "price": "51.47",
            "revenue": 565488
        },
        "2022-12": {
            "month": "2022-12",
            "price": "55.63",
            "revenue": 512720
        },
        "2023-01": {
            "month": "2023-01",
            "price": "53.30",
            "revenue": 567605
        },
        "2023-02": {
            "month": "2023-02",
            "price": "61.34",
            "revenue": 463236
        },
        "2023-03": {
            "month": "2023-03",
            "price": "65.29",
            "revenue": 686980
        },
        "2023-04": {
            "month": "2023-04",
            "price": "70.06",
            "revenue": 692616
        },
        "2023-05": {
            "month": "2023-05",
            "price": "72.76",
            "revenue": 675645
        },
        "2023-06": {
            "month": "2023-06",
            "price": "81.20",
            "revenue": 653939
        },
        "2023-07": {
            "month": "2023-07",
            "price": "119.61",
            "revenue": 745897
        },
        "2023-08": {
            "month": "2023-08",
            "price": "143.07",
            "revenue": 845451
        }
    }
}
