{
    "summary": {
        "stock_name": "崧騰",
        "stock_id": "3484",
        "category": "電子零組件",
        "main_business": "變頻控制器<br>電控裝置產品<br>其他",
        "website_url": "http://www.solteam.com.tw",
        "ceo": "曾文政",
        "pe_ratio": 38,
        "report_year_from": 2005,
        "report_year_to": 2023,
        "age": 19,
        "eps_negative_percentage": 0,
        "eps_growth_avg": {
            "last_all": 5.61,
            "last_2y": -23.04,
            "last_4y": 10.76,
            "last_8y": -1.31,
            "last_12y": 6.48,
            "last_16y": 5.61,
            "last_20y": null,
            "at_2006_last_3y": null,
            "at_2007_last_3y": null,
            "at_2008_last_3y": null,
            "at_2009_last_3y": null,
            "at_2010_last_3y": 2.79,
            "at_2011_last_3y": -16.91,
            "at_2012_last_3y": -27.11,
            "at_2013_last_3y": -0.62,
            "at_2014_last_3y": 24.02,
            "at_2015_last_3y": 32.45,
            "at_2016_last_3y": 42.69,
            "at_2017_last_3y": 16.04,
            "at_2018_last_3y": -16.41,
            "at_2019_last_3y": -6.21,
            "at_2020_last_3y": 21.63,
            "at_2021_last_3y": 37.51,
            "at_2022_last_3y": 35.49,
            "at_2023_last_3y": 7.72,
            "at_2024_last_3y": 7.72,
            "at_2006_last_all": null,
            "at_2007_last_all": null,
            "at_2008_last_all": 7.84,
            "at_2009_last_all": 3.23,
            "at_2010_last_all": 2.79,
            "at_2011_last_all": -8.08,
            "at_2012_last_all": -15.46,
            "at_2013_last_all": 1.03,
            "at_2014_last_all": 13.4,
            "at_2015_last_all": 9.93,
            "at_2016_last_all": 7.8,
            "at_2017_last_all": 6.49,
            "at_2018_last_all": 3.47,
            "at_2019_last_all": 4.96,
            "at_2020_last_all": 11.75,
            "at_2021_last_all": 14.76,
            "at_2022_last_all": 11.47,
            "at_2023_last_all": 5.61,
            "at_2024_last_all": 5.61
        },
        "latest_eps": 1.15,
        "latest_price": 43.9,
        "latest_roe": 3.18,
        "latest_gross_margin": 22.16,
        "latest_equity": 2775543,
        "latest_revenue": 869453,
        "latest_gross_profit": 192662,
        "latest_net_income": 46829,
        "latest_debt_ratio": 45.11,
        "latest_current_ratio": 216.8,
        "latest_account_receivable_turnover_ratio": 1.23,
        "latest_inventory_turnover_ratio": 0.97,
        "latest_reinvestment_rate": 18.76,
        "latest_research_to_sale_ratio": 5.78
    },
    "eps_dividends": {
        "2001": {
            "cash": 0,
            "stock": 0,
            "eps": 0
        },
        "2002": {
            "cash": 0,
            "stock": 0,
            "eps": 0
        },
        "2003": {
            "cash": 0,
            "stock": 0,
            "eps": 0
        },
        "2004": {
            "cash": 0,
            "stock": 0,
            "eps": 0
        },
        "2005": {
            "cash": 1,
            "stock": 1,
            "eps": 0
        },
        "2006": {
            "cash": 1,
            "stock": 1,
            "eps": 3.27
        },
        "2007": {
            "cash": 1,
            "stock": 1,
            "eps": 4.16
        },
        "2008": {
            "cash": 1.5,
            "stock": 1,
            "eps": 3.68
        },
        "2009": {
            "cash": 1.2,
            "stock": 1,
            "eps": 3.46
        },
        "2010": {
            "cash": 1.5,
            "stock": 0.8,
            "eps": 3.51
        },
        "2011": {
            "cash": 1.3,
            "stock": 0.6,
            "eps": 1.7
        },
        "2012": {
            "cash": 1.1,
            "stock": 0.7,
            "eps": 0.81
        },
        "2013": {
            "cash": 0.7,
            "stock": 0.3,
            "eps": 1.72
        },
        "2014": {
            "cash": 1.42,
            "stock": 0,
            "eps": 3.75
        },
        "2015": {
            "cash": 2.6,
            "stock": 0.2,
            "eps": 3.08
        },
        "2016": {
            "cash": 2.1,
            "stock": 0.1,
            "eps": 2.73
        },
        "2017": {
            "cash": 2,
            "stock": 0.1,
            "eps": 2.55
        },
        "2018": {
            "cash": 1.9,
            "stock": 0,
            "eps": 1.79
        },
        "2019": {
            "cash": 1.3,
            "stock": 0,
            "eps": 2.2
        },
        "2020": {
            "cash": 1.4,
            "stock": 0,
            "eps": 5.2
        },
        "2021": {
            "cash": 3.2,
            "stock": 0,
            "eps": 8.16
        },
        "2022": {
            "cash": 4.1,
            "stock": 0,
            "eps": 5.07
        },
        "2023": {
            "cash": 2.5,
            "stock": 0,
            "eps": 0.6
        }
    },
    "dividends": {
        "2005-06-28": {
            "cash": 1,
            "stock": 1
        },
        "2006-04-20": {
            "cash": 1,
            "stock": 1
        },
        "2007-03-13": {
            "cash": 1,
            "stock": 1
        },
        "2008-04-30": {
            "cash": 1.5,
            "stock": 1
        },
        "2009-05-07": {
            "cash": 1.2,
            "stock": 1
        },
        "2010-05-10": {
            "cash": 1.5,
            "stock": 0.8
        },
        "2011-05-03": {
            "cash": 1.3,
            "stock": 0.6
        },
        "2012-06-28": {
            "cash": 1.1,
            "stock": 0.7
        },
        "2013-06-20": {
            "cash": 0.7,
            "stock": 0.3
        },
        "2014-08-27": {
            "cash": 1.42,
            "stock": 0
        },
        "2015-09-03": {
            "cash": 2.6,
            "stock": 0.2
        },
        "2016-09-02": {
            "cash": 2.1,
            "stock": 0.1
        },
        "2017-09-15": {
            "cash": 2,
            "stock": 0.1
        },
        "2018-09-21": {
            "cash": 1.9,
            "stock": 0
        },
        "2019-09-25": {
            "cash": 1.3,
            "stock": 0
        },
        "2020-09-25": {
            "cash": 1.4,
            "stock": 0
        },
        "2021-10-20": {
            "cash": 3.2,
            "stock": 0
        },
        "2022-09-30": {
            "cash": 4.1,
            "stock": 0
        },
        "2023-09-28": {
            "cash": 2.5,
            "stock": 0
        }
    },
    "prices": {
        "200101": "無",
        "200102": "無",
        "200103": "無",
        "200104": "無",
        "200105": "無",
        "200106": "無",
        "200107": "無",
        "200108": "無",
        "200109": "無",
        "200110": "無",
        "200111": "無",
        "200112": "無",
        "200201": "無",
        "200202": "無",
        "200203": "無",
        "200204": "無",
        "200205": "無",
        "200206": "無",
        "200207": "無",
        "200208": "無",
        "200209": "無",
        "200210": "無",
        "200211": "無",
        "200212": "無",
        "200301": "無",
        "200302": "無",
        "200303": "無",
        "200304": "無",
        "200305": "無",
        "200306": "無",
        "200307": "無",
        "200308": "無",
        "200309": "無",
        "200310": "無",
        "200311": "無",
        "200312": "無",
        "200401": "無",
        "200402": "無",
        "200403": "無",
        "200404": "無",
        "200405": "無",
        "200406": "無",
        "200407": "無",
        "200408": "無",
        "200409": "無",
        "200410": "無",
        "200411": "無",
        "200412": "無",
        "200501": "無",
        "200502": "無",
        "200503": "無",
        "200504": "無",
        "200505": "無",
        "200506": "無",
        "200507": "無",
        "200508": "無",
        "200509": "無",
        "200510": "無",
        "200511": "無",
        "200512": "無",
        "200601": "無",
        "200602": "無",
        "200603": "無",
        "200604": "無",
        "200605": "無",
        "200606": "49.60",
        "200607": "51.00",
        "200608": "46.85",
        "200609": "44.82",
        "200610": "42.18",
        "200611": "39.11",
        "200612": "40.60",
        "200701": "40.68",
        "200702": "40.60",
        "200703": "42.26",
        "200704": "43.79",
        "200705": "45.58",
        "200706": "67.87",
        "200707": "67.72",
        "200708": "70.62",
        "200709": "61.52",
        "200710": "53.19",
        "200711": "40.02",
        "200712": "38.20",
        "200801": "34.15",
        "200802": "30.37",
        "200803": "32.00",
        "200804": "35.56",
        "200805": "42.48",
        "200806": "40.70",
        "200807": "36.68",
        "200808": "37.05",
        "200809": "30.35",
        "200810": "23.97",
        "200811": "20.96",
        "200812": "19.82",
        "200901": "20.22",
        "200902": "20.20",
        "200903": "24.53",
        "200904": "28.58",
        "200905": "30.62",
        "200906": "28.10",
        "200907": "30.52",
        "200908": "33.10",
        "200909": "37.47",
        "200910": "40.84",
        "200911": "42.09",
        "200912": "48.24",
        "201001": "48.86",
        "201002": "41.38",
        "201003": "45.46",
        "201004": "48.69",
        "201005": "43.21",
        "201006": "41.53",
        "201007": "41.25",
        "201008": "42.50",
        "201009": "40.35",
        "201010": "39.75",
        "201011": "35.57",
        "201012": "36.41",
        "201101": "35.72",
        "201102": "34.49",
        "201103": "33.32",
        "201104": "32.78",
        "201105": "29.16",
        "201106": "26.40",
        "201107": "26.27",
        "201108": "22.58",
        "201109": "20.40",
        "201110": "18.62",
        "201111": "18.26",
        "201112": "17.98",
        "201201": "18.93",
        "201202": "25.06",
        "201203": "27.55",
        "201204": "25.21",
        "201205": "22.89",
        "201206": "22.00",
        "201207": "21.63",
        "201208": "19.56",
        "201209": "19.28",
        "201210": "17.94",
        "201211": "15.69",
        "201212": "16.38",
        "201301": "16.33",
        "201302": "15.90",
        "201303": "16.03",
        "201304": "16.17",
        "201305": "16.51",
        "201306": "16.08",
        "201307": "16.40",
        "201308": "17.14",
        "201309": "20.49",
        "201310": "19.14",
        "201311": "22.96",
        "201312": "27.46",
        "201401": "27.53",
        "201402": "28.38",
        "201403": "30.02",
        "201404": "30.79",
        "201405": "30.41",
        "201406": "31.70",
        "201407": "39.17",
        "201408": "40.86",
        "201409": "38.52",
        "201410": "36.45",
        "201411": "38.74",
        "201412": "43.09",
        "201501": "44.52",
        "201502": "45.62",
        "201503": "62.93",
        "201504": "73.04",
        "201505": "64.36",
        "201506": "51.40",
        "201507": "44.16",
        "201508": "30.01",
        "201509": "31.88",
        "201510": "38.66",
        "201511": "35.57",
        "201512": "31.95",
        "201601": "34.75",
        "201602": "44.79",
        "201603": "47.75",
        "201604": "40.99",
        "201605": "37.82",
        "201606": "38.98",
        "201607": "42.33",
        "201608": "44.55",
        "201609": "44.79",
        "201610": "43.45",
        "201611": "38.68",
        "201612": "39.81",
        "201701": "39.08",
        "201702": "40.56",
        "201703": "41.17",
        "201704": "41.55",
        "201705": "41.07",
        "201706": "40.71",
        "201707": "39.92",
        "201708": "38.95",
        "201709": "40.98",
        "201710": "41.18",
        "201711": "39.12",
        "201712": "39.88",
        "201801": "40.90",
        "201802": "38.83",
        "201803": "38.37",
        "201804": "38.09",
        "201805": "36.87",
        "201806": "36.70",
        "201807": "36.80",
        "201808": "35.57",
        "201809": "31.56",
        "201810": "26.23",
        "201811": "25.10",
        "201812": "25.57",
        "201901": "25.94",
        "201902": "27.13",
        "201903": "27.82",
        "201904": "28.10",
        "201905": "26.68",
        "201906": "25.83",
        "201907": "26.67",
        "201908": "26.66",
        "201909": "26.34",
        "201910": "27.88",
        "201911": "29.91",
        "201912": "30.39",
        "202001": "30.80",
        "202002": "27.91",
        "202003": "23.45",
        "202004": "23.48",
        "202005": "24.65",
        "202006": "25.30",
        "202007": "27.00",
        "202008": "33.41",
        "202009": "36.01",
        "202010": "37.37",
        "202011": "46.50",
        "202012": "57.87",
        "202101": "66.25",
        "202102": "72.51",
        "202103": "79.36",
        "202104": "79.86",
        "202105": "67.66",
        "202106": "73.72",
        "202107": "78.58",
        "202108": "75.38",
        "202109": "72.36",
        "202110": "64.84",
        "202111": "71.64",
        "202112": "82.78",
        "202201": "84.64",
        "202202": "83.77",
        "202203": "75.23",
        "202204": "68.18",
        "202205": "62.27",
        "202206": "59.18",
        "202207": "52.44",
        "202208": "60.69",
        "202209": "53.21",
        "202210": "42.58",
        "202211": "44.33",
        "202212": "44.92",
        "202301": "43.90",
        "202302": "46.82",
        "202303": "44.52",
        "202304": "46.25",
        "202305": "45.51",
        "202306": "44.54",
        "202307": "42.42",
        "202308": "41.42",
        "202309": "41.57",
        "202310": "42.25",
        "202311": "43.62",
        "202312": "46.81"
    },
    "quarters": {
        "20011": {
            "year_quarter": 20011,
            "year": 2001,
            "quarter": 1,
            "eps": null,
            "eps_growth_year": null,
            "eps_4q": null,
            "eps_4q_growth_year": null,
            "roe": null,
            "roe_4q": 0,
            "gross_profit": null,
            "gross_margin": null,
            "gross_margin_4q_avg": 0,
            "net_income": null,
            "net_income_4q": null,
            "revenue": null,
            "revenue_4q": null,
            "common_shares": null,
            "book_valuer_per_share": null,
            "book_valuer_per_share_4q_avg": 0,
            "equity": null,
            "current_ratio": null,
            "debt_ratio": null,
            "inventory_turnover_ratio": null,
            "account_receivable_turnover_ratio": null,
            "reinvestment_rate": null,
            "research_to_sale_ratio": null,
            "price_fair": 0,
            "eps_avg_yearly": 0,
            "eps_latest_yearly": 0,
            "eps_growth_yearly": 0
        },
        "20012": {
            "year_quarter": 20012,
            "year": 2001,
            "quarter": 2,
            "eps": null,
            "eps_growth_year": null,
            "eps_4q": null,
            "eps_4q_growth_year": null,
            "roe": null,
            "roe_4q": 0,
            "gross_profit": null,
            "gross_margin": null,
            "gross_margin_4q_avg": 0,
            "net_income": null,
            "net_income_4q": null,
            "revenue": null,
            "revenue_4q": null,
            "common_shares": null,
            "book_valuer_per_share": null,
            "book_valuer_per_share_4q_avg": 0,
            "equity": null,
            "current_ratio": null,
            "debt_ratio": null,
            "inventory_turnover_ratio": null,
            "account_receivable_turnover_ratio": null,
            "reinvestment_rate": null,
            "research_to_sale_ratio": null,
            "price_fair": 0,
            "eps_avg_yearly": 0,
            "eps_latest_yearly": 0,
            "eps_growth_yearly": 0
        },
        "20013": {
            "year_quarter": 20013,
            "year": 2001,
            "quarter": 3,
            "eps": null,
            "eps_growth_year": null,
            "eps_4q": null,
            "eps_4q_growth_year": null,
            "roe": null,
            "roe_4q": 0,
            "gross_profit": null,
            "gross_margin": null,
            "gross_margin_4q_avg": 0,
            "net_income": null,
            "net_income_4q": null,
            "revenue": null,
            "revenue_4q": null,
            "common_shares": null,
            "book_valuer_per_share": null,
            "book_valuer_per_share_4q_avg": 0,
            "equity": null,
            "current_ratio": null,
            "debt_ratio": null,
            "inventory_turnover_ratio": null,
            "account_receivable_turnover_ratio": null,
            "reinvestment_rate": null,
            "research_to_sale_ratio": null,
            "price_fair": 0,
            "eps_avg_yearly": 0,
            "eps_latest_yearly": 0,
            "eps_growth_yearly": 0
        },
        "20014": {
            "year_quarter": 20014,
            "year": 2001,
            "quarter": 4,
            "eps": null,
            "eps_growth_year": null,
            "eps_4q": null,
            "eps_4q_growth_year": null,
            "roe": null,
            "roe_4q": 0,
            "gross_profit": null,
            "gross_margin": null,
            "gross_margin_4q_avg": 0,
            "net_income": null,
            "net_income_4q": null,
            "revenue": null,
            "revenue_4q": null,
            "common_shares": null,
            "book_valuer_per_share": null,
            "book_valuer_per_share_4q_avg": 0,
            "equity": null,
            "current_ratio": null,
            "debt_ratio": null,
            "inventory_turnover_ratio": null,
            "account_receivable_turnover_ratio": null,
            "reinvestment_rate": null,
            "research_to_sale_ratio": null,
            "price_fair": 0,
            "eps_avg_yearly": 0,
            "eps_latest_yearly": 0,
            "eps_growth_yearly": 0
        },
        "20021": {
            "year_quarter": 20021,
            "year": 2002,
            "quarter": 1,
            "eps": null,
            "eps_growth_year": null,
            "eps_4q": null,
            "eps_4q_growth_year": null,
            "roe": null,
            "roe_4q": 0,
            "gross_profit": null,
            "gross_margin": null,
            "gross_margin_4q_avg": 0,
            "net_income": null,
            "net_income_4q": null,
            "revenue": null,
            "revenue_4q": null,
            "common_shares": null,
            "book_valuer_per_share": null,
            "book_valuer_per_share_4q_avg": 0,
            "equity": null,
            "current_ratio": null,
            "debt_ratio": null,
            "inventory_turnover_ratio": null,
            "account_receivable_turnover_ratio": null,
            "reinvestment_rate": null,
            "research_to_sale_ratio": null,
            "price_fair": 0,
            "eps_avg_yearly": 0,
            "eps_latest_yearly": 0,
            "eps_growth_yearly": 0
        },
        "20022": {
            "year_quarter": 20022,
            "year": 2002,
            "quarter": 2,
            "eps": null,
            "eps_growth_year": null,
            "eps_4q": null,
            "eps_4q_growth_year": null,
            "roe": null,
            "roe_4q": 0,
            "gross_profit": null,
            "gross_margin": null,
            "gross_margin_4q_avg": 0,
            "net_income": null,
            "net_income_4q": null,
            "revenue": null,
            "revenue_4q": null,
            "common_shares": null,
            "book_valuer_per_share": null,
            "book_valuer_per_share_4q_avg": 0,
            "equity": null,
            "current_ratio": null,
            "debt_ratio": null,
            "inventory_turnover_ratio": null,
            "account_receivable_turnover_ratio": null,
            "reinvestment_rate": null,
            "research_to_sale_ratio": null,
            "price_fair": 0,
            "eps_avg_yearly": 0,
            "eps_latest_yearly": 0,
            "eps_growth_yearly": 0
        },
        "20023": {
            "year_quarter": 20023,
            "year": 2002,
            "quarter": 3,
            "eps": null,
            "eps_growth_year": null,
            "eps_4q": null,
            "eps_4q_growth_year": null,
            "roe": null,
            "roe_4q": 0,
            "gross_profit": null,
            "gross_margin": null,
            "gross_margin_4q_avg": 0,
            "net_income": null,
            "net_income_4q": null,
            "revenue": null,
            "revenue_4q": null,
            "common_shares": null,
            "book_valuer_per_share": null,
            "book_valuer_per_share_4q_avg": 0,
            "equity": null,
            "current_ratio": null,
            "debt_ratio": null,
            "inventory_turnover_ratio": null,
            "account_receivable_turnover_ratio": null,
            "reinvestment_rate": null,
            "research_to_sale_ratio": null,
            "price_fair": 0,
            "eps_avg_yearly": 0,
            "eps_latest_yearly": 0,
            "eps_growth_yearly": 0
        },
        "20024": {
            "year_quarter": 20024,
            "year": 2002,
            "quarter": 4,
            "eps": null,
            "eps_growth_year": null,
            "eps_4q": null,
            "eps_4q_growth_year": null,
            "roe": null,
            "roe_4q": 0,
            "gross_profit": null,
            "gross_margin": null,
            "gross_margin_4q_avg": 0,
            "net_income": null,
            "net_income_4q": null,
            "revenue": null,
            "revenue_4q": null,
            "common_shares": 114000,
            "book_valuer_per_share": 14.04,
            "book_valuer_per_share_4q_avg": 3.51,
            "equity": 160056,
            "current_ratio": 151.33,
            "debt_ratio": 50.74,
            "inventory_turnover_ratio": null,
            "account_receivable_turnover_ratio": null,
            "reinvestment_rate": null,
            "research_to_sale_ratio": null,
            "price_fair": 0,
            "eps_avg_yearly": 0,
            "eps_latest_yearly": 0,
            "eps_growth_yearly": 0
        },
        "20031": {
            "year_quarter": 20031,
            "year": 2003,
            "quarter": 1,
            "eps": null,
            "eps_growth_year": null,
            "eps_4q": null,
            "eps_4q_growth_year": null,
            "roe": null,
            "roe_4q": 0,
            "gross_profit": null,
            "gross_margin": null,
            "gross_margin_4q_avg": 0,
            "net_income": null,
            "net_income_4q": null,
            "revenue": null,
            "revenue_4q": null,
            "common_shares": null,
            "book_valuer_per_share": null,
            "book_valuer_per_share_4q_avg": 3.51,
            "equity": null,
            "current_ratio": null,
            "debt_ratio": null,
            "inventory_turnover_ratio": null,
            "account_receivable_turnover_ratio": null,
            "reinvestment_rate": null,
            "research_to_sale_ratio": null,
            "price_fair": 0,
            "eps_avg_yearly": 0,
            "eps_latest_yearly": 0,
            "eps_growth_yearly": 0
        },
        "20032": {
            "year_quarter": 20032,
            "year": 2003,
            "quarter": 2,
            "eps": null,
            "eps_growth_year": null,
            "eps_4q": null,
            "eps_4q_growth_year": null,
            "roe": null,
            "roe_4q": 0,
            "gross_profit": null,
            "gross_margin": null,
            "gross_margin_4q_avg": 0,
            "net_income": null,
            "net_income_4q": null,
            "revenue": null,
            "revenue_4q": null,
            "common_shares": null,
            "book_valuer_per_share": null,
            "book_valuer_per_share_4q_avg": 3.51,
            "equity": null,
            "current_ratio": null,
            "debt_ratio": null,
            "inventory_turnover_ratio": null,
            "account_receivable_turnover_ratio": null,
            "reinvestment_rate": null,
            "research_to_sale_ratio": null,
            "price_fair": 0,
            "eps_avg_yearly": 0,
            "eps_latest_yearly": 0,
            "eps_growth_yearly": 0
        },
        "20033": {
            "year_quarter": 20033,
            "year": 2003,
            "quarter": 3,
            "eps": null,
            "eps_growth_year": null,
            "eps_4q": null,
            "eps_4q_growth_year": null,
            "roe": null,
            "roe_4q": 0,
            "gross_profit": null,
            "gross_margin": null,
            "gross_margin_4q_avg": 0,
            "net_income": null,
            "net_income_4q": null,
            "revenue": null,
            "revenue_4q": null,
            "common_shares": null,
            "book_valuer_per_share": null,
            "book_valuer_per_share_4q_avg": 3.51,
            "equity": null,
            "current_ratio": null,
            "debt_ratio": null,
            "inventory_turnover_ratio": null,
            "account_receivable_turnover_ratio": null,
            "reinvestment_rate": null,
            "research_to_sale_ratio": null,
            "price_fair": 0,
            "eps_avg_yearly": 0,
            "eps_latest_yearly": 0,
            "eps_growth_yearly": 0
        },
        "20034": {
            "year_quarter": 20034,
            "year": 2003,
            "quarter": 4,
            "eps": null,
            "eps_growth_year": null,
            "eps_4q": null,
            "eps_4q_growth_year": null,
            "roe": null,
            "roe_4q": 0,
            "gross_profit": null,
            "gross_margin": null,
            "gross_margin_4q_avg": 0,
            "net_income": null,
            "net_income_4q": null,
            "revenue": null,
            "revenue_4q": null,
            "common_shares": 180000,
            "book_valuer_per_share": 19.86,
            "book_valuer_per_share_4q_avg": 4.97,
            "equity": 357445,
            "current_ratio": 182.01,
            "debt_ratio": 51.43,
            "inventory_turnover_ratio": null,
            "account_receivable_turnover_ratio": null,
            "reinvestment_rate": null,
            "research_to_sale_ratio": null,
            "price_fair": 0,
            "eps_avg_yearly": 0,
            "eps_latest_yearly": 0,
            "eps_growth_yearly": 0
        },
        "20041": {
            "year_quarter": 20041,
            "year": 2004,
            "quarter": 1,
            "eps": null,
            "eps_growth_year": null,
            "eps_4q": null,
            "eps_4q_growth_year": null,
            "roe": null,
            "roe_4q": 0,
            "gross_profit": null,
            "gross_margin": null,
            "gross_margin_4q_avg": 0,
            "net_income": null,
            "net_income_4q": null,
            "revenue": null,
            "revenue_4q": null,
            "common_shares": null,
            "book_valuer_per_share": null,
            "book_valuer_per_share_4q_avg": 4.97,
            "equity": null,
            "current_ratio": null,
            "debt_ratio": null,
            "inventory_turnover_ratio": null,
            "account_receivable_turnover_ratio": null,
            "reinvestment_rate": null,
            "research_to_sale_ratio": null,
            "price_fair": 0,
            "eps_avg_yearly": 0,
            "eps_latest_yearly": 0,
            "eps_growth_yearly": 0
        },
        "20042": {
            "year_quarter": 20042,
            "year": 2004,
            "quarter": 2,
            "eps": null,
            "eps_growth_year": null,
            "eps_4q": null,
            "eps_4q_growth_year": null,
            "roe": null,
            "roe_4q": 0,
            "gross_profit": null,
            "gross_margin": null,
            "gross_margin_4q_avg": 0,
            "net_income": null,
            "net_income_4q": null,
            "revenue": null,
            "revenue_4q": null,
            "common_shares": null,
            "book_valuer_per_share": null,
            "book_valuer_per_share_4q_avg": 4.97,
            "equity": null,
            "current_ratio": null,
            "debt_ratio": null,
            "inventory_turnover_ratio": null,
            "account_receivable_turnover_ratio": null,
            "reinvestment_rate": null,
            "research_to_sale_ratio": null,
            "price_fair": 0,
            "eps_avg_yearly": 0,
            "eps_latest_yearly": 0,
            "eps_growth_yearly": 0
        },
        "20043": {
            "year_quarter": 20043,
            "year": 2004,
            "quarter": 3,
            "eps": null,
            "eps_growth_year": null,
            "eps_4q": null,
            "eps_4q_growth_year": null,
            "roe": null,
            "roe_4q": 0,
            "gross_profit": null,
            "gross_margin": null,
            "gross_margin_4q_avg": 0,
            "net_income": null,
            "net_income_4q": null,
            "revenue": null,
            "revenue_4q": null,
            "common_shares": null,
            "book_valuer_per_share": null,
            "book_valuer_per_share_4q_avg": 4.97,
            "equity": null,
            "current_ratio": null,
            "debt_ratio": null,
            "inventory_turnover_ratio": null,
            "account_receivable_turnover_ratio": null,
            "reinvestment_rate": null,
            "research_to_sale_ratio": null,
            "price_fair": 0,
            "eps_avg_yearly": 0,
            "eps_latest_yearly": 0,
            "eps_growth_yearly": 0
        },
        "20044": {
            "year_quarter": 20044,
            "year": 2004,
            "quarter": 4,
            "eps": null,
            "eps_growth_year": null,
            "eps_4q": null,
            "eps_4q_growth_year": null,
            "roe": null,
            "roe_4q": 0,
            "gross_profit": null,
            "gross_margin": null,
            "gross_margin_4q_avg": 0,
            "net_income": null,
            "net_income_4q": null,
            "revenue": null,
            "revenue_4q": null,
            "common_shares": 207000,
            "book_valuer_per_share": 18.94,
            "book_valuer_per_share_4q_avg": 4.74,
            "equity": 394267,
            "current_ratio": 214.46,
            "debt_ratio": 46.83,
            "inventory_turnover_ratio": null,
            "account_receivable_turnover_ratio": null,
            "reinvestment_rate": null,
            "research_to_sale_ratio": null,
            "price_fair": 0,
            "eps_avg_yearly": 0,
            "eps_latest_yearly": 0,
            "eps_growth_yearly": 0
        },
        "20051": {
            "year_quarter": 20051,
            "year": 2005,
            "quarter": 1,
            "eps": null,
            "eps_growth_year": null,
            "eps_4q": null,
            "eps_4q_growth_year": null,
            "roe": null,
            "roe_4q": 0,
            "gross_profit": null,
            "gross_margin": null,
            "gross_margin_4q_avg": 0,
            "net_income": null,
            "net_income_4q": null,
            "revenue": null,
            "revenue_4q": null,
            "common_shares": null,
            "book_valuer_per_share": null,
            "book_valuer_per_share_4q_avg": 4.74,
            "equity": null,
            "current_ratio": null,
            "debt_ratio": null,
            "inventory_turnover_ratio": null,
            "account_receivable_turnover_ratio": null,
            "reinvestment_rate": null,
            "research_to_sale_ratio": null,
            "price_fair": 0,
            "eps_avg_yearly": 0,
            "eps_latest_yearly": 0,
            "eps_growth_yearly": 0
        },
        "20052": {
            "year_quarter": 20052,
            "year": 2005,
            "quarter": 2,
            "eps": null,
            "eps_growth_year": null,
            "eps_4q": null,
            "eps_4q_growth_year": null,
            "roe": null,
            "roe_4q": 0,
            "gross_profit": null,
            "gross_margin": null,
            "gross_margin_4q_avg": 0,
            "net_income": null,
            "net_income_4q": null,
            "revenue": null,
            "revenue_4q": null,
            "common_shares": null,
            "book_valuer_per_share": null,
            "book_valuer_per_share_4q_avg": 4.74,
            "equity": null,
            "current_ratio": null,
            "debt_ratio": null,
            "inventory_turnover_ratio": null,
            "account_receivable_turnover_ratio": null,
            "reinvestment_rate": null,
            "research_to_sale_ratio": null,
            "price_fair": 0,
            "eps_avg_yearly": 0,
            "eps_latest_yearly": 0,
            "eps_growth_yearly": 0
        },
        "20053": {
            "year_quarter": 20053,
            "year": 2005,
            "quarter": 3,
            "eps": null,
            "eps_growth_year": null,
            "eps_4q": null,
            "eps_4q_growth_year": null,
            "roe": null,
            "roe_4q": 0,
            "gross_profit": null,
            "gross_margin": null,
            "gross_margin_4q_avg": 0,
            "net_income": null,
            "net_income_4q": null,
            "revenue": null,
            "revenue_4q": null,
            "common_shares": null,
            "book_valuer_per_share": null,
            "book_valuer_per_share_4q_avg": 4.74,
            "equity": null,
            "current_ratio": null,
            "debt_ratio": null,
            "inventory_turnover_ratio": null,
            "account_receivable_turnover_ratio": null,
            "reinvestment_rate": null,
            "research_to_sale_ratio": null,
            "price_fair": 0,
            "eps_avg_yearly": 0,
            "eps_latest_yearly": 0,
            "eps_growth_yearly": 0
        },
        "20054": {
            "year_quarter": 20054,
            "year": 2005,
            "quarter": 4,
            "eps": null,
            "eps_growth_year": null,
            "eps_4q": null,
            "eps_4q_growth_year": null,
            "roe": null,
            "roe_4q": 0,
            "gross_profit": null,
            "gross_margin": null,
            "gross_margin_4q_avg": 0,
            "net_income": null,
            "net_income_4q": null,
            "revenue": null,
            "revenue_4q": null,
            "common_shares": 227700,
            "book_valuer_per_share": 19.25,
            "book_valuer_per_share_4q_avg": 4.81,
            "equity": 462928,
            "current_ratio": 194.14,
            "debt_ratio": 48.42,
            "inventory_turnover_ratio": null,
            "account_receivable_turnover_ratio": null,
            "reinvestment_rate": null,
            "research_to_sale_ratio": null,
            "price_fair": 0,
            "eps_avg_yearly": 0,
            "eps_latest_yearly": 0,
            "eps_growth_yearly": 0
        },
        "20061": {
            "year_quarter": 20061,
            "year": 2006,
            "quarter": 1,
            "eps": 0.89,
            "eps_growth_year": null,
            "eps_4q": null,
            "eps_4q_growth_year": null,
            "roe": 4.41,
            "roe_4q": 4.41,
            "gross_profit": 33097,
            "gross_margin": 22.16,
            "gross_margin_4q_avg": 5.54,
            "net_income": 20239,
            "net_income_4q": null,
            "revenue": 149356,
            "revenue_4q": null,
            "common_shares": 227700,
            "book_valuer_per_share": 20.02,
            "book_valuer_per_share_4q_avg": 9.82,
            "equity": 455905,
            "current_ratio": 115.74,
            "debt_ratio": 43.52,
            "inventory_turnover_ratio": 1.83,
            "account_receivable_turnover_ratio": null,
            "reinvestment_rate": null,
            "research_to_sale_ratio": null,
            "price_fair": 0,
            "eps_avg_yearly": 0,
            "eps_latest_yearly": 0,
            "eps_growth_yearly": 0
        },
        "20062": {
            "year_quarter": 20062,
            "year": 2006,
            "quarter": 2,
            "eps": 0.58,
            "eps_growth_year": null,
            "eps_4q": null,
            "eps_4q_growth_year": null,
            "roe": 2.95,
            "roe_4q": 7.36,
            "gross_profit": 34776,
            "gross_margin": 20.31,
            "gross_margin_4q_avg": 10.62,
            "net_income": 13271,
            "net_income_4q": null,
            "revenue": 171247,
            "revenue_4q": null,
            "common_shares": 227700,
            "book_valuer_per_share": 19.53,
            "book_valuer_per_share_4q_avg": 14.7,
            "equity": 444696,
            "current_ratio": 106.89,
            "debt_ratio": 45.81,
            "inventory_turnover_ratio": 5.18,
            "account_receivable_turnover_ratio": null,
            "reinvestment_rate": null,
            "research_to_sale_ratio": null,
            "price_fair": 6.96,
            "eps_avg_yearly": 2.32,
            "eps_latest_yearly": 2.32,
            "eps_growth_yearly": -139.33
        },
        "20063": {
            "year_quarter": 20063,
            "year": 2006,
            "quarter": 3,
            "eps": 0.95,
            "eps_growth_year": null,
            "eps_4q": null,
            "eps_4q_growth_year": null,
            "roe": 5.91,
            "roe_4q": 13.27,
            "gross_profit": 61097,
            "gross_margin": 27.54,
            "gross_margin_4q_avg": 17.5,
            "net_income": 27377,
            "net_income_4q": null,
            "revenue": 221831,
            "revenue_4q": null,
            "common_shares": 255160,
            "book_valuer_per_share": 18.89,
            "book_valuer_per_share_4q_avg": 19.42,
            "equity": 481980,
            "current_ratio": 116.23,
            "debt_ratio": 45.29,
            "inventory_turnover_ratio": 5.31,
            "account_receivable_turnover_ratio": null,
            "reinvestment_rate": null,
            "research_to_sale_ratio": null,
            "price_fair": 107.1,
            "eps_avg_yearly": 3.06,
            "eps_latest_yearly": 3.8,
            "eps_growth_yearly": 57.92
        },
        "20064": {
            "year_quarter": 20064,
            "year": 2006,
            "quarter": 4,
            "eps": 0.85,
            "eps_growth_year": null,
            "eps_4q": 3.23,
            "eps_4q_growth_year": null,
            "roe": 4.31,
            "roe_4q": 17.58,
            "gross_profit": 55431,
            "gross_margin": 24.58,
            "gross_margin_4q_avg": 23.65,
            "net_income": 21744,
            "net_income_4q": null,
            "revenue": 225483,
            "revenue_4q": null,
            "common_shares": 255160,
            "book_valuer_per_share": 19.58,
            "book_valuer_per_share_4q_avg": 19.51,
            "equity": 526746,
            "current_ratio": 160.67,
            "debt_ratio": 55.13,
            "inventory_turnover_ratio": 1.89,
            "account_receivable_turnover_ratio": null,
            "reinvestment_rate": null,
            "research_to_sale_ratio": null,
            "price_fair": 109.74,
            "eps_avg_yearly": 3.17,
            "eps_latest_yearly": 3.4,
            "eps_growth_yearly": 24.58
        },
        "20071": {
            "year_quarter": 20071,
            "year": 2007,
            "quarter": 1,
            "eps": 0.7,
            "eps_growth_year": -21.35,
            "eps_4q": 3.16,
            "eps_4q_growth_year": null,
            "roe": 3.37,
            "roe_4q": 16.54,
            "gross_profit": 49330,
            "gross_margin": 24.65,
            "gross_margin_4q_avg": 24.27,
            "net_income": 17767,
            "net_income_4q": null,
            "revenue": 200135,
            "revenue_4q": null,
            "common_shares": 255160,
            "book_valuer_per_share": 20.72,
            "book_valuer_per_share_4q_avg": 19.68,
            "equity": 528571,
            "current_ratio": 117.97,
            "debt_ratio": 43.8,
            "inventory_turnover_ratio": 1.75,
            "account_receivable_turnover_ratio": null,
            "reinvestment_rate": null,
            "research_to_sale_ratio": null,
            "price_fair": 30.8,
            "eps_avg_yearly": 3.08,
            "eps_latest_yearly": 2.8,
            "eps_growth_yearly": 0.79
        },
        "20072": {
            "year_quarter": 20072,
            "year": 2007,
            "quarter": 2,
            "eps": 0.92,
            "eps_growth_year": 58.62,
            "eps_4q": 3.53,
            "eps_4q_growth_year": null,
            "roe": 4.48,
            "roe_4q": 18.07,
            "gross_profit": 60902,
            "gross_margin": 25.6,
            "gross_margin_4q_avg": 25.59,
            "net_income": 23565,
            "net_income_4q": null,
            "revenue": 237894,
            "revenue_4q": null,
            "common_shares": 255160,
            "book_valuer_per_share": 20.51,
            "book_valuer_per_share_4q_avg": 19.93,
            "equity": 523379,
            "current_ratio": 108.74,
            "debt_ratio": 45.02,
            "inventory_turnover_ratio": 8.02,
            "account_receivable_turnover_ratio": null,
            "reinvestment_rate": null,
            "research_to_sale_ratio": null,
            "price_fair": 112,
            "eps_avg_yearly": 3.2,
            "eps_latest_yearly": 3.68,
            "eps_growth_yearly": 25.77
        },
        "20073": {
            "year_quarter": 20073,
            "year": 2007,
            "quarter": 3,
            "eps": 1.51,
            "eps_growth_year": 58.95,
            "eps_4q": 3.7,
            "eps_4q_growth_year": null,
            "roe": 8,
            "roe_4q": 20.16,
            "gross_profit": 81910,
            "gross_margin": 24.66,
            "gross_margin_4q_avg": 24.87,
            "net_income": 43488,
            "net_income_4q": null,
            "revenue": 332145,
            "revenue_4q": null,
            "common_shares": 288000,
            "book_valuer_per_share": 19.59,
            "book_valuer_per_share_4q_avg": 20.1,
            "equity": 564196,
            "current_ratio": 115.22,
            "debt_ratio": 47.33,
            "inventory_turnover_ratio": 12.25,
            "account_receivable_turnover_ratio": null,
            "reinvestment_rate": null,
            "research_to_sale_ratio": null,
            "price_fair": 128.57,
            "eps_avg_yearly": 3.67,
            "eps_latest_yearly": 6.04,
            "eps_growth_yearly": 64.23
        },
        "20074": {
            "year_quarter": 20074,
            "year": 2007,
            "quarter": 4,
            "eps": 1.03,
            "eps_growth_year": 21.18,
            "eps_4q": 3.92,
            "eps_4q_growth_year": 21.21,
            "roe": 4.63,
            "roe_4q": 20.48,
            "gross_profit": 64267,
            "gross_margin": 24.45,
            "gross_margin_4q_avg": 24.84,
            "net_income": 30278,
            "net_income_4q": null,
            "revenue": 262891,
            "revenue_4q": null,
            "common_shares": 323360,
            "book_valuer_per_share": 21.81,
            "book_valuer_per_share_4q_avg": 20.66,
            "equity": 744162,
            "current_ratio": 168.53,
            "debt_ratio": 51.4,
            "inventory_turnover_ratio": 2.44,
            "account_receivable_turnover_ratio": null,
            "reinvestment_rate": null,
            "research_to_sale_ratio": null,
            "price_fair": 130.8,
            "eps_avg_yearly": 3.74,
            "eps_latest_yearly": 4.12,
            "eps_growth_yearly": 36.89
        },
        "20081": {
            "year_quarter": 20081,
            "year": 2008,
            "quarter": 1,
            "eps": 0.65,
            "eps_growth_year": -7.14,
            "eps_4q": 3.69,
            "eps_4q_growth_year": 16.9,
            "roe": 2.82,
            "roe_4q": 19.93,
            "gross_profit": 124414,
            "gross_margin": 29.08,
            "gross_margin_4q_avg": 25.95,
            "net_income": 20808,
            "net_income_4q": null,
            "revenue": 427896,
            "revenue_4q": null,
            "common_shares": 323360,
            "book_valuer_per_share": 21.56,
            "book_valuer_per_share_4q_avg": 20.87,
            "equity": 733498,
            "current_ratio": 185.22,
            "debt_ratio": 48.42,
            "inventory_turnover_ratio": 1.92,
            "account_receivable_turnover_ratio": null,
            "reinvestment_rate": null,
            "research_to_sale_ratio": null,
            "price_fair": 85.68,
            "eps_avg_yearly": 3.6,
            "eps_latest_yearly": 2.6,
            "eps_growth_yearly": 13.83
        },
        "20082": {
            "year_quarter": 20082,
            "year": 2008,
            "quarter": 2,
            "eps": 1.24,
            "eps_growth_year": 34.78,
            "eps_4q": 3.91,
            "eps_4q_growth_year": 10.7,
            "roe": 5.9,
            "roe_4q": 21.35,
            "gross_profit": 147370,
            "gross_margin": 27.7,
            "gross_margin_4q_avg": 26.47,
            "net_income": 42750,
            "net_income_4q": null,
            "revenue": 532117,
            "revenue_4q": null,
            "common_shares": 323360,
            "book_valuer_per_share": 21.02,
            "book_valuer_per_share_4q_avg": 21,
            "equity": 715480,
            "current_ratio": 159.29,
            "debt_ratio": 53.7,
            "inventory_turnover_ratio": 2.06,
            "account_receivable_turnover_ratio": null,
            "reinvestment_rate": null,
            "research_to_sale_ratio": null,
            "price_fair": 131.13,
            "eps_avg_yearly": 3.75,
            "eps_latest_yearly": 4.96,
            "eps_growth_yearly": 52.64
        },
        "20083": {
            "year_quarter": 20083,
            "year": 2008,
            "quarter": 3,
            "eps": 1.19,
            "eps_growth_year": -21.19,
            "eps_4q": 3.39,
            "eps_4q_growth_year": -8.36,
            "roe": 6.27,
            "roe_4q": 19.62,
            "gross_profit": 157974,
            "gross_margin": 26.94,
            "gross_margin_4q_avg": 27.04,
            "net_income": 47359,
            "net_income_4q": null,
            "revenue": 586413,
            "revenue_4q": null,
            "common_shares": 366054,
            "book_valuer_per_share": 20.63,
            "book_valuer_per_share_4q_avg": 21.26,
            "equity": 795486,
            "current_ratio": 156.08,
            "debt_ratio": 54.3,
            "inventory_turnover_ratio": 2.09,
            "account_receivable_turnover_ratio": null,
            "reinvestment_rate": null,
            "research_to_sale_ratio": null,
            "price_fair": 134.68,
            "eps_avg_yearly": 3.85,
            "eps_latest_yearly": 4.76,
            "eps_growth_yearly": 45.76
        },
        "20084": {
            "year_quarter": 20084,
            "year": 2008,
            "quarter": 4,
            "eps": 0.6,
            "eps_growth_year": -41.75,
            "eps_4q": 3.43,
            "eps_4q_growth_year": -12.37,
            "roe": 2.74,
            "roe_4q": 17.73,
            "gross_profit": 127784,
            "gross_margin": 29.65,
            "gross_margin_4q_avg": 28.34,
            "net_income": 22143,
            "net_income_4q": null,
            "revenue": 430989,
            "revenue_4q": null,
            "common_shares": 366054,
            "book_valuer_per_share": 21.49,
            "book_valuer_per_share_4q_avg": 21.18,
            "equity": 823665,
            "current_ratio": 172.47,
            "debt_ratio": 49.14,
            "inventory_turnover_ratio": 1.55,
            "account_receivable_turnover_ratio": 1.57,
            "reinvestment_rate": null,
            "research_to_sale_ratio": null,
            "price_fair": 124.77,
            "eps_avg_yearly": 3.72,
            "eps_latest_yearly": 2.4,
            "eps_growth_yearly": 23.57
        },
        "20091": {
            "year_quarter": 20091,
            "year": 2009,
            "quarter": 1,
            "eps": 0.72,
            "eps_growth_year": 10.77,
            "eps_4q": 3.4,
            "eps_4q_growth_year": -7.99,
            "roe": 3.31,
            "roe_4q": 18.22,
            "gross_profit": 113903,
            "gross_margin": 27.44,
            "gross_margin_4q_avg": 27.93,
            "net_income": 28040,
            "net_income_4q": null,
            "revenue": 415042,
            "revenue_4q": null,
            "common_shares": 366054,
            "book_valuer_per_share": 22.69,
            "book_valuer_per_share_4q_avg": 21.46,
            "equity": 869359,
            "current_ratio": 186.48,
            "debt_ratio": 45.65,
            "inventory_turnover_ratio": 1.73,
            "account_receivable_turnover_ratio": 0.8,
            "reinvestment_rate": null,
            "research_to_sale_ratio": null,
            "price_fair": 127.63,
            "eps_avg_yearly": 3.65,
            "eps_latest_yearly": 2.88,
            "eps_growth_yearly": 28.27
        },
        "20092": {
            "year_quarter": 20092,
            "year": 2009,
            "quarter": 2,
            "eps": 0.76,
            "eps_growth_year": -38.71,
            "eps_4q": 3.08,
            "eps_4q_growth_year": -21.09,
            "roe": 3.46,
            "roe_4q": 15.78,
            "gross_profit": 137735,
            "gross_margin": 27.5,
            "gross_margin_4q_avg": 27.88,
            "net_income": 29523,
            "net_income_4q": null,
            "revenue": 500928,
            "revenue_4q": null,
            "common_shares": 366054,
            "book_valuer_per_share": 21.8,
            "book_valuer_per_share_4q_avg": 21.65,
            "equity": 838406,
            "current_ratio": 167.82,
            "debt_ratio": 49.54,
            "inventory_turnover_ratio": 2.33,
            "account_receivable_turnover_ratio": 0.95,
            "reinvestment_rate": null,
            "research_to_sale_ratio": null,
            "price_fair": 126,
            "eps_avg_yearly": 3.6,
            "eps_latest_yearly": 3.04,
            "eps_growth_yearly": 27.81
        },
        "20093": {
            "year_quarter": 20093,
            "year": 2009,
            "quarter": 3,
            "eps": 1.18,
            "eps_growth_year": -0.84,
            "eps_4q": 2.98,
            "eps_4q_growth_year": -12.07,
            "roe": 5.71,
            "roe_4q": 15.22,
            "gross_profit": 174556,
            "gross_margin": 30.58,
            "gross_margin_4q_avg": 28.79,
            "net_income": 48934,
            "net_income_4q": null,
            "revenue": 570894,
            "revenue_4q": null,
            "common_shares": 403723,
            "book_valuer_per_share": 20.69,
            "book_valuer_per_share_4q_avg": 21.67,
            "equity": 875465,
            "current_ratio": 166.9,
            "debt_ratio": 50.66,
            "inventory_turnover_ratio": 2.32,
            "account_receivable_turnover_ratio": 0.97,
            "reinvestment_rate": null,
            "research_to_sale_ratio": null,
            "price_fair": 128.8,
            "eps_avg_yearly": 3.68,
            "eps_latest_yearly": 4.72,
            "eps_growth_yearly": 41.61
        },
        "20094": {
            "year_quarter": 20094,
            "year": 2009,
            "quarter": 4,
            "eps": 0.8,
            "eps_growth_year": 33.33,
            "eps_4q": 3.29,
            "eps_4q_growth_year": -4.17,
            "roe": 3.93,
            "roe_4q": 16.41,
            "gross_profit": 160677,
            "gross_margin": 29.02,
            "gross_margin_4q_avg": 28.64,
            "net_income": 35416,
            "net_income_4q": null,
            "revenue": 553733,
            "revenue_4q": null,
            "common_shares": 407803,
            "book_valuer_per_share": 21.7,
            "book_valuer_per_share_4q_avg": 21.72,
            "equity": 928145,
            "current_ratio": 169.68,
            "debt_ratio": 48.74,
            "inventory_turnover_ratio": 1.95,
            "account_receivable_turnover_ratio": 1.79,
            "reinvestment_rate": 195.21,
            "research_to_sale_ratio": null,
            "price_fair": 127.68,
            "eps_avg_yearly": 3.65,
            "eps_latest_yearly": 3.2,
            "eps_growth_yearly": 30.25
        },
        "20101": {
            "year_quarter": 20101,
            "year": 2010,
            "quarter": 1,
            "eps": 0.84,
            "eps_growth_year": 16.67,
            "eps_4q": 3.01,
            "eps_4q_growth_year": -11.52,
            "roe": 3.57,
            "roe_4q": 16.67,
            "gross_profit": 161977,
            "gross_margin": 27.57,
            "gross_margin_4q_avg": 28.67,
            "net_income": 38401,
            "net_income_4q": null,
            "revenue": 587604,
            "revenue_4q": null,
            "common_shares": 477984,
            "book_valuer_per_share": 24.64,
            "book_valuer_per_share_4q_avg": 22.21,
            "equity": 1223246,
            "current_ratio": 202.47,
            "debt_ratio": 42.64,
            "inventory_turnover_ratio": 1.87,
            "account_receivable_turnover_ratio": 0.93,
            "reinvestment_rate": 81.26,
            "research_to_sale_ratio": 5.51,
            "price_fair": 127.05,
            "eps_avg_yearly": 3.63,
            "eps_latest_yearly": 3.36,
            "eps_growth_yearly": 29.61
        },
        "20102": {
            "year_quarter": 20102,
            "year": 2010,
            "quarter": 2,
            "eps": 1.37,
            "eps_growth_year": 80.58,
            "eps_4q": 3.62,
            "eps_4q_growth_year": 17.28,
            "roe": 6.25,
            "roe_4q": 19.46,
            "gross_profit": 192607,
            "gross_margin": 27.59,
            "gross_margin_4q_avg": 28.69,
            "net_income": 76929,
            "net_income_4q": null,
            "revenue": 698156,
            "revenue_4q": null,
            "common_shares": 477984,
            "book_valuer_per_share": 24.81,
            "book_valuer_per_share_4q_avg": 22.96,
            "equity": 1238268,
            "current_ratio": 184.76,
            "debt_ratio": 46.32,
            "inventory_turnover_ratio": 1.84,
            "account_receivable_turnover_ratio": 0.99,
            "reinvestment_rate": 209.63,
            "research_to_sale_ratio": 4.22,
            "price_fair": 133.96,
            "eps_avg_yearly": 3.83,
            "eps_latest_yearly": 5.48,
            "eps_growth_yearly": 54.09
        },
        "20103": {
            "year_quarter": 20103,
            "year": 2010,
            "quarter": 3,
            "eps": 0.77,
            "eps_growth_year": -35.15,
            "eps_4q": 3.46,
            "eps_4q_growth_year": 16.04,
            "roe": 3.65,
            "roe_4q": 17.400000000000002,
            "gross_profit": 183592,
            "gross_margin": 24.75,
            "gross_margin_4q_avg": 27.23,
            "net_income": 45797,
            "net_income_4q": null,
            "revenue": 741765,
            "revenue_4q": null,
            "common_shares": 517042,
            "book_valuer_per_share": 23.46,
            "book_valuer_per_share_4q_avg": 23.65,
            "equity": 1267875,
            "current_ratio": 201.02,
            "debt_ratio": 42.74,
            "inventory_turnover_ratio": 1.76,
            "account_receivable_turnover_ratio": 0.96,
            "reinvestment_rate": 212.36,
            "research_to_sale_ratio": 3.92,
            "price_fair": 132.39,
            "eps_avg_yearly": 3.78,
            "eps_latest_yearly": 3.08,
            "eps_growth_yearly": 27.19
        },
        "20104": {
            "year_quarter": 20104,
            "year": 2010,
            "quarter": 4,
            "eps": 0.53,
            "eps_growth_year": -33.79,
            "eps_4q": 3.34,
            "eps_4q_growth_year": 1.48,
            "roe": 2.44,
            "roe_4q": 15.91,
            "gross_profit": 179947,
            "gross_margin": 25.44,
            "gross_margin_4q_avg": 26.34,
            "net_income": 30736,
            "net_income_4q": null,
            "revenue": 707442,
            "revenue_4q": null,
            "common_shares": 517042,
            "book_valuer_per_share": 23.11,
            "book_valuer_per_share_4q_avg": 24.01,
            "equity": 1246952,
            "current_ratio": 189.78,
            "debt_ratio": 44.24,
            "inventory_turnover_ratio": 1.52,
            "account_receivable_turnover_ratio": 0.92,
            "reinvestment_rate": 181.69,
            "research_to_sale_ratio": 5.66,
            "price_fair": 118.6,
            "eps_avg_yearly": 3.7,
            "eps_latest_yearly": 2.12,
            "eps_growth_yearly": 22.03
        },
        "20111": {
            "year_quarter": 20111,
            "year": 2011,
            "quarter": 1,
            "eps": 0.43,
            "eps_growth_year": -48.81,
            "eps_4q": 3.08,
            "eps_4q_growth_year": 2.56,
            "roe": 2.07,
            "roe_4q": 14.41,
            "gross_profit": 132553,
            "gross_margin": 21.34,
            "gross_margin_4q_avg": 24.78,
            "net_income": 26160,
            "net_income_4q": null,
            "revenue": 621040,
            "revenue_4q": null,
            "common_shares": 519506,
            "book_valuer_per_share": 23.69,
            "book_valuer_per_share_4q_avg": 23.77,
            "equity": 1282293,
            "current_ratio": 188.42,
            "debt_ratio": 44.94,
            "inventory_turnover_ratio": 1.19,
            "account_receivable_turnover_ratio": 0.85,
            "reinvestment_rate": 76.83,
            "research_to_sale_ratio": 4.65,
            "price_fair": 115.33,
            "eps_avg_yearly": 3.64,
            "eps_latest_yearly": 1.72,
            "eps_growth_yearly": 21.73
        },
        "20112": {
            "year_quarter": 20112,
            "year": 2011,
            "quarter": 2,
            "eps": 0.21,
            "eps_growth_year": -85.05,
            "eps_4q": 1.82,
            "eps_4q_growth_year": -49.58,
            "roe": 1.13,
            "roe_4q": 9.29,
            "gross_profit": 138793,
            "gross_margin": 21.82,
            "gross_margin_4q_avg": 23.34,
            "net_income": 14078,
            "net_income_4q": null,
            "revenue": 636149,
            "revenue_4q": null,
            "common_shares": 519506,
            "book_valuer_per_share": 22.34,
            "book_valuer_per_share_4q_avg": 23.15,
            "equity": 1215322,
            "current_ratio": 183.62,
            "debt_ratio": 46.05,
            "inventory_turnover_ratio": 1.12,
            "account_receivable_turnover_ratio": 0.87,
            "reinvestment_rate": 222.93,
            "research_to_sale_ratio": 5.45,
            "price_fair": 38.31,
            "eps_avg_yearly": 3.46,
            "eps_latest_yearly": 0.84,
            "eps_growth_yearly": 1.08
        },
        "20113": {
            "year_quarter": 20113,
            "year": 2011,
            "quarter": 3,
            "eps": 0.57,
            "eps_growth_year": -24.88,
            "eps_4q": 1.69,
            "eps_4q_growth_year": -51.16,
            "roe": 2.86,
            "roe_4q": 8.5,
            "gross_profit": 137148,
            "gross_margin": 19.28,
            "gross_margin_4q_avg": 21.97,
            "net_income": 35909,
            "net_income_4q": null,
            "revenue": 711500,
            "revenue_4q": null,
            "common_shares": 551502,
            "book_valuer_per_share": 22.69,
            "book_valuer_per_share_4q_avg": 22.96,
            "equity": 1300159,
            "current_ratio": 189.92,
            "debt_ratio": 44.93,
            "inventory_turnover_ratio": 1.26,
            "account_receivable_turnover_ratio": 0.89,
            "reinvestment_rate": 248.47,
            "research_to_sale_ratio": 6.2,
            "price_fair": 112.79,
            "eps_avg_yearly": 3.22,
            "eps_latest_yearly": 2.28,
            "eps_growth_yearly": 27.9
        },
        "20114": {
            "year_quarter": 20114,
            "year": 2011,
            "quarter": 4,
            "eps": 0.49,
            "eps_growth_year": -8.08,
            "eps_4q": 1.67,
            "eps_4q_growth_year": -49.87,
            "roe": 2.14,
            "roe_4q": 8.2,
            "gross_profit": 146005,
            "gross_margin": 20.86,
            "gross_margin_4q_avg": 20.83,
            "net_income": 28031,
            "net_income_4q": null,
            "revenue": 699883,
            "revenue_4q": null,
            "common_shares": 551502,
            "book_valuer_per_share": 23.12,
            "book_valuer_per_share_4q_avg": 22.96,
            "equity": 1320932,
            "current_ratio": 199.14,
            "debt_ratio": 47.3,
            "inventory_turnover_ratio": 1.1,
            "account_receivable_turnover_ratio": 0.89,
            "reinvestment_rate": 209.96,
            "research_to_sale_ratio": 6.59,
            "price_fair": 108.06,
            "eps_avg_yearly": 3.09,
            "eps_latest_yearly": 1.96,
            "eps_growth_yearly": 32.34
        },
        "20121": {
            "year_quarter": 20121,
            "year": 2012,
            "quarter": 1,
            "eps": 0.14,
            "eps_growth_year": -67.44,
            "eps_4q": 1.39,
            "eps_4q_growth_year": -54.81,
            "roe": 0.66,
            "roe_4q": 6.79,
            "gross_profit": 126515,
            "gross_margin": 20.32,
            "gross_margin_4q_avg": 20.57,
            "net_income": 8744,
            "net_income_4q": null,
            "revenue": 622549,
            "revenue_4q": null,
            "common_shares": 552711,
            "book_valuer_per_share": 22.87,
            "book_valuer_per_share_4q_avg": 22.76,
            "equity": 1312691,
            "current_ratio": 228.48,
            "debt_ratio": 42.45,
            "inventory_turnover_ratio": 1.05,
            "account_receivable_turnover_ratio": 0.93,
            "reinvestment_rate": 34.03,
            "research_to_sale_ratio": 6.15,
            "price_fair": 99.78,
            "eps_avg_yearly": 2.96,
            "eps_latest_yearly": 0.56,
            "eps_growth_yearly": 23.71
        },
        "20122": {
            "year_quarter": 20122,
            "year": 2012,
            "quarter": 2,
            "eps": 0.25,
            "eps_growth_year": 21.01,
            "eps_4q": 1.36,
            "eps_4q_growth_year": -25.52,
            "roe": 1.21,
            "roe_4q": 6.869999999999999,
            "gross_profit": 132404,
            "gross_margin": 20.27,
            "gross_margin_4q_avg": 20.18,
            "net_income": 15654,
            "net_income_4q": null,
            "revenue": 653345,
            "revenue_4q": null,
            "common_shares": 552711,
            "book_valuer_per_share": 22.18,
            "book_valuer_per_share_4q_avg": 22.72,
            "equity": 1276737,
            "current_ratio": 195.57,
            "debt_ratio": 47.77,
            "inventory_turnover_ratio": 1.27,
            "account_receivable_turnover_ratio": 1.04,
            "reinvestment_rate": 215.09,
            "research_to_sale_ratio": 5.68,
            "price_fair": 83.17,
            "eps_avg_yearly": 2.71,
            "eps_latest_yearly": 1,
            "eps_growth_yearly": 20.66
        },
        "20123": {
            "year_quarter": 20123,
            "year": 2012,
            "quarter": 3,
            "eps": 0.18,
            "eps_growth_year": -69.45,
            "eps_4q": 1,
            "eps_4q_growth_year": -40.54,
            "roe": 0.98,
            "roe_4q": 4.99,
            "gross_profit": 130700,
            "gross_margin": 21.28,
            "gross_margin_4q_avg": 20.68,
            "net_income": 12408,
            "net_income_4q": null,
            "revenue": 614141,
            "revenue_4q": null,
            "common_shares": 593180,
            "book_valuer_per_share": 20.62,
            "book_valuer_per_share_4q_avg": 22.2,
            "equity": 1267784,
            "current_ratio": 206.77,
            "debt_ratio": 45.4,
            "inventory_turnover_ratio": 1.29,
            "account_receivable_turnover_ratio": 0.98,
            "reinvestment_rate": 214.37,
            "research_to_sale_ratio": 6.08,
            "price_fair": 60.68,
            "eps_avg_yearly": 2.46,
            "eps_latest_yearly": 0.72,
            "eps_growth_yearly": 14.67
        },
        "20124": {
            "year_quarter": 20124,
            "year": 2012,
            "quarter": 4,
            "eps": 0.24,
            "eps_growth_year": -50.68,
            "eps_4q": 0.79,
            "eps_4q_growth_year": -52.67,
            "roe": 1.16,
            "roe_4q": 4.01,
            "gross_profit": 120515,
            "gross_margin": 22.41,
            "gross_margin_4q_avg": 21.07,
            "net_income": 14789,
            "net_income_4q": null,
            "revenue": 537664,
            "revenue_4q": null,
            "common_shares": 593180,
            "book_valuer_per_share": 20.79,
            "book_valuer_per_share_4q_avg": 21.62,
            "equity": 1277592,
            "current_ratio": 207.21,
            "debt_ratio": 44.92,
            "inventory_turnover_ratio": 1.13,
            "account_receivable_turnover_ratio": 0.94,
            "reinvestment_rate": 219.07,
            "research_to_sale_ratio": 6.79,
            "price_fair": 82.95,
            "eps_avg_yearly": 2.37,
            "eps_latest_yearly": 0.96,
            "eps_growth_yearly": 35.4
        },
        "20131": {
            "year_quarter": 20131,
            "year": 2013,
            "quarter": 1,
            "eps": 0.13,
            "eps_growth_year": -7.14,
            "eps_4q": 0.8,
            "eps_4q_growth_year": -42.58,
            "roe": 0.61,
            "roe_4q": 3.96,
            "gross_profit": 92691,
            "gross_margin": 18.56,
            "gross_margin_4q_avg": 20.63,
            "net_income": 7944,
            "net_income_4q": null,
            "revenue": 499362,
            "revenue_4q": null,
            "common_shares": 593180,
            "book_valuer_per_share": 21.26,
            "book_valuer_per_share_4q_avg": 21.21,
            "equity": 1306238,
            "current_ratio": 216.51,
            "debt_ratio": 43.64,
            "inventory_turnover_ratio": 1.09,
            "account_receivable_turnover_ratio": 0.96,
            "reinvestment_rate": 20.2,
            "research_to_sale_ratio": 6.6,
            "price_fair": 64.31,
            "eps_avg_yearly": 2.22,
            "eps_latest_yearly": 0.52,
            "eps_growth_yearly": 18.94
        },
        "20132": {
            "year_quarter": 20132,
            "year": 2013,
            "quarter": 2,
            "eps": 0.52,
            "eps_growth_year": 109.37,
            "eps_4q": 1.05,
            "eps_4q_growth_year": -22.57,
            "roe": 2.37,
            "roe_4q": 5.119999999999999,
            "gross_profit": 133396,
            "gross_margin": 21.9,
            "gross_margin_4q_avg": 21.04,
            "net_income": 30910,
            "net_income_4q": null,
            "revenue": 609242,
            "revenue_4q": null,
            "common_shares": 593180,
            "book_valuer_per_share": 21.26,
            "book_valuer_per_share_4q_avg": 20.98,
            "equity": 1305679,
            "current_ratio": 196.36,
            "debt_ratio": 46.58,
            "inventory_turnover_ratio": 1.22,
            "account_receivable_turnover_ratio": 1.08,
            "reinvestment_rate": 24.33,
            "research_to_sale_ratio": 5.75,
            "price_fair": 75.69,
            "eps_avg_yearly": 2.16,
            "eps_latest_yearly": 2.08,
            "eps_growth_yearly": 92.55
        },
        "20133": {
            "year_quarter": 20133,
            "year": 2013,
            "quarter": 3,
            "eps": 0.69,
            "eps_growth_year": 292.98,
            "eps_4q": 1.57,
            "eps_4q_growth_year": 56.09,
            "roe": 3.38,
            "roe_4q": 7.5200000000000005,
            "gross_profit": 155560,
            "gross_margin": 23.37,
            "gross_margin_4q_avg": 21.56,
            "net_income": 44596,
            "net_income_4q": null,
            "revenue": 665623,
            "revenue_4q": null,
            "common_shares": 610867,
            "book_valuer_per_share": 21.14,
            "book_valuer_per_share_4q_avg": 21.11,
            "equity": 1335157,
            "current_ratio": 205.1,
            "debt_ratio": 47.06,
            "inventory_turnover_ratio": 1.16,
            "account_receivable_turnover_ratio": 1.06,
            "reinvestment_rate": 48.61,
            "research_to_sale_ratio": 5.15,
            "price_fair": 71.4,
            "eps_avg_yearly": 2.04,
            "eps_latest_yearly": 2.76,
            "eps_growth_yearly": 86.91
        },
        "20134": {
            "year_quarter": 20134,
            "year": 2013,
            "quarter": 4,
            "eps": 0.38,
            "eps_growth_year": 58.95,
            "eps_4q": 1.72,
            "eps_4q_growth_year": 116.83,
            "roe": 1.71,
            "roe_4q": 8.07,
            "gross_profit": 150509,
            "gross_margin": 22.55,
            "gross_margin_4q_avg": 21.6,
            "net_income": 23156,
            "net_income_4q": null,
            "revenue": 667579,
            "revenue_4q": null,
            "common_shares": 610867,
            "book_valuer_per_share": 21.68,
            "book_valuer_per_share_4q_avg": 21.34,
            "equity": 1368334,
            "current_ratio": 192.76,
            "debt_ratio": 47.31,
            "inventory_turnover_ratio": 1.08,
            "account_receivable_turnover_ratio": 1.05,
            "reinvestment_rate": -107.61,
            "research_to_sale_ratio": 6.14,
            "price_fair": 67.73,
            "eps_avg_yearly": 1.94,
            "eps_latest_yearly": 1.52,
            "eps_growth_yearly": 83.73
        },
        "20141": {
            "year_quarter": 20141,
            "year": 2014,
            "quarter": 1,
            "eps": 0.53,
            "eps_growth_year": 307.69,
            "eps_4q": 2.11,
            "eps_4q_growth_year": 164.02,
            "roe": 2.34,
            "roe_4q": 9.8,
            "gross_profit": 146108,
            "gross_margin": 22.24,
            "gross_margin_4q_avg": 22.52,
            "net_income": 32586,
            "net_income_4q": null,
            "revenue": 656918,
            "revenue_4q": null,
            "common_shares": 610867,
            "book_valuer_per_share": 22.49,
            "book_valuer_per_share_4q_avg": 21.64,
            "equity": 1419521,
            "current_ratio": 204.37,
            "debt_ratio": 44.9,
            "inventory_turnover_ratio": 1.05,
            "account_receivable_turnover_ratio": 1.06,
            "reinvestment_rate": 48.66,
            "research_to_sale_ratio": 5.3,
            "price_fair": 65.01,
            "eps_avg_yearly": 1.86,
            "eps_latest_yearly": 2.12,
            "eps_growth_yearly": 92.34
        },
        "20142": {
            "year_quarter": 20142,
            "year": 2014,
            "quarter": 2,
            "eps": 0.7,
            "eps_growth_year": 34.62,
            "eps_4q": 2.29,
            "eps_4q_growth_year": 117.38,
            "roe": 3.08,
            "roe_4q": 10.51,
            "gross_profit": 185952,
            "gross_margin": 23.35,
            "gross_margin_4q_avg": 22.88,
            "net_income": 42837,
            "net_income_4q": null,
            "revenue": 796438,
            "revenue_4q": null,
            "common_shares": 610867,
            "book_valuer_per_share": 21.5,
            "book_valuer_per_share_4q_avg": 21.7,
            "equity": 1365142,
            "current_ratio": 186.44,
            "debt_ratio": 48.92,
            "inventory_turnover_ratio": 1.33,
            "account_receivable_turnover_ratio": 1.22,
            "reinvestment_rate": -140.08,
            "research_to_sale_ratio": 4.74,
            "price_fair": 59.15,
            "eps_avg_yearly": 1.69,
            "eps_latest_yearly": 2.8,
            "eps_growth_yearly": 84.59
        },
        "20143": {
            "year_quarter": 20143,
            "year": 2014,
            "quarter": 3,
            "eps": 1.25,
            "eps_growth_year": 81.16,
            "eps_4q": 2.85,
            "eps_4q_growth_year": 81.66,
            "roe": 5.48,
            "roe_4q": 12.61,
            "gross_profit": 221157,
            "gross_margin": 24.76,
            "gross_margin_4q_avg": 23.23,
            "net_income": 77471,
            "net_income_4q": null,
            "revenue": 893334,
            "revenue_4q": null,
            "common_shares": 610767,
            "book_valuer_per_share": 23.06,
            "book_valuer_per_share_4q_avg": 22.18,
            "equity": 1462554,
            "current_ratio": 188.81,
            "debt_ratio": 48.59,
            "inventory_turnover_ratio": 1.39,
            "account_receivable_turnover_ratio": 1.19,
            "reinvestment_rate": -129.46,
            "research_to_sale_ratio": 4.78,
            "price_fair": 63.35,
            "eps_avg_yearly": 1.81,
            "eps_latest_yearly": 5,
            "eps_growth_yearly": 115.18
        },
        "20144": {
            "year_quarter": 20144,
            "year": 2014,
            "quarter": 4,
            "eps": 1.27,
            "eps_growth_year": 232.46,
            "eps_4q": 3.74,
            "eps_4q_growth_year": 117.75,
            "roe": 5.1,
            "roe_4q": 16,
            "gross_profit": 210868,
            "gross_margin": 24.76,
            "gross_margin_4q_avg": 23.78,
            "net_income": 77983,
            "net_income_4q": null,
            "revenue": 851537,
            "revenue_4q": null,
            "common_shares": 610767,
            "book_valuer_per_share": 25.24,
            "book_valuer_per_share_4q_avg": 23.07,
            "equity": 1598142,
            "current_ratio": 218.77,
            "debt_ratio": 49.29,
            "inventory_turnover_ratio": 1.13,
            "account_receivable_turnover_ratio": 1.05,
            "reinvestment_rate": -121.98,
            "research_to_sale_ratio": 5.47,
            "price_fair": 69.83,
            "eps_avg_yearly": 2,
            "eps_latest_yearly": 5.08,
            "eps_growth_yearly": 123.37
        },
        "20151": {
            "year_quarter": 20151,
            "year": 2015,
            "quarter": 1,
            "eps": 0.88,
            "eps_growth_year": 66.04,
            "eps_4q": 3.98,
            "eps_4q_growth_year": 88.56,
            "roe": 3.22,
            "roe_4q": 16.880000000000003,
            "gross_profit": 191784,
            "gross_margin": 23.53,
            "gross_margin_4q_avg": 24.1,
            "net_income": 53123,
            "net_income_4q": null,
            "revenue": 815011,
            "revenue_4q": null,
            "common_shares": 628605,
            "book_valuer_per_share": 26.14,
            "book_valuer_per_share_4q_avg": 23.99,
            "equity": 1697986,
            "current_ratio": 242.38,
            "debt_ratio": 43.65,
            "inventory_turnover_ratio": 1.06,
            "account_receivable_turnover_ratio": 1.03,
            "reinvestment_rate": 38.25,
            "research_to_sale_ratio": 5.07,
            "price_fair": 73.76,
            "eps_avg_yearly": 2.11,
            "eps_latest_yearly": 3.52,
            "eps_growth_yearly": 120.41
        },
        "20152": {
            "year_quarter": 20152,
            "year": 2015,
            "quarter": 2,
            "eps": 0.5,
            "eps_growth_year": -28.57,
            "eps_4q": 3.7,
            "eps_4q_growth_year": 61.72,
            "roe": 1.86,
            "roe_4q": 15.66,
            "gross_profit": 177207,
            "gross_margin": 21.86,
            "gross_margin_4q_avg": 23.73,
            "net_income": 30403,
            "net_income_4q": null,
            "revenue": 810595,
            "revenue_4q": null,
            "common_shares": 628605,
            "book_valuer_per_share": 23.88,
            "book_valuer_per_share_4q_avg": 24.58,
            "equity": 1563218,
            "current_ratio": 204.25,
            "debt_ratio": 48.78,
            "inventory_turnover_ratio": 1.15,
            "account_receivable_turnover_ratio": 1.1,
            "reinvestment_rate": -111.22,
            "research_to_sale_ratio": 5.13,
            "price_fair": 76.3,
            "eps_avg_yearly": 2.18,
            "eps_latest_yearly": 2,
            "eps_growth_yearly": 122.41
        },
        "20153": {
            "year_quarter": 20153,
            "year": 2015,
            "quarter": 3,
            "eps": 0.78,
            "eps_growth_year": -37.6,
            "eps_4q": 3.3,
            "eps_4q_growth_year": 15.69,
            "roe": 3.21,
            "roe_4q": 13.39,
            "gross_profit": 181822,
            "gross_margin": 22.99,
            "gross_margin_4q_avg": 23.29,
            "net_income": 51958,
            "net_income_4q": null,
            "revenue": 790937,
            "revenue_4q": null,
            "common_shares": 645600,
            "book_valuer_per_share": 25.06,
            "book_valuer_per_share_4q_avg": 25.08,
            "equity": 1674899,
            "current_ratio": 230.03,
            "debt_ratio": 44.64,
            "inventory_turnover_ratio": 1.11,
            "account_receivable_turnover_ratio": 1.08,
            "reinvestment_rate": -129.18,
            "research_to_sale_ratio": 5.7,
            "price_fair": 78.14,
            "eps_avg_yearly": 2.23,
            "eps_latest_yearly": 3.12,
            "eps_growth_yearly": 93.55
        },
        "20154": {
            "year_quarter": 20154,
            "year": 2015,
            "quarter": 4,
            "eps": 0.92,
            "eps_growth_year": -27.53,
            "eps_4q": 3.01,
            "eps_4q_growth_year": -19.35,
            "roe": 3.57,
            "roe_4q": 11.86,
            "gross_profit": 224434,
            "gross_margin": 26.43,
            "gross_margin_4q_avg": 23.7,
            "net_income": 60532,
            "net_income_4q": null,
            "revenue": 849009,
            "revenue_4q": null,
            "common_shares": 645600,
            "book_valuer_per_share": 25.69,
            "book_valuer_per_share_4q_avg": 25.19,
            "equity": 1716051,
            "current_ratio": 228.99,
            "debt_ratio": 44.72,
            "inventory_turnover_ratio": 1.05,
            "account_receivable_turnover_ratio": 1.08,
            "reinvestment_rate": -134.04,
            "research_to_sale_ratio": 5.32,
            "price_fair": 81.9,
            "eps_avg_yearly": 2.34,
            "eps_latest_yearly": 3.68,
            "eps_growth_yearly": 101.55
        },
        "20161": {
            "year_quarter": 20161,
            "year": 2016,
            "quarter": 1,
            "eps": 0.62,
            "eps_growth_year": -29.55,
            "eps_4q": 2.8,
            "eps_4q_growth_year": -29.79,
            "roe": 2.26,
            "roe_4q": 10.899999999999999,
            "gross_profit": 186382,
            "gross_margin": 24.67,
            "gross_margin_4q_avg": 23.99,
            "net_income": 39026,
            "net_income_4q": null,
            "revenue": 755452,
            "revenue_4q": null,
            "common_shares": 645600,
            "book_valuer_per_share": 25.95,
            "book_valuer_per_share_4q_avg": 25.15,
            "equity": 1732848,
            "current_ratio": 245.59,
            "debt_ratio": 42.36,
            "inventory_turnover_ratio": 0.86,
            "account_receivable_turnover_ratio": 1,
            "reinvestment_rate": 24.96,
            "research_to_sale_ratio": 5.78,
            "price_fair": 86.1,
            "eps_avg_yearly": 2.46,
            "eps_latest_yearly": 2.48,
            "eps_growth_yearly": 111.25
        },
        "20162": {
            "year_quarter": 20162,
            "year": 2016,
            "quarter": 2,
            "eps": 0.46,
            "eps_growth_year": -8,
            "eps_4q": 2.75,
            "eps_4q_growth_year": -25.68,
            "roe": 1.81,
            "roe_4q": 10.850000000000001,
            "gross_profit": 196428,
            "gross_margin": 23.05,
            "gross_margin_4q_avg": 24.29,
            "net_income": 30374,
            "net_income_4q": null,
            "revenue": 852022,
            "revenue_4q": null,
            "common_shares": 646335,
            "book_valuer_per_share": 24.16,
            "book_valuer_per_share_4q_avg": 25.22,
            "equity": 1616872,
            "current_ratio": 199.1,
            "debt_ratio": 48.17,
            "inventory_turnover_ratio": 0.95,
            "account_receivable_turnover_ratio": 1.18,
            "reinvestment_rate": -124.34,
            "research_to_sale_ratio": 6.28,
            "price_fair": 87.94,
            "eps_avg_yearly": 2.51,
            "eps_latest_yearly": 1.84,
            "eps_growth_yearly": 85.16
        },
        "20163": {
            "year_quarter": 20163,
            "year": 2016,
            "quarter": 3,
            "eps": 0.93,
            "eps_growth_year": 19.23,
            "eps_4q": 2.9,
            "eps_4q_growth_year": -11.95,
            "roe": 3.85,
            "roe_4q": 11.49,
            "gross_profit": 234160,
            "gross_margin": 24.86,
            "gross_margin_4q_avg": 24.75,
            "net_income": 62657,
            "net_income_4q": null,
            "revenue": 942033,
            "revenue_4q": null,
            "common_shares": 652823,
            "book_valuer_per_share": 24.2,
            "book_valuer_per_share_4q_avg": 25,
            "equity": 1638473,
            "current_ratio": 192.47,
            "debt_ratio": 49.63,
            "inventory_turnover_ratio": 1.09,
            "account_receivable_turnover_ratio": 1.2,
            "reinvestment_rate": -87.72,
            "research_to_sale_ratio": 5.14,
            "price_fair": 94.5,
            "eps_avg_yearly": 2.7,
            "eps_latest_yearly": 3.72,
            "eps_growth_yearly": 117.7
        },
        "20164": {
            "year_quarter": 20164,
            "year": 2016,
            "quarter": 4,
            "eps": 0.72,
            "eps_growth_year": -22.24,
            "eps_4q": 2.71,
            "eps_4q_growth_year": -10.16,
            "roe": 2.85,
            "roe_4q": 10.77,
            "gross_profit": 224685,
            "gross_margin": 25.23,
            "gross_margin_4q_avg": 24.45,
            "net_income": 47641,
            "net_income_4q": null,
            "revenue": 890620,
            "revenue_4q": null,
            "common_shares": 653853,
            "book_valuer_per_share": 25.13,
            "book_valuer_per_share_4q_avg": 24.86,
            "equity": 1701027,
            "current_ratio": 165.41,
            "debt_ratio": 53.37,
            "inventory_turnover_ratio": 1.01,
            "account_receivable_turnover_ratio": 1.07,
            "reinvestment_rate": -87.1,
            "research_to_sale_ratio": 5.78,
            "price_fair": 98.7,
            "eps_avg_yearly": 2.82,
            "eps_latest_yearly": 2.88,
            "eps_growth_yearly": 103.72
        },
        "20171": {
            "year_quarter": 20171,
            "year": 2017,
            "quarter": 1,
            "eps": 0.63,
            "eps_growth_year": 1.61,
            "eps_4q": 2.73,
            "eps_4q_growth_year": -2.36,
            "roe": 2.46,
            "roe_4q": 10.97,
            "gross_profit": 219229,
            "gross_margin": 24.12,
            "gross_margin_4q_avg": 24.32,
            "net_income": 41383,
            "net_income_4q": null,
            "revenue": 909093,
            "revenue_4q": null,
            "common_shares": 653916,
            "book_valuer_per_share": 24.56,
            "book_valuer_per_share_4q_avg": 24.51,
            "equity": 1661004,
            "current_ratio": 171.87,
            "debt_ratio": 50.71,
            "inventory_turnover_ratio": 0.97,
            "account_receivable_turnover_ratio": 1.15,
            "reinvestment_rate": 36.99,
            "research_to_sale_ratio": 5.19,
            "price_fair": 103.08,
            "eps_avg_yearly": 2.95,
            "eps_latest_yearly": 2.52,
            "eps_growth_yearly": 112.06
        },
        "20172": {
            "year_quarter": 20172,
            "year": 2017,
            "quarter": 2,
            "eps": 0.52,
            "eps_growth_year": 13.04,
            "eps_4q": 2.76,
            "eps_4q_growth_year": 0.43,
            "roe": 2.18,
            "roe_4q": 11.34,
            "gross_profit": 201905,
            "gross_margin": 22.85,
            "gross_margin_4q_avg": 24.27,
            "net_income": 35370,
            "net_income_4q": null,
            "revenue": 883701,
            "revenue_4q": null,
            "common_shares": 653916,
            "book_valuer_per_share": 23.28,
            "book_valuer_per_share_4q_avg": 24.29,
            "equity": 1576611,
            "current_ratio": 157.18,
            "debt_ratio": 53.29,
            "inventory_turnover_ratio": 0.95,
            "account_receivable_turnover_ratio": 1.24,
            "reinvestment_rate": 39.9,
            "research_to_sale_ratio": 5.46,
            "price_fair": 103.08,
            "eps_avg_yearly": 2.95,
            "eps_latest_yearly": 2.08,
            "eps_growth_yearly": 32.69
        },
        "20173": {
            "year_quarter": 20173,
            "year": 2017,
            "quarter": 3,
            "eps": 0.77,
            "eps_growth_year": -17.2,
            "eps_4q": 2.5,
            "eps_4q_growth_year": -13.98,
            "roe": 3.04,
            "roe_4q": 10.530000000000001,
            "gross_profit": 215599,
            "gross_margin": 21.43,
            "gross_margin_4q_avg": 23.41,
            "net_income": 50179,
            "net_income_4q": null,
            "revenue": 1006277,
            "revenue_4q": null,
            "common_shares": 660455,
            "book_valuer_per_share": 24.17,
            "book_valuer_per_share_4q_avg": 24.29,
            "equity": 1728654,
            "current_ratio": 178.03,
            "debt_ratio": 49.9,
            "inventory_turnover_ratio": 1.1,
            "account_receivable_turnover_ratio": 1.39,
            "reinvestment_rate": 27.17,
            "research_to_sale_ratio": 5.14,
            "price_fair": 103.78,
            "eps_avg_yearly": 2.97,
            "eps_latest_yearly": 3.08,
            "eps_growth_yearly": 36.54
        },
        "20174": {
            "year_quarter": 20174,
            "year": 2017,
            "quarter": 4,
            "eps": 0.63,
            "eps_growth_year": -11.72,
            "eps_4q": 2.44,
            "eps_4q_growth_year": -9.87,
            "roe": 2.52,
            "roe_4q": 10.2,
            "gross_profit": 212529,
            "gross_margin": 22.09,
            "gross_margin_4q_avg": 22.62,
            "net_income": 44193,
            "net_income_4q": null,
            "revenue": 962080,
            "revenue_4q": null,
            "common_shares": 697365,
            "book_valuer_per_share": 24.67,
            "book_valuer_per_share_4q_avg": 24.17,
            "equity": 1772968,
            "current_ratio": 173.16,
            "debt_ratio": 51.14,
            "inventory_turnover_ratio": 0.98,
            "account_receivable_turnover_ratio": 1.31,
            "reinvestment_rate": 23.23,
            "research_to_sale_ratio": 5.71,
            "price_fair": 105.96,
            "eps_avg_yearly": 3.03,
            "eps_latest_yearly": 2.52,
            "eps_growth_yearly": 43.22
        },
        "20181": {
            "year_quarter": 20181,
            "year": 2018,
            "quarter": 1,
            "eps": 0.55,
            "eps_growth_year": -12.7,
            "eps_4q": 2.39,
            "eps_4q_growth_year": -12.31,
            "roe": 2.03,
            "roe_4q": 9.77,
            "gross_profit": 190122,
            "gross_margin": 19.52,
            "gross_margin_4q_avg": 21.47,
            "net_income": 36313,
            "net_income_4q": null,
            "revenue": 974109,
            "revenue_4q": null,
            "common_shares": 697365,
            "book_valuer_per_share": 25.1,
            "book_valuer_per_share_4q_avg": 24.31,
            "equity": 1800114,
            "current_ratio": 182.49,
            "debt_ratio": 47.56,
            "inventory_turnover_ratio": 0.9,
            "account_receivable_turnover_ratio": 1.43,
            "reinvestment_rate": 31.79,
            "research_to_sale_ratio": 5.72,
            "price_fair": 106.14,
            "eps_avg_yearly": 3.03,
            "eps_latest_yearly": 2.2,
            "eps_growth_yearly": 30.18
        },
        "20182": {
            "year_quarter": 20182,
            "year": 2018,
            "quarter": 2,
            "eps": 0.44,
            "eps_growth_year": -15.38,
            "eps_4q": 2.35,
            "eps_4q_growth_year": -14.88,
            "roe": 1.7,
            "roe_4q": 9.29,
            "gross_profit": 225934,
            "gross_margin": 21.51,
            "gross_margin_4q_avg": 21.14,
            "net_income": 30008,
            "net_income_4q": null,
            "revenue": 1050412,
            "revenue_4q": null,
            "common_shares": 697365,
            "book_valuer_per_share": 24.14,
            "book_valuer_per_share_4q_avg": 24.52,
            "equity": 1734179,
            "current_ratio": 166.89,
            "debt_ratio": 52.13,
            "inventory_turnover_ratio": 0.91,
            "account_receivable_turnover_ratio": 1.51,
            "reinvestment_rate": 35.51,
            "research_to_sale_ratio": 5.22,
            "price_fair": 80.6,
            "eps_avg_yearly": 2.97,
            "eps_latest_yearly": 1.76,
            "eps_growth_yearly": 17.16
        },
        "20183": {
            "year_quarter": 20183,
            "year": 2018,
            "quarter": 3,
            "eps": 0.44,
            "eps_growth_year": -42.86,
            "eps_4q": 2.06,
            "eps_4q_growth_year": -17.56,
            "roe": 1.72,
            "roe_4q": 7.969999999999999,
            "gross_profit": 217186,
            "gross_margin": 22.26,
            "gross_margin_4q_avg": 21.35,
            "net_income": 29868,
            "net_income_4q": null,
            "revenue": 975690,
            "revenue_4q": null,
            "common_shares": 697365,
            "book_valuer_per_share": 24.31,
            "book_valuer_per_share_4q_avg": 24.56,
            "equity": 1744775,
            "current_ratio": 178.66,
            "debt_ratio": 48.63,
            "inventory_turnover_ratio": 0.88,
            "account_receivable_turnover_ratio": 1.41,
            "reinvestment_rate": 37.82,
            "research_to_sale_ratio": 5.81,
            "price_fair": 8.3,
            "eps_avg_yearly": 2.77,
            "eps_latest_yearly": 1.76,
            "eps_growth_yearly": -2.48
        },
        "20184": {
            "year_quarter": 20184,
            "year": 2018,
            "quarter": 4,
            "eps": 0.36,
            "eps_growth_year": -43.31,
            "eps_4q": 1.78,
            "eps_4q_growth_year": -26.91,
            "roe": 1.55,
            "roe_4q": 7,
            "gross_profit": 200209,
            "gross_margin": 21.21,
            "gross_margin_4q_avg": 21.13,
            "net_income": 27379,
            "net_income_4q": null,
            "revenue": 943743,
            "revenue_4q": null,
            "common_shares": 697365,
            "book_valuer_per_share": 24.79,
            "book_valuer_per_share_4q_avg": 24.59,
            "equity": 1780912,
            "current_ratio": 168.03,
            "debt_ratio": 51.47,
            "inventory_turnover_ratio": 0.84,
            "account_receivable_turnover_ratio": 1.44,
            "reinvestment_rate": 40.43,
            "research_to_sale_ratio": 6.17,
            "price_fair": 7.61,
            "eps_avg_yearly": 2.54,
            "eps_latest_yearly": 1.44,
            "eps_growth_yearly": -7.43
        },
        "20191": {
            "year_quarter": 20191,
            "year": 2019,
            "quarter": 1,
            "eps": 0.33,
            "eps_growth_year": -40,
            "eps_4q": 1.57,
            "eps_4q_growth_year": -34.59,
            "roe": 1.15,
            "roe_4q": 6.12,
            "gross_profit": 197153,
            "gross_margin": 19.82,
            "gross_margin_4q_avg": 21.2,
            "net_income": 20678,
            "net_income_4q": null,
            "revenue": 994524,
            "revenue_4q": null,
            "common_shares": 697365,
            "book_valuer_per_share": 25.35,
            "book_valuer_per_share_4q_avg": 24.65,
            "equity": 1818161,
            "current_ratio": 167.88,
            "debt_ratio": 52.38,
            "inventory_turnover_ratio": 0.87,
            "account_receivable_turnover_ratio": 1.46,
            "reinvestment_rate": 44.98,
            "research_to_sale_ratio": 6.34,
            "price_fair": 7.2,
            "eps_avg_yearly": 2.4,
            "eps_latest_yearly": 1.32,
            "eps_growth_yearly": -1.83
        },
        "20192": {
            "year_quarter": 20192,
            "year": 2019,
            "quarter": 2,
            "eps": 0.5,
            "eps_growth_year": 13.64,
            "eps_4q": 1.63,
            "eps_4q_growth_year": -30.51,
            "roe": 1.93,
            "roe_4q": 6.35,
            "gross_profit": 218711,
            "gross_margin": 20.47,
            "gross_margin_4q_avg": 20.94,
            "net_income": 34446,
            "net_income_4q": null,
            "revenue": 1068397,
            "revenue_4q": null,
            "common_shares": 697365,
            "book_valuer_per_share": 24.54,
            "book_valuer_per_share_4q_avg": 24.75,
            "equity": 1759946,
            "current_ratio": 166.47,
            "debt_ratio": 52.36,
            "inventory_turnover_ratio": 0.95,
            "account_receivable_turnover_ratio": 1.42,
            "reinvestment_rate": 40.85,
            "research_to_sale_ratio": 5.62,
            "price_fair": 76.42,
            "eps_avg_yearly": 2.4,
            "eps_latest_yearly": 2,
            "eps_growth_yearly": 21.84
        },
        "20193": {
            "year_quarter": 20193,
            "year": 2019,
            "quarter": 3,
            "eps": 0.78,
            "eps_growth_year": 77.27,
            "eps_4q": 1.97,
            "eps_4q_growth_year": -4.34,
            "roe": 3,
            "roe_4q": 7.63,
            "gross_profit": 244375,
            "gross_margin": 22.9,
            "gross_margin_4q_avg": 21.1,
            "net_income": 53263,
            "net_income_4q": null,
            "revenue": 1067165,
            "revenue_4q": null,
            "common_shares": 697365,
            "book_valuer_per_share": 25.04,
            "book_valuer_per_share_4q_avg": 24.93,
            "equity": 1790095,
            "current_ratio": 177.95,
            "debt_ratio": 49.55,
            "inventory_turnover_ratio": 0.94,
            "account_receivable_turnover_ratio": 1.41,
            "reinvestment_rate": 38.76,
            "research_to_sale_ratio": 5.94,
            "price_fair": 76.42,
            "eps_avg_yearly": 2.4,
            "eps_latest_yearly": 3.12,
            "eps_growth_yearly": 21.84
        },
        "20194": {
            "year_quarter": 20194,
            "year": 2019,
            "quarter": 4,
            "eps": 0.59,
            "eps_growth_year": 66.16,
            "eps_4q": 2.21,
            "eps_4q_growth_year": 23.58,
            "roe": 2.31,
            "roe_4q": 8.39,
            "gross_profit": 243563,
            "gross_margin": 21.83,
            "gross_margin_4q_avg": 21.26,
            "net_income": 41419,
            "net_income_4q": null,
            "revenue": 1115882,
            "revenue_4q": null,
            "common_shares": 697365,
            "book_valuer_per_share": 25.04,
            "book_valuer_per_share_4q_avg": 24.99,
            "equity": 1789093,
            "current_ratio": 172.03,
            "debt_ratio": 51.65,
            "inventory_turnover_ratio": 1.02,
            "account_receivable_turnover_ratio": 1.51,
            "reinvestment_rate": 36.8,
            "research_to_sale_ratio": 5.29,
            "price_fair": 49.28,
            "eps_avg_yearly": 2.32,
            "eps_latest_yearly": 2.36,
            "eps_growth_yearly": 11.26
        },
        "20201": {
            "year_quarter": 20201,
            "year": 2020,
            "quarter": 1,
            "eps": 0.16,
            "eps_growth_year": -51.52,
            "eps_4q": 2.04,
            "eps_4q_growth_year": 30.24,
            "roe": 0.57,
            "roe_4q": 7.81,
            "gross_profit": 161893,
            "gross_margin": 18.84,
            "gross_margin_4q_avg": 21.01,
            "net_income": 10142,
            "net_income_4q": null,
            "revenue": 859345,
            "revenue_4q": null,
            "common_shares": 697365,
            "book_valuer_per_share": 25.22,
            "book_valuer_per_share_4q_avg": 24.96,
            "equity": 1800338,
            "current_ratio": 185.62,
            "debt_ratio": 48.38,
            "inventory_turnover_ratio": 0.85,
            "account_receivable_turnover_ratio": 1.3,
            "reinvestment_rate": 38.07,
            "research_to_sale_ratio": 5.97,
            "price_fair": 24.66,
            "eps_avg_yearly": 2.2,
            "eps_latest_yearly": 0.64,
            "eps_growth_yearly": 1.2
        },
        "20202": {
            "year_quarter": 20202,
            "year": 2020,
            "quarter": 2,
            "eps": 1.2,
            "eps_growth_year": 140,
            "eps_4q": 2.73,
            "eps_4q_growth_year": 67.52,
            "roe": 4.71,
            "roe_4q": 10.59,
            "gross_profit": 250393,
            "gross_margin": 24.42,
            "gross_margin_4q_avg": 22,
            "net_income": 83744,
            "net_income_4q": null,
            "revenue": 1025304,
            "revenue_4q": null,
            "common_shares": 697365,
            "book_valuer_per_share": 24.59,
            "book_valuer_per_share_4q_avg": 24.97,
            "equity": 1756268,
            "current_ratio": 173.71,
            "debt_ratio": 51.19,
            "inventory_turnover_ratio": 0.97,
            "account_receivable_turnover_ratio": 1.67,
            "reinvestment_rate": 33.1,
            "research_to_sale_ratio": 5.33,
            "price_fair": 83.56,
            "eps_avg_yearly": 2.39,
            "eps_latest_yearly": 4.8,
            "eps_growth_yearly": 170.15
        },
        "20203": {
            "year_quarter": 20203,
            "year": 2020,
            "quarter": 3,
            "eps": 1.73,
            "eps_growth_year": 121.79,
            "eps_4q": 3.69,
            "eps_4q_growth_year": 87.22,
            "roe": 6.63,
            "roe_4q": 14.22,
            "gross_profit": 337000,
            "gross_margin": 27.39,
            "gross_margin_4q_avg": 23.12,
            "net_income": 120325,
            "net_income_4q": null,
            "revenue": 1230477,
            "revenue_4q": null,
            "common_shares": 697365,
            "book_valuer_per_share": 26.29,
            "book_valuer_per_share_4q_avg": 25.29,
            "equity": 1873499,
            "current_ratio": 167.83,
            "debt_ratio": 53.19,
            "inventory_turnover_ratio": 1.02,
            "account_receivable_turnover_ratio": 1.6,
            "reinvestment_rate": 10.18,
            "research_to_sale_ratio": 5.25,
            "price_fair": 90.56,
            "eps_avg_yearly": 2.59,
            "eps_latest_yearly": 6.92,
            "eps_growth_yearly": 155.65
        },
        "20204": {
            "year_quarter": 20204,
            "year": 2020,
            "quarter": 4,
            "eps": 2.11,
            "eps_growth_year": 254.29,
            "eps_4q": 5.2,
            "eps_4q_growth_year": 135.69,
            "roe": 7.63,
            "roe_4q": 19.54,
            "gross_profit": 414024,
            "gross_margin": 26.84,
            "gross_margin_4q_avg": 24.37,
            "net_income": 148410,
            "net_income_4q": null,
            "revenue": 1542611,
            "revenue_4q": null,
            "common_shares": 697365,
            "book_valuer_per_share": 28.3,
            "book_valuer_per_share_4q_avg": 26.1,
            "equity": 2014798,
            "current_ratio": 163.51,
            "debt_ratio": 54.98,
            "inventory_turnover_ratio": 1.05,
            "account_receivable_turnover_ratio": 1.59,
            "reinvestment_rate": 8.68,
            "research_to_sale_ratio": 4.16,
            "price_fair": 102.73,
            "eps_avg_yearly": 2.94,
            "eps_latest_yearly": 8.44,
            "eps_growth_yearly": 166.78
        },
        "20211": {
            "year_quarter": 20211,
            "year": 2021,
            "quarter": 1,
            "eps": 2.21,
            "eps_growth_year": 1281.25,
            "eps_4q": 7.24,
            "eps_4q_growth_year": 255.1,
            "roe": 7.31,
            "roe_4q": 26.28,
            "gross_profit": 405625,
            "gross_margin": 24.77,
            "gross_margin_4q_avg": 25.86,
            "net_income": 153388,
            "net_income_4q": null,
            "revenue": 1637253,
            "revenue_4q": null,
            "common_shares": 697365,
            "book_valuer_per_share": 30.72,
            "book_valuer_per_share_4q_avg": 27.48,
            "equity": 2183158,
            "current_ratio": 182.18,
            "debt_ratio": 53.77,
            "inventory_turnover_ratio": 0.97,
            "account_receivable_turnover_ratio": 1.5,
            "reinvestment_rate": 6.45,
            "research_to_sale_ratio": 3.97,
            "price_fair": 116.55,
            "eps_avg_yearly": 3.33,
            "eps_latest_yearly": 8.84,
            "eps_growth_yearly": 171.09
        },
        "20212": {
            "year_quarter": 20212,
            "year": 2021,
            "quarter": 2,
            "eps": 2.27,
            "eps_growth_year": 89.17,
            "eps_4q": 8.31,
            "eps_4q_growth_year": 203.79,
            "roe": 7.04,
            "roe_4q": 28.61,
            "gross_profit": 436544,
            "gross_margin": 24.62,
            "gross_margin_4q_avg": 25.91,
            "net_income": 158007,
            "net_income_4q": null,
            "revenue": 1773311,
            "revenue_4q": null,
            "common_shares": 697365,
            "book_valuer_per_share": 32.53,
            "book_valuer_per_share_4q_avg": 29.46,
            "equity": 2308477,
            "current_ratio": 181.45,
            "debt_ratio": 54.13,
            "inventory_turnover_ratio": 0.93,
            "account_receivable_turnover_ratio": 1.5,
            "reinvestment_rate": 0.92,
            "research_to_sale_ratio": 3.81,
            "price_fair": 131.86,
            "eps_avg_yearly": 3.77,
            "eps_latest_yearly": 9.08,
            "eps_growth_yearly": 176.14
        },
        "20213": {
            "year_quarter": 20213,
            "year": 2021,
            "quarter": 3,
            "eps": 2.24,
            "eps_growth_year": 29.48,
            "eps_4q": 8.82,
            "eps_4q_growth_year": 139.29,
            "roe": 6.89,
            "roe_4q": 28.869999999999997,
            "gross_profit": 388637,
            "gross_margin": 21.51,
            "gross_margin_4q_avg": 24.44,
            "net_income": 156554,
            "net_income_4q": null,
            "revenue": 1806912,
            "revenue_4q": null,
            "common_shares": 697365,
            "book_valuer_per_share": 31.5,
            "book_valuer_per_share_4q_avg": 30.76,
            "equity": 2236814,
            "current_ratio": 164.38,
            "debt_ratio": 58.03,
            "inventory_turnover_ratio": 0.87,
            "account_receivable_turnover_ratio": 1.44,
            "reinvestment_rate": 0.15,
            "research_to_sale_ratio": 3.87,
            "price_fair": 144.73,
            "eps_avg_yearly": 4.14,
            "eps_latest_yearly": 8.96,
            "eps_growth_yearly": 163.79
        },
        "20214": {
            "year_quarter": 20214,
            "year": 2021,
            "quarter": 4,
            "eps": 1.44,
            "eps_growth_year": -31.44,
            "eps_4q": 8.16,
            "eps_4q_growth_year": 56.93,
            "roe": 4.31,
            "roe_4q": 25.549999999999997,
            "gross_profit": 300926,
            "gross_margin": 17.76,
            "gross_margin_4q_avg": 22.17,
            "net_income": 98554,
            "net_income_4q": null,
            "revenue": 1694533,
            "revenue_4q": null,
            "common_shares": 697365,
            "book_valuer_per_share": 32.92,
            "book_valuer_per_share_4q_avg": 31.92,
            "equity": 2333863,
            "current_ratio": 160.96,
            "debt_ratio": 58.96,
            "inventory_turnover_ratio": 0.75,
            "account_receivable_turnover_ratio": 1.39,
            "reinvestment_rate": 4.99,
            "research_to_sale_ratio": 3.96,
            "price_fair": 151.81,
            "eps_avg_yearly": 4.34,
            "eps_latest_yearly": 5.76,
            "eps_growth_yearly": 159.4
        },
        "20221": {
            "year_quarter": 20221,
            "year": 2022,
            "quarter": 1,
            "eps": 1.53,
            "eps_growth_year": -30.77,
            "eps_4q": 7.48,
            "eps_4q_growth_year": 3.24,
            "roe": 4.35,
            "roe_4q": 22.59,
            "gross_profit": 312006,
            "gross_margin": 18.55,
            "gross_margin_4q_avg": 20.61,
            "net_income": 105341,
            "net_income_4q": null,
            "revenue": 1681833,
            "revenue_4q": null,
            "common_shares": 697365,
            "book_valuer_per_share": 35.5,
            "book_valuer_per_share_4q_avg": 33.11,
            "equity": 2513418,
            "current_ratio": 179.22,
            "debt_ratio": 53.24,
            "inventory_turnover_ratio": 0.69,
            "account_receivable_turnover_ratio": 1.56,
            "reinvestment_rate": 2.17,
            "research_to_sale_ratio": 3.87,
            "price_fair": 160.39,
            "eps_avg_yearly": 4.58,
            "eps_latest_yearly": 6.12,
            "eps_growth_yearly": 164.14
        },
        "20222": {
            "year_quarter": 20222,
            "year": 2022,
            "quarter": 2,
            "eps": 1.3,
            "eps_growth_year": -42.73,
            "eps_4q": 6.51,
            "eps_4q_growth_year": -21.63,
            "roe": 3.64,
            "roe_4q": 19.19,
            "gross_profit": 362425,
            "gross_margin": 22.5,
            "gross_margin_4q_avg": 20.08,
            "net_income": 88748,
            "net_income_4q": null,
            "revenue": 1610954,
            "revenue_4q": null,
            "common_shares": 697365,
            "book_valuer_per_share": 33.36,
            "book_valuer_per_share_4q_avg": 33.32,
            "equity": 2363725,
            "current_ratio": 169.46,
            "debt_ratio": 54.93,
            "inventory_turnover_ratio": 0.67,
            "account_receivable_turnover_ratio": 1.55,
            "reinvestment_rate": 1.46,
            "research_to_sale_ratio": 4.04,
            "price_fair": 167.91,
            "eps_avg_yearly": 4.8,
            "eps_latest_yearly": 5.2,
            "eps_growth_yearly": 165.38
        },
        "20223": {
            "year_quarter": 20223,
            "year": 2022,
            "quarter": 3,
            "eps": 1.7,
            "eps_growth_year": -24.11,
            "eps_4q": 5.97,
            "eps_4q_growth_year": -32.27,
            "roe": 4.69,
            "roe_4q": 16.99,
            "gross_profit": 299194,
            "gross_margin": 19.24,
            "gross_margin_4q_avg": 19.51,
            "net_income": 116155,
            "net_income_4q": null,
            "revenue": 1555399,
            "revenue_4q": null,
            "common_shares": 697365,
            "book_valuer_per_share": 36.63,
            "book_valuer_per_share_4q_avg": 34.6,
            "equity": 2592332,
            "current_ratio": 190.3,
            "debt_ratio": 50.52,
            "inventory_turnover_ratio": 0.79,
            "account_receivable_turnover_ratio": 1.49,
            "reinvestment_rate": 17.04,
            "research_to_sale_ratio": 4.52,
            "price_fair": 178.94,
            "eps_avg_yearly": 5.11,
            "eps_latest_yearly": 6.8,
            "eps_growth_yearly": 173.07
        },
        "20224": {
            "year_quarter": 20224,
            "year": 2022,
            "quarter": 4,
            "eps": 0.54,
            "eps_growth_year": -62.79,
            "eps_4q": 5.07,
            "eps_4q_growth_year": -37.89,
            "roe": 1.38,
            "roe_4q": 14.06,
            "gross_profit": 200086,
            "gross_margin": 17.73,
            "gross_margin_4q_avg": 19.51,
            "net_income": 35697,
            "net_income_4q": null,
            "revenue": 1128440,
            "revenue_4q": null,
            "common_shares": 697365,
            "book_valuer_per_share": 36.25,
            "book_valuer_per_share_4q_avg": 35.44,
            "equity": 2562648,
            "current_ratio": 194.3,
            "debt_ratio": 49.23,
            "inventory_turnover_ratio": 0.72,
            "account_receivable_turnover_ratio": 1.33,
            "reinvestment_rate": 17.27,
            "research_to_sale_ratio": 5.85,
            "price_fair": 180.51,
            "eps_avg_yearly": 5.16,
            "eps_latest_yearly": 2.16,
            "eps_growth_yearly": 160.56
        },
        "20231": {
            "year_quarter": 20231,
            "year": 2023,
            "quarter": 1,
            "eps": -0.67,
            "eps_growth_year": -143.79,
            "eps_4q": 2.64,
            "eps_4q_growth_year": -64.68,
            "roe": -1.78,
            "roe_4q": 7.93,
            "gross_profit": 104679,
            "gross_margin": 12.7,
            "gross_margin_4q_avg": 18.04,
            "net_income": -47087,
            "net_income_4q": null,
            "revenue": 824403,
            "revenue_4q": null,
            "common_shares": 755365,
            "book_valuer_per_share": 35.62,
            "book_valuer_per_share_4q_avg": 35.47,
            "equity": 2725600,
            "current_ratio": 192.71,
            "debt_ratio": 42.77,
            "inventory_turnover_ratio": 0.7,
            "account_receivable_turnover_ratio": 1.33,
            "reinvestment_rate": 17.62,
            "research_to_sale_ratio": 6.36,
            "price_fair": 189.47,
            "eps_avg_yearly": 5.41,
            "eps_latest_yearly": 2.16,
            "eps_growth_yearly": 173.49
        },
        "20232": {
            "year_quarter": 20232,
            "year": 2023,
            "quarter": 2,
            "eps": 0.65,
            "eps_growth_year": -50,
            "eps_4q": 2.1,
            "eps_4q_growth_year": -67.82,
            "roe": 1.87,
            "roe_4q": 6.16,
            "gross_profit": 163063,
            "gross_margin": 18.54,
            "gross_margin_4q_avg": 17.05,
            "net_income": 50004,
            "net_income_4q": null,
            "revenue": 879500,
            "revenue_4q": null,
            "common_shares": 755365,
            "book_valuer_per_share": 34.3,
            "book_valuer_per_share_4q_avg": 35.7,
            "equity": 2627502,
            "current_ratio": 204.03,
            "debt_ratio": 46.76,
            "inventory_turnover_ratio": 0.87,
            "account_receivable_turnover_ratio": 1.4,
            "reinvestment_rate": 16.13,
            "research_to_sale_ratio": 5.78,
            "price_fair": 198,
            "eps_avg_yearly": 5.66,
            "eps_latest_yearly": 2.16,
            "eps_growth_yearly": 171.16
        },
        "20233": {
            "year_quarter": 20233,
            "year": 2023,
            "quarter": 3,
            "eps": 0.62,
            "eps_growth_year": -63.53,
            "eps_4q": 1.15,
            "eps_4q_growth_year": -80.77,
            "roe": 1.73,
            "roe_4q": 3.2,
            "gross_profit": 192662,
            "gross_margin": 22.16,
            "gross_margin_4q_avg": 17.78,
            "net_income": 46829,
            "net_income_4q": null,
            "revenue": 869453,
            "revenue_4q": null,
            "common_shares": 755365,
            "book_valuer_per_share": 36.24,
            "book_valuer_per_share_4q_avg": 35.6,
            "equity": 2775543,
            "current_ratio": 216.8,
            "debt_ratio": 45.11,
            "inventory_turnover_ratio": 0.97,
            "account_receivable_turnover_ratio": 1.23,
            "reinvestment_rate": 18.76,
            "research_to_sale_ratio": 5.78,
            "price_fair": 196.4,
            "eps_avg_yearly": 5.61,
            "eps_latest_yearly": 2.48,
            "eps_growth_yearly": 153.84
        }
    },
    "months": {
        "2006-06": {
            "month": "2006-06",
            "price": "49.60",
            "revenue": 74488
        },
        "2006-07": {
            "month": "2006-07",
            "price": "51.00",
            "revenue": 76436
        },
        "2006-08": {
            "month": "2006-08",
            "price": "46.85",
            "revenue": 87822
        },
        "2006-09": {
            "month": "2006-09",
            "price": "44.82",
            "revenue": 77263
        },
        "2006-10": {
            "month": "2006-10",
            "price": "42.18",
            "revenue": 84347
        },
        "2006-11": {
            "month": "2006-11",
            "price": "39.11",
            "revenue": 75673
        },
        "2006-12": {
            "month": "2006-12",
            "price": "40.60",
            "revenue": 79815
        },
        "2007-01": {
            "month": "2007-01",
            "price": "40.68",
            "revenue": 70442
        },
        "2007-02": {
            "month": "2007-02",
            "price": "40.60",
            "revenue": 53958
        },
        "2007-03": {
            "month": "2007-03",
            "price": "42.26",
            "revenue": 75212
        },
        "2007-04": {
            "month": "2007-04",
            "price": "43.79",
            "revenue": 74767
        },
        "2007-05": {
            "month": "2007-05",
            "price": "45.58",
            "revenue": 72392
        },
        "2007-06": {
            "month": "2007-06",
            "price": "67.87",
            "revenue": 86996
        },
        "2007-07": {
            "month": "2007-07",
            "price": "67.72",
            "revenue": 125633
        },
        "2007-08": {
            "month": "2007-08",
            "price": "70.62",
            "revenue": 106964
        },
        "2007-09": {
            "month": "2007-09",
            "price": "61.52",
            "revenue": 98359
        },
        "2007-10": {
            "month": "2007-10",
            "price": "53.19",
            "revenue": 105994
        },
        "2007-11": {
            "month": "2007-11",
            "price": "40.02",
            "revenue": 86566
        },
        "2007-12": {
            "month": "2007-12",
            "price": "38.20",
            "revenue": 67337
        },
        "2008-01": {
            "month": "2008-01",
            "price": "34.15",
            "revenue": 88873
        },
        "2008-02": {
            "month": "2008-02",
            "price": "30.37",
            "revenue": 62607
        },
        "2008-03": {
            "month": "2008-03",
            "price": "32.00",
            "revenue": 86622
        },
        "2008-04": {
            "month": "2008-04",
            "price": "35.56",
            "revenue": 105886
        },
        "2008-05": {
            "month": "2008-05",
            "price": "42.48",
            "revenue": 109655
        },
        "2008-06": {
            "month": "2008-06",
            "price": "40.70",
            "revenue": 104102
        },
        "2008-07": {
            "month": "2008-07",
            "price": "36.68",
            "revenue": 101968
        },
        "2008-08": {
            "month": "2008-08",
            "price": "37.05",
            "revenue": 104802
        },
        "2008-09": {
            "month": "2008-09",
            "price": "30.35",
            "revenue": 117225
        },
        "2008-10": {
            "month": "2008-10",
            "price": "23.97",
            "revenue": 181111
        },
        "2008-11": {
            "month": "2008-11",
            "price": "20.96",
            "revenue": 141012
        },
        "2008-12": {
            "month": "2008-12",
            "price": "19.82",
            "revenue": 109813
        },
        "2009-01": {
            "month": "2009-01",
            "price": "20.22",
            "revenue": 96734
        },
        "2009-02": {
            "month": "2009-02",
            "price": "20.20",
            "revenue": 148577
        },
        "2009-03": {
            "month": "2009-03",
            "price": "24.53",
            "revenue": 168525
        },
        "2009-04": {
            "month": "2009-04",
            "price": "28.58",
            "revenue": 178422
        },
        "2009-05": {
            "month": "2009-05",
            "price": "30.62",
            "revenue": 148616
        },
        "2009-06": {
            "month": "2009-06",
            "price": "28.10",
            "revenue": 171314
        },
        "2009-07": {
            "month": "2009-07",
            "price": "30.52",
            "revenue": 180402
        },
        "2009-08": {
            "month": "2009-08",
            "price": "33.10",
            "revenue": 197921
        },
        "2009-09": {
            "month": "2009-09",
            "price": "37.47",
            "revenue": 191532
        },
        "2009-10": {
            "month": "2009-10",
            "price": "40.84",
            "revenue": 180526
        },
        "2009-11": {
            "month": "2009-11",
            "price": "42.09",
            "revenue": 185951
        },
        "2009-12": {
            "month": "2009-12",
            "price": "48.24",
            "revenue": 185131
        },
        "2010-01": {
            "month": "2010-01",
            "price": "48.86",
            "revenue": 193523
        },
        "2010-02": {
            "month": "2010-02",
            "price": "41.38",
            "revenue": 150552
        },
        "2010-03": {
            "month": "2010-03",
            "price": "45.46",
            "revenue": 240244
        },
        "2010-04": {
            "month": "2010-04",
            "price": "48.69",
            "revenue": 251372
        },
        "2010-05": {
            "month": "2010-05",
            "price": "43.21",
            "revenue": 225227
        },
        "2010-06": {
            "month": "2010-06",
            "price": "41.53",
            "revenue": 224111
        },
        "2010-07": {
            "month": "2010-07",
            "price": "41.25",
            "revenue": 238258
        },
        "2010-08": {
            "month": "2010-08",
            "price": "42.50",
            "revenue": 250912
        },
        "2010-09": {
            "month": "2010-09",
            "price": "40.35",
            "revenue": 252336
        },
        "2010-10": {
            "month": "2010-10",
            "price": "39.75",
            "revenue": 235098
        },
        "2010-11": {
            "month": "2010-11",
            "price": "35.57",
            "revenue": 229979
        },
        "2010-12": {
            "month": "2010-12",
            "price": "36.41",
            "revenue": 233110
        },
        "2011-01": {
            "month": "2011-01",
            "price": "35.72",
            "revenue": 219602
        },
        "2011-02": {
            "month": "2011-02",
            "price": "34.49",
            "revenue": 155885
        },
        "2011-03": {
            "month": "2011-03",
            "price": "33.32",
            "revenue": 245826
        },
        "2011-04": {
            "month": "2011-04",
            "price": "32.78",
            "revenue": 224101
        },
        "2011-05": {
            "month": "2011-05",
            "price": "29.16",
            "revenue": 196565
        },
        "2011-06": {
            "month": "2011-06",
            "price": "26.40",
            "revenue": 213778
        },
        "2011-07": {
            "month": "2011-07",
            "price": "26.27",
            "revenue": 228848
        },
        "2011-08": {
            "month": "2011-08",
            "price": "22.58",
            "revenue": 250689
        },
        "2011-09": {
            "month": "2011-09",
            "price": "20.40",
            "revenue": 233238
        },
        "2011-10": {
            "month": "2011-10",
            "price": "18.62",
            "revenue": 212876
        },
        "2011-11": {
            "month": "2011-11",
            "price": "18.26",
            "revenue": 243237
        },
        "2011-12": {
            "month": "2011-12",
            "price": "17.98",
            "revenue": 238784
        },
        "2012-01": {
            "month": "2012-01",
            "price": "18.93",
            "revenue": 179608
        },
        "2012-02": {
            "month": "2012-02",
            "price": "25.06",
            "revenue": 198672
        },
        "2012-03": {
            "month": "2012-03",
            "price": "27.55",
            "revenue": 242812
        },
        "2012-04": {
            "month": "2012-04",
            "price": "25.21",
            "revenue": 225541
        },
        "2012-05": {
            "month": "2012-05",
            "price": "22.89",
            "revenue": 223860
        },
        "2012-06": {
            "month": "2012-06",
            "price": "22.00",
            "revenue": 202188
        },
        "2012-07": {
            "month": "2012-07",
            "price": "21.63",
            "revenue": 203317
        },
        "2012-08": {
            "month": "2012-08",
            "price": "19.56",
            "revenue": 217867
        },
        "2012-09": {
            "month": "2012-09",
            "price": "19.28",
            "revenue": 191623
        },
        "2012-10": {
            "month": "2012-10",
            "price": "17.94",
            "revenue": 194253
        },
        "2012-11": {
            "month": "2012-11",
            "price": "15.69",
            "revenue": 183592
        },
        "2012-12": {
            "month": "2012-12",
            "price": "16.38",
            "revenue": 160217
        },
        "2013-01": {
            "month": "2013-01",
            "price": "16.33",
            "revenue": 185890
        },
        "2013-02": {
            "month": "2013-02",
            "price": "15.90",
            "revenue": 131900
        },
        "2013-03": {
            "month": "2013-03",
            "price": "16.03",
            "revenue": 181805
        },
        "2013-04": {
            "month": "2013-04",
            "price": "16.17",
            "revenue": 190399
        },
        "2013-05": {
            "month": "2013-05",
            "price": "16.51",
            "revenue": 210556
        },
        "2013-06": {
            "month": "2013-06",
            "price": "16.08",
            "revenue": 206074
        },
        "2013-07": {
            "month": "2013-07",
            "price": "16.40",
            "revenue": 218102
        },
        "2013-08": {
            "month": "2013-08",
            "price": "17.14",
            "revenue": 232600
        },
        "2013-09": {
            "month": "2013-09",
            "price": "20.49",
            "revenue": 212456
        },
        "2013-10": {
            "month": "2013-10",
            "price": "19.14",
            "revenue": 208401
        },
        "2013-11": {
            "month": "2013-11",
            "price": "22.96",
            "revenue": 227533
        },
        "2013-12": {
            "month": "2013-12",
            "price": "27.46",
            "revenue": 233009
        },
        "2014-01": {
            "month": "2014-01",
            "price": "27.53",
            "revenue": 212244
        },
        "2014-02": {
            "month": "2014-02",
            "price": "28.38",
            "revenue": 208406
        },
        "2014-03": {
            "month": "2014-03",
            "price": "30.02",
            "revenue": 235755
        },
        "2014-04": {
            "month": "2014-04",
            "price": "30.79",
            "revenue": 257498
        },
        "2014-05": {
            "month": "2014-05",
            "price": "30.41",
            "revenue": 247192
        },
        "2014-06": {
            "month": "2014-06",
            "price": "31.70",
            "revenue": 287424
        },
        "2014-07": {
            "month": "2014-07",
            "price": "39.17",
            "revenue": 315910
        },
        "2014-08": {
            "month": "2014-08",
            "price": "40.86",
            "revenue": 287916
        },
        "2014-09": {
            "month": "2014-09",
            "price": "38.52",
            "revenue": 287283
        },
        "2014-10": {
            "month": "2014-10",
            "price": "36.45",
            "revenue": 287765
        },
        "2014-11": {
            "month": "2014-11",
            "price": "38.74",
            "revenue": 272775
        },
        "2014-12": {
            "month": "2014-12",
            "price": "43.09",
            "revenue": 285189
        },
        "2015-01": {
            "month": "2015-01",
            "price": "44.52",
            "revenue": 301661
        },
        "2015-02": {
            "month": "2015-02",
            "price": "45.62",
            "revenue": 206486
        },
        "2015-03": {
            "month": "2015-03",
            "price": "62.93",
            "revenue": 311949
        },
        "2015-04": {
            "month": "2015-04",
            "price": "73.04",
            "revenue": 282131
        },
        "2015-05": {
            "month": "2015-05",
            "price": "64.36",
            "revenue": 280367
        },
        "2015-06": {
            "month": "2015-06",
            "price": "51.40",
            "revenue": 247704
        },
        "2015-07": {
            "month": "2015-07",
            "price": "44.16",
            "revenue": 261677
        },
        "2015-08": {
            "month": "2015-08",
            "price": "30.01",
            "revenue": 252541
        },
        "2015-09": {
            "month": "2015-09",
            "price": "31.88",
            "revenue": 280309
        },
        "2015-10": {
            "month": "2015-10",
            "price": "38.66",
            "revenue": 279745
        },
        "2015-11": {
            "month": "2015-11",
            "price": "35.57",
            "revenue": 270852
        },
        "2015-12": {
            "month": "2015-12",
            "price": "31.95",
            "revenue": 298231
        },
        "2016-01": {
            "month": "2016-01",
            "price": "34.75",
            "revenue": 293734
        },
        "2016-02": {
            "month": "2016-02",
            "price": "44.79",
            "revenue": 177842
        },
        "2016-03": {
            "month": "2016-03",
            "price": "47.75",
            "revenue": 283568
        },
        "2016-04": {
            "month": "2016-04",
            "price": "40.99",
            "revenue": 282922
        },
        "2016-05": {
            "month": "2016-05",
            "price": "37.82",
            "revenue": 274696
        },
        "2016-06": {
            "month": "2016-06",
            "price": "38.98",
            "revenue": 295085
        },
        "2016-07": {
            "month": "2016-07",
            "price": "42.33",
            "revenue": 317988
        },
        "2016-08": {
            "month": "2016-08",
            "price": "44.55",
            "revenue": 326581
        },
        "2016-09": {
            "month": "2016-09",
            "price": "44.79",
            "revenue": 296738
        },
        "2016-10": {
            "month": "2016-10",
            "price": "43.45",
            "revenue": 287983
        },
        "2016-11": {
            "month": "2016-11",
            "price": "38.68",
            "revenue": 301267
        },
        "2016-12": {
            "month": "2016-12",
            "price": "39.81",
            "revenue": 309891
        },
        "2017-01": {
            "month": "2017-01",
            "price": "39.08",
            "revenue": 261425
        },
        "2017-02": {
            "month": "2017-02",
            "price": "40.56",
            "revenue": 277213
        },
        "2017-03": {
            "month": "2017-03",
            "price": "41.17",
            "revenue": 370641
        },
        "2017-04": {
            "month": "2017-04",
            "price": "41.55",
            "revenue": 294822
        },
        "2017-05": {
            "month": "2017-05",
            "price": "41.07",
            "revenue": 298143
        },
        "2017-06": {
            "month": "2017-06",
            "price": "40.71",
            "revenue": 289333
        },
        "2017-07": {
            "month": "2017-07",
            "price": "39.92",
            "revenue": 327980
        },
        "2017-08": {
            "month": "2017-08",
            "price": "38.95",
            "revenue": 343030
        },
        "2017-09": {
            "month": "2017-09",
            "price": "40.98",
            "revenue": 334079
        },
        "2017-10": {
            "month": "2017-10",
            "price": "41.18",
            "revenue": 287731
        },
        "2017-11": {
            "month": "2017-11",
            "price": "39.12",
            "revenue": 345419
        },
        "2017-12": {
            "month": "2017-12",
            "price": "39.88",
            "revenue": 329019
        },
        "2018-01": {
            "month": "2018-01",
            "price": "40.90",
            "revenue": 352088
        },
        "2018-02": {
            "month": "2018-02",
            "price": "38.83",
            "revenue": 249383
        },
        "2018-03": {
            "month": "2018-03",
            "price": "38.37",
            "revenue": 371633
        },
        "2018-04": {
            "month": "2018-04",
            "price": "38.09",
            "revenue": 338943
        },
        "2018-05": {
            "month": "2018-05",
            "price": "36.87",
            "revenue": 357234
        },
        "2018-06": {
            "month": "2018-06",
            "price": "36.70",
            "revenue": 354918
        },
        "2018-07": {
            "month": "2018-07",
            "price": "36.80",
            "revenue": 332134
        },
        "2018-08": {
            "month": "2018-08",
            "price": "35.57",
            "revenue": 331115
        },
        "2018-09": {
            "month": "2018-09",
            "price": "31.56",
            "revenue": 313214
        },
        "2018-10": {
            "month": "2018-10",
            "price": "26.23",
            "revenue": 311375
        },
        "2018-11": {
            "month": "2018-11",
            "price": "25.10",
            "revenue": 314812
        },
        "2018-12": {
            "month": "2018-12",
            "price": "25.57",
            "revenue": 317271
        },
        "2019-01": {
            "month": "2019-01",
            "price": "25.94",
            "revenue": 321653
        },
        "2019-02": {
            "month": "2019-02",
            "price": "27.13",
            "revenue": 293373
        },
        "2019-03": {
            "month": "2019-03",
            "price": "27.82",
            "revenue": 379040
        },
        "2019-04": {
            "month": "2019-04",
            "price": "28.10",
            "revenue": 362106
        },
        "2019-05": {
            "month": "2019-05",
            "price": "26.68",
            "revenue": 367047
        },
        "2019-06": {
            "month": "2019-06",
            "price": "25.83",
            "revenue": 339732
        },
        "2019-07": {
            "month": "2019-07",
            "price": "26.67",
            "revenue": 350579
        },
        "2019-08": {
            "month": "2019-08",
            "price": "26.66",
            "revenue": 335683
        },
        "2019-09": {
            "month": "2019-09",
            "price": "26.34",
            "revenue": 381462
        },
        "2019-10": {
            "month": "2019-10",
            "price": "27.88",
            "revenue": 378624
        },
        "2019-11": {
            "month": "2019-11",
            "price": "29.91",
            "revenue": 379424
        },
        "2019-12": {
            "month": "2019-12",
            "price": "30.39",
            "revenue": 357637
        },
        "2020-01": {
            "month": "2020-01",
            "price": "30.80",
            "revenue": 313500
        },
        "2020-02": {
            "month": "2020-02",
            "price": "27.91",
            "revenue": 283600
        },
        "2020-03": {
            "month": "2020-03",
            "price": "23.45",
            "revenue": 262290
        },
        "2020-04": {
            "month": "2020-04",
            "price": "23.48",
            "revenue": 353059
        },
        "2020-05": {
            "month": "2020-05",
            "price": "24.65",
            "revenue": 354538
        },
        "2020-06": {
            "month": "2020-06",
            "price": "25.30",
            "revenue": 317413
        },
        "2020-07": {
            "month": "2020-07",
            "price": "27.00",
            "revenue": 385468
        },
        "2020-08": {
            "month": "2020-08",
            "price": "33.41",
            "revenue": 404165
        },
        "2020-09": {
            "month": "2020-09",
            "price": "36.01",
            "revenue": 441568
        },
        "2020-10": {
            "month": "2020-10",
            "price": "37.37",
            "revenue": 464490
        },
        "2020-11": {
            "month": "2020-11",
            "price": "46.50",
            "revenue": 526148
        },
        "2020-12": {
            "month": "2020-12",
            "price": "57.87",
            "revenue": 553837
        },
        "2021-01": {
            "month": "2021-01",
            "price": "66.25",
            "revenue": 582104
        },
        "2021-02": {
            "month": "2021-02",
            "price": "72.51",
            "revenue": 472095
        },
        "2021-03": {
            "month": "2021-03",
            "price": "79.36",
            "revenue": 583083
        },
        "2021-04": {
            "month": "2021-04",
            "price": "79.86",
            "revenue": 549819
        },
        "2021-05": {
            "month": "2021-05",
            "price": "67.66",
            "revenue": 606315
        },
        "2021-06": {
            "month": "2021-06",
            "price": "73.72",
            "revenue": 617194
        },
        "2021-07": {
            "month": "2021-07",
            "price": "78.58",
            "revenue": 614425
        },
        "2021-08": {
            "month": "2021-08",
            "price": "75.38",
            "revenue": 601246
        },
        "2021-09": {
            "month": "2021-09",
            "price": "72.36",
            "revenue": 608599
        },
        "2021-10": {
            "month": "2021-10",
            "price": "64.84",
            "revenue": 556143
        },
        "2021-11": {
            "month": "2021-11",
            "price": "71.64",
            "revenue": 564183
        },
        "2021-12": {
            "month": "2021-12",
            "price": "82.78",
            "revenue": 574151
        },
        "2022-01": {
            "month": "2022-01",
            "price": "84.64",
            "revenue": 596534
        },
        "2022-02": {
            "month": "2022-02",
            "price": "83.77",
            "revenue": 485589
        },
        "2022-03": {
            "month": "2022-03",
            "price": "75.23",
            "revenue": 599709
        },
        "2022-04": {
            "month": "2022-04",
            "price": "68.18",
            "revenue": 506180
        },
        "2022-05": {
            "month": "2022-05",
            "price": "62.27",
            "revenue": 557503
        },
        "2022-06": {
            "month": "2022-06",
            "price": "59.18",
            "revenue": 549007
        },
        "2022-07": {
            "month": "2022-07",
            "price": "52.44",
            "revenue": 566851
        },
        "2022-08": {
            "month": "2022-08",
            "price": "60.69",
            "revenue": 512972
        },
        "2022-09": {
            "month": "2022-09",
            "price": "53.21",
            "revenue": 473927
        },
        "2022-10": {
            "month": "2022-10",
            "price": "42.58",
            "revenue": 387929
        },
        "2022-11": {
            "month": "2022-11",
            "price": "44.33",
            "revenue": 390045
        },
        "2022-12": {
            "month": "2022-12",
            "price": "44.92",
            "revenue": 349003
        },
        "2023-01": {
            "month": "2023-01",
            "price": "43.90",
            "revenue": 261322
        },
        "2023-02": {
            "month": "2023-02",
            "price": "46.82",
            "revenue": 263091
        },
        "2023-03": {
            "month": "2023-03",
            "price": "44.52",
            "revenue": 299814
        },
        "2023-04": {
            "month": "2023-04",
            "price": "46.25",
            "revenue": 301261
        },
        "2023-05": {
            "month": "2023-05",
            "price": "45.51",
            "revenue": 293236
        },
        "2023-06": {
            "month": "2023-06",
            "price": "44.54",
            "revenue": 285345
        },
        "2023-07": {
            "month": "2023-07",
            "price": "42.42",
            "revenue": 290406
        },
        "2023-08": {
            "month": "2023-08",
            "price": "41.42",
            "revenue": 293994
        },
        "2023-09": {
            "month": "2023-09",
            "price": "41.57",
            "revenue": 285108
        },
        "2023-10": {
            "month": "2023-10",
            "price": "42.25",
            "revenue": 264891
        },
        "2023-11": {
            "month": "2023-11",
            "price": "43.62",
            "revenue": 278341
        },
        "2023-12": {
            "month": "2023-12",
            "price": "46.81",
            "revenue": 297037
        }
    }
}
