{
    "summary": {
        "stock_name": "森寶",
        "stock_id": "3489",
        "category": "建材營造",
        "main_business": "住宅及大樓開發租售<br>綜合營建",
        "website_url": "http://www.sunbrothers.com.tw",
        "ceo": "簡文潔",
        "pe_ratio": 100,
        "report_year_from": 2005,
        "report_year_to": 2023,
        "age": 19,
        "eps_negative_percentage": 28,
        "eps_growth_avg": {
            "last_all": -39.55,
            "last_2y": -10.61,
            "last_4y": -14.36,
            "last_8y": -38.83,
            "last_12y": -40.67,
            "last_16y": -39.55,
            "last_20y": null,
            "at_2006_last_3y": null,
            "at_2007_last_3y": null,
            "at_2008_last_3y": null,
            "at_2009_last_3y": null,
            "at_2010_last_3y": -37.3,
            "at_2011_last_3y": -74.89,
            "at_2012_last_3y": -82.06,
            "at_2013_last_3y": -100,
            "at_2014_last_3y": -53.57,
            "at_2015_last_3y": -76.79,
            "at_2016_last_3y": -76.79,
            "at_2017_last_3y": -84.52,
            "at_2018_last_3y": -100,
            "at_2019_last_3y": -49.07,
            "at_2020_last_3y": -46.66,
            "at_2021_last_3y": 11.68,
            "at_2022_last_3y": -3.3,
            "at_2023_last_3y": -18.41,
            "at_2024_last_3y": -18.41,
            "at_2006_last_all": null,
            "at_2007_last_all": null,
            "at_2008_last_all": 7.47,
            "at_2009_last_all": -16.39,
            "at_2010_last_all": -37.3,
            "at_2011_last_all": -37.3,
            "at_2012_last_all": -37.3,
            "at_2013_last_all": -37.3,
            "at_2014_last_all": -40.55,
            "at_2015_last_all": -50.46,
            "at_2016_last_all": -50.46,
            "at_2017_last_all": -57.54,
            "at_2018_last_all": -57.54,
            "at_2019_last_all": -50.11,
            "at_2020_last_all": -49.19,
            "at_2021_last_all": -36.77,
            "at_2022_last_all": -37.81,
            "at_2023_last_all": -39.55,
            "at_2024_last_all": -39.55
        },
        "latest_eps": 0.11,
        "latest_price": 25.8,
        "latest_roe": 0.73,
        "latest_gross_margin": 9.11,
        "latest_equity": 1375119,
        "latest_revenue": 235593,
        "latest_gross_profit": 21462,
        "latest_net_income": 786,
        "latest_debt_ratio": 70.73,
        "latest_current_ratio": 149.45,
        "latest_account_receivable_turnover_ratio": 6.89,
        "latest_inventory_turnover_ratio": 0.06,
        "latest_reinvestment_rate": 0.06,
        "latest_research_to_sale_ratio": null
    },
    "eps_dividends": {
        "2001": {
            "cash": 0,
            "stock": 0,
            "eps": 0
        },
        "2002": {
            "cash": 0,
            "stock": 0,
            "eps": 0
        },
        "2003": {
            "cash": 0,
            "stock": 0,
            "eps": 0
        },
        "2004": {
            "cash": 0,
            "stock": 0,
            "eps": 0
        },
        "2005": {
            "cash": 1.5,
            "stock": 1,
            "eps": 0
        },
        "2006": {
            "cash": 1.5,
            "stock": 1,
            "eps": 3.02
        },
        "2007": {
            "cash": 1.5,
            "stock": 1,
            "eps": 5.3
        },
        "2008": {
            "cash": 2.5,
            "stock": 1,
            "eps": 2.09
        },
        "2009": {
            "cash": 0.6,
            "stock": 0.5,
            "eps": 0.75
        },
        "2010": {
            "cash": 0.4,
            "stock": 0.5,
            "eps": -2.8
        },
        "2011": {
            "cash": 0,
            "stock": 0,
            "eps": -0.44
        },
        "2012": {
            "cash": 0,
            "stock": 0,
            "eps": -1.89
        },
        "2013": {
            "cash": 0,
            "stock": 0,
            "eps": 0.84
        },
        "2014": {
            "cash": 0,
            "stock": 0,
            "eps": 0.39
        },
        "2015": {
            "cash": 0,
            "stock": 0,
            "eps": -0.74
        },
        "2016": {
            "cash": 0,
            "stock": 0,
            "eps": 1.79
        },
        "2017": {
            "cash": 0.5,
            "stock": 0,
            "eps": -0.09
        },
        "2018": {
            "cash": 0,
            "stock": 0,
            "eps": 0.54
        },
        "2019": {
            "cash": 0.3,
            "stock": 0,
            "eps": 0.55
        },
        "2020": {
            "cash": 0.3,
            "stock": 0,
            "eps": 0.32
        },
        "2021": {
            "cash": 0.3,
            "stock": 0,
            "eps": 0.56
        },
        "2022": {
            "cash": 0.5,
            "stock": 0,
            "eps": 0.29
        },
        "2023": {
            "cash": 0.3,
            "stock": 0,
            "eps": 0.12
        },
        "2024": {
            "cash": 0.4,
            "stock": 0,
            "eps": 0
        }
    },
    "dividends": {
        "2005-06-28": {
            "cash": 1.5,
            "stock": 1
        },
        "2006-04-21": {
            "cash": 1.5,
            "stock": 1
        },
        "2007-04-04": {
            "cash": 1.5,
            "stock": 1
        },
        "2008-04-10": {
            "cash": 2.5,
            "stock": 1
        },
        "2009-04-28": {
            "cash": 0.6,
            "stock": 0.5
        },
        "2010-04-15": {
            "cash": 0.4,
            "stock": 0.5
        },
        "2017-08-11": {
            "cash": 0.5,
            "stock": 0
        },
        "2019-09-27": {
            "cash": 0.3,
            "stock": 0
        },
        "2020-07-23": {
            "cash": 0.3,
            "stock": 0
        },
        "2021-09-29": {
            "cash": 0.3,
            "stock": 0
        },
        "2022-09-02": {
            "cash": 0.5,
            "stock": 0
        },
        "2023-08-04": {
            "cash": 0.3,
            "stock": 0
        },
        "2024-03-13": {
            "cash": 0.4,
            "stock": 0
        }
    },
    "prices": {
        "200101": "無",
        "200102": "無",
        "200103": "無",
        "200104": "無",
        "200105": "無",
        "200106": "無",
        "200107": "無",
        "200108": "無",
        "200109": "無",
        "200110": "無",
        "200111": "無",
        "200112": "無",
        "200201": "無",
        "200202": "無",
        "200203": "無",
        "200204": "無",
        "200205": "無",
        "200206": "無",
        "200207": "無",
        "200208": "無",
        "200209": "無",
        "200210": "無",
        "200211": "無",
        "200212": "無",
        "200301": "無",
        "200302": "無",
        "200303": "無",
        "200304": "無",
        "200305": "無",
        "200306": "無",
        "200307": "無",
        "200308": "無",
        "200309": "無",
        "200310": "無",
        "200311": "無",
        "200312": "無",
        "200401": "無",
        "200402": "無",
        "200403": "無",
        "200404": "無",
        "200405": "無",
        "200406": "無",
        "200407": "無",
        "200408": "無",
        "200409": "無",
        "200410": "無",
        "200411": "無",
        "200412": "無",
        "200501": "無",
        "200502": "無",
        "200503": "無",
        "200504": "無",
        "200505": "無",
        "200506": "無",
        "200507": "無",
        "200508": "無",
        "200509": "無",
        "200510": "無",
        "200511": "無",
        "200512": "無",
        "200601": "無",
        "200602": "無",
        "200603": "36.71",
        "200604": "37.88",
        "200605": "34.93",
        "200606": "36.99",
        "200607": "37.45",
        "200608": "32.50",
        "200609": "無",
        "200610": "30.08",
        "200611": "29.89",
        "200612": "29.20",
        "200701": "28.17",
        "200702": "27.18",
        "200703": "29.30",
        "200704": "37.79",
        "200705": "44.37",
        "200706": "72.21",
        "200707": "84.01",
        "200708": "70.65",
        "200709": "52.00",
        "200710": "52.94",
        "200711": "49.07",
        "200712": "45.40",
        "200801": "44.63",
        "200802": "40.95",
        "200803": "45.72",
        "200804": "47.40",
        "200805": "45.08",
        "200806": "39.39",
        "200807": "29.99",
        "200808": "26.00",
        "200809": "20.13",
        "200810": "22.68",
        "200811": "14.67",
        "200812": "9.54",
        "200901": "8.17",
        "200902": "8.86",
        "200903": "11.26",
        "200904": "14.22",
        "200905": "15.23",
        "200906": "17.19",
        "200907": "17.25",
        "200908": "19.00",
        "200909": "18.90",
        "200910": "19.21",
        "200911": "17.94",
        "200912": "19.64",
        "201001": "26.08",
        "201002": "22.29",
        "201003": "24.51",
        "201004": "25.24",
        "201005": "22.27",
        "201006": "20.77",
        "201007": "20.91",
        "201008": "22.04",
        "201009": "18.10",
        "201010": "17.70",
        "201011": "13.25",
        "201012": "14.16",
        "201101": "12.51",
        "201102": "11.81",
        "201103": "11.83",
        "201104": "12.82",
        "201105": "11.76",
        "201106": "11.73",
        "201107": "11.15",
        "201108": "9.27",
        "201109": "8.53",
        "201110": "8.05",
        "201111": "8.57",
        "201112": "7.19",
        "201201": "7.14",
        "201202": "8.49",
        "201203": "8.20",
        "201204": "6.99",
        "201205": "6.36",
        "201206": "6.15",
        "201207": "7.96",
        "201208": "9.93",
        "201209": "10.99",
        "201210": "12.17",
        "201211": "13.65",
        "201212": "14.86",
        "201301": "14.21",
        "201302": "14.68",
        "201303": "14.45",
        "201304": "14.10",
        "201305": "20.40",
        "201306": "22.07",
        "201307": "19.84",
        "201308": "22.10",
        "201309": "25.44",
        "201310": "23.93",
        "201311": "24.62",
        "201312": "24.33",
        "201401": "21.25",
        "201402": "20.48",
        "201403": "20.26",
        "201404": "21.21",
        "201405": "18.73",
        "201406": "18.15",
        "201407": "17.08",
        "201408": "17.49",
        "201409": "16.90",
        "201410": "17.83",
        "201411": "17.61",
        "201412": "18.00",
        "201501": "17.40",
        "201502": "16.97",
        "201503": "17.85",
        "201504": "17.62",
        "201505": "17.35",
        "201506": "17.86",
        "201507": "17.72",
        "201508": "17.72",
        "201509": "17.34",
        "201510": "12.72",
        "201511": "10.29",
        "201512": "9.57",
        "201601": "9.57",
        "201602": "9.26",
        "201603": "10.24",
        "201604": "10.17",
        "201605": "9.78",
        "201606": "9.95",
        "201607": "9.98",
        "201608": "9.53",
        "201609": "9.26",
        "201610": "10.28",
        "201611": "10.13",
        "201612": "10.56",
        "201701": "10.27",
        "201702": "10.13",
        "201703": "11.68",
        "201704": "11.70",
        "201705": "10.27",
        "201706": "9.77",
        "201707": "9.52",
        "201708": "9.16",
        "201709": "9.63",
        "201710": "9.34",
        "201711": "9.22",
        "201712": "9.22",
        "201801": "9.45",
        "201802": "9.09",
        "201803": "9.77",
        "201804": "9.33",
        "201805": "9.22",
        "201806": "10.19",
        "201807": "9.46",
        "201808": "9.08",
        "201809": "9.02",
        "201810": "8.29",
        "201811": "8.09",
        "201812": "8.13",
        "201901": "8.13",
        "201902": "8.16",
        "201903": "8.42",
        "201904": "8.89",
        "201905": "8.83",
        "201906": "8.85",
        "201907": "8.86",
        "201908": "8.71",
        "201909": "8.61",
        "201910": "9.12",
        "201911": "9.51",
        "201912": "9.30",
        "202001": "9.35",
        "202002": "10.61",
        "202003": "9.81",
        "202004": "10.52",
        "202005": "10.94",
        "202006": "10.62",
        "202007": "11.40",
        "202008": "13.74",
        "202009": "13.17",
        "202010": "12.13",
        "202011": "12.18",
        "202012": "11.49",
        "202101": "10.88",
        "202102": "10.74",
        "202103": "11.22",
        "202104": "12.44",
        "202105": "11.79",
        "202106": "10.79",
        "202107": "10.96",
        "202108": "10.81",
        "202109": "11.12",
        "202110": "11.94",
        "202111": "13.50",
        "202112": "13.68",
        "202201": "11.52",
        "202202": "11.18",
        "202203": "10.70",
        "202204": "10.66",
        "202205": "10.48",
        "202206": "10.77",
        "202207": "9.74",
        "202208": "10.21",
        "202209": "10.55",
        "202210": "10.09",
        "202211": "10.16",
        "202212": "10.19",
        "202301": "10.11",
        "202302": "10.37",
        "202303": "10.57",
        "202304": "11.14",
        "202305": "11.29",
        "202306": "11.53",
        "202307": "11.19",
        "202308": "11.45",
        "202309": "11.85",
        "202310": "12.64",
        "202311": "12.80",
        "202312": "14.66",
        "202401": "18.23",
        "202402": "21.02",
        "202403": "22.26",
        "202404": "無"
    },
    "quarters": {
        "20011": {
            "year_quarter": 20011,
            "year": 2001,
            "quarter": 1,
            "eps": null,
            "eps_growth_year": null,
            "eps_4q": null,
            "eps_4q_growth_year": null,
            "roe": null,
            "roe_4q": 0,
            "gross_profit": null,
            "gross_margin": null,
            "gross_margin_4q_avg": 0,
            "net_income": null,
            "net_income_4q": null,
            "revenue": null,
            "revenue_4q": null,
            "common_shares": null,
            "book_valuer_per_share": null,
            "book_valuer_per_share_4q_avg": 0,
            "equity": null,
            "current_ratio": null,
            "debt_ratio": null,
            "inventory_turnover_ratio": null,
            "account_receivable_turnover_ratio": null,
            "reinvestment_rate": null,
            "research_to_sale_ratio": null,
            "price_fair": 0,
            "eps_avg_yearly": 0,
            "eps_latest_yearly": 0,
            "eps_growth_yearly": 0
        },
        "20012": {
            "year_quarter": 20012,
            "year": 2001,
            "quarter": 2,
            "eps": null,
            "eps_growth_year": null,
            "eps_4q": null,
            "eps_4q_growth_year": null,
            "roe": null,
            "roe_4q": 0,
            "gross_profit": null,
            "gross_margin": null,
            "gross_margin_4q_avg": 0,
            "net_income": null,
            "net_income_4q": null,
            "revenue": null,
            "revenue_4q": null,
            "common_shares": null,
            "book_valuer_per_share": null,
            "book_valuer_per_share_4q_avg": 0,
            "equity": null,
            "current_ratio": null,
            "debt_ratio": null,
            "inventory_turnover_ratio": null,
            "account_receivable_turnover_ratio": null,
            "reinvestment_rate": null,
            "research_to_sale_ratio": null,
            "price_fair": 0,
            "eps_avg_yearly": 0,
            "eps_latest_yearly": 0,
            "eps_growth_yearly": 0
        },
        "20013": {
            "year_quarter": 20013,
            "year": 2001,
            "quarter": 3,
            "eps": null,
            "eps_growth_year": null,
            "eps_4q": null,
            "eps_4q_growth_year": null,
            "roe": null,
            "roe_4q": 0,
            "gross_profit": null,
            "gross_margin": null,
            "gross_margin_4q_avg": 0,
            "net_income": null,
            "net_income_4q": null,
            "revenue": null,
            "revenue_4q": null,
            "common_shares": null,
            "book_valuer_per_share": null,
            "book_valuer_per_share_4q_avg": 0,
            "equity": null,
            "current_ratio": null,
            "debt_ratio": null,
            "inventory_turnover_ratio": null,
            "account_receivable_turnover_ratio": null,
            "reinvestment_rate": null,
            "research_to_sale_ratio": null,
            "price_fair": 0,
            "eps_avg_yearly": 0,
            "eps_latest_yearly": 0,
            "eps_growth_yearly": 0
        },
        "20014": {
            "year_quarter": 20014,
            "year": 2001,
            "quarter": 4,
            "eps": null,
            "eps_growth_year": null,
            "eps_4q": null,
            "eps_4q_growth_year": null,
            "roe": null,
            "roe_4q": 0,
            "gross_profit": null,
            "gross_margin": null,
            "gross_margin_4q_avg": 0,
            "net_income": null,
            "net_income_4q": null,
            "revenue": null,
            "revenue_4q": null,
            "common_shares": 100000,
            "book_valuer_per_share": 10.29,
            "book_valuer_per_share_4q_avg": 2.57,
            "equity": 102877,
            "current_ratio": 145.33,
            "debt_ratio": 59.92,
            "inventory_turnover_ratio": null,
            "account_receivable_turnover_ratio": null,
            "reinvestment_rate": null,
            "research_to_sale_ratio": null,
            "price_fair": 0,
            "eps_avg_yearly": 0,
            "eps_latest_yearly": 0,
            "eps_growth_yearly": 0
        },
        "20021": {
            "year_quarter": 20021,
            "year": 2002,
            "quarter": 1,
            "eps": null,
            "eps_growth_year": null,
            "eps_4q": null,
            "eps_4q_growth_year": null,
            "roe": null,
            "roe_4q": 0,
            "gross_profit": null,
            "gross_margin": null,
            "gross_margin_4q_avg": 0,
            "net_income": null,
            "net_income_4q": null,
            "revenue": null,
            "revenue_4q": null,
            "common_shares": null,
            "book_valuer_per_share": null,
            "book_valuer_per_share_4q_avg": 2.57,
            "equity": null,
            "current_ratio": null,
            "debt_ratio": null,
            "inventory_turnover_ratio": null,
            "account_receivable_turnover_ratio": null,
            "reinvestment_rate": null,
            "research_to_sale_ratio": null,
            "price_fair": 0,
            "eps_avg_yearly": 0,
            "eps_latest_yearly": 0,
            "eps_growth_yearly": 0
        },
        "20022": {
            "year_quarter": 20022,
            "year": 2002,
            "quarter": 2,
            "eps": null,
            "eps_growth_year": null,
            "eps_4q": null,
            "eps_4q_growth_year": null,
            "roe": null,
            "roe_4q": 0,
            "gross_profit": null,
            "gross_margin": null,
            "gross_margin_4q_avg": 0,
            "net_income": null,
            "net_income_4q": null,
            "revenue": null,
            "revenue_4q": null,
            "common_shares": null,
            "book_valuer_per_share": null,
            "book_valuer_per_share_4q_avg": 2.57,
            "equity": null,
            "current_ratio": null,
            "debt_ratio": null,
            "inventory_turnover_ratio": null,
            "account_receivable_turnover_ratio": null,
            "reinvestment_rate": null,
            "research_to_sale_ratio": null,
            "price_fair": 0,
            "eps_avg_yearly": 0,
            "eps_latest_yearly": 0,
            "eps_growth_yearly": 0
        },
        "20023": {
            "year_quarter": 20023,
            "year": 2002,
            "quarter": 3,
            "eps": null,
            "eps_growth_year": null,
            "eps_4q": null,
            "eps_4q_growth_year": null,
            "roe": null,
            "roe_4q": 0,
            "gross_profit": null,
            "gross_margin": null,
            "gross_margin_4q_avg": 0,
            "net_income": null,
            "net_income_4q": null,
            "revenue": null,
            "revenue_4q": null,
            "common_shares": null,
            "book_valuer_per_share": null,
            "book_valuer_per_share_4q_avg": 2.57,
            "equity": null,
            "current_ratio": null,
            "debt_ratio": null,
            "inventory_turnover_ratio": null,
            "account_receivable_turnover_ratio": null,
            "reinvestment_rate": null,
            "research_to_sale_ratio": null,
            "price_fair": 0,
            "eps_avg_yearly": 0,
            "eps_latest_yearly": 0,
            "eps_growth_yearly": 0
        },
        "20024": {
            "year_quarter": 20024,
            "year": 2002,
            "quarter": 4,
            "eps": null,
            "eps_growth_year": null,
            "eps_4q": null,
            "eps_4q_growth_year": null,
            "roe": null,
            "roe_4q": 0,
            "gross_profit": null,
            "gross_margin": null,
            "gross_margin_4q_avg": 0,
            "net_income": null,
            "net_income_4q": null,
            "revenue": null,
            "revenue_4q": null,
            "common_shares": 150000,
            "book_valuer_per_share": 10.57,
            "book_valuer_per_share_4q_avg": 2.64,
            "equity": 158522,
            "current_ratio": 101.51,
            "debt_ratio": 62.41,
            "inventory_turnover_ratio": null,
            "account_receivable_turnover_ratio": null,
            "reinvestment_rate": null,
            "research_to_sale_ratio": null,
            "price_fair": 0,
            "eps_avg_yearly": 0,
            "eps_latest_yearly": 0,
            "eps_growth_yearly": 0
        },
        "20031": {
            "year_quarter": 20031,
            "year": 2003,
            "quarter": 1,
            "eps": null,
            "eps_growth_year": null,
            "eps_4q": null,
            "eps_4q_growth_year": null,
            "roe": null,
            "roe_4q": 0,
            "gross_profit": null,
            "gross_margin": null,
            "gross_margin_4q_avg": 0,
            "net_income": null,
            "net_income_4q": null,
            "revenue": null,
            "revenue_4q": null,
            "common_shares": null,
            "book_valuer_per_share": null,
            "book_valuer_per_share_4q_avg": 2.64,
            "equity": null,
            "current_ratio": null,
            "debt_ratio": null,
            "inventory_turnover_ratio": null,
            "account_receivable_turnover_ratio": null,
            "reinvestment_rate": null,
            "research_to_sale_ratio": null,
            "price_fair": 0,
            "eps_avg_yearly": 0,
            "eps_latest_yearly": 0,
            "eps_growth_yearly": 0
        },
        "20032": {
            "year_quarter": 20032,
            "year": 2003,
            "quarter": 2,
            "eps": null,
            "eps_growth_year": null,
            "eps_4q": null,
            "eps_4q_growth_year": null,
            "roe": null,
            "roe_4q": 0,
            "gross_profit": null,
            "gross_margin": null,
            "gross_margin_4q_avg": 0,
            "net_income": null,
            "net_income_4q": null,
            "revenue": null,
            "revenue_4q": null,
            "common_shares": null,
            "book_valuer_per_share": null,
            "book_valuer_per_share_4q_avg": 2.64,
            "equity": null,
            "current_ratio": null,
            "debt_ratio": null,
            "inventory_turnover_ratio": null,
            "account_receivable_turnover_ratio": null,
            "reinvestment_rate": null,
            "research_to_sale_ratio": null,
            "price_fair": 0,
            "eps_avg_yearly": 0,
            "eps_latest_yearly": 0,
            "eps_growth_yearly": 0
        },
        "20033": {
            "year_quarter": 20033,
            "year": 2003,
            "quarter": 3,
            "eps": null,
            "eps_growth_year": null,
            "eps_4q": null,
            "eps_4q_growth_year": null,
            "roe": null,
            "roe_4q": 0,
            "gross_profit": null,
            "gross_margin": null,
            "gross_margin_4q_avg": 0,
            "net_income": null,
            "net_income_4q": null,
            "revenue": null,
            "revenue_4q": null,
            "common_shares": null,
            "book_valuer_per_share": null,
            "book_valuer_per_share_4q_avg": 2.64,
            "equity": null,
            "current_ratio": null,
            "debt_ratio": null,
            "inventory_turnover_ratio": null,
            "account_receivable_turnover_ratio": null,
            "reinvestment_rate": null,
            "research_to_sale_ratio": null,
            "price_fair": 0,
            "eps_avg_yearly": 0,
            "eps_latest_yearly": 0,
            "eps_growth_yearly": 0
        },
        "20034": {
            "year_quarter": 20034,
            "year": 2003,
            "quarter": 4,
            "eps": null,
            "eps_growth_year": null,
            "eps_4q": null,
            "eps_4q_growth_year": null,
            "roe": null,
            "roe_4q": 0,
            "gross_profit": null,
            "gross_margin": null,
            "gross_margin_4q_avg": 0,
            "net_income": null,
            "net_income_4q": null,
            "revenue": null,
            "revenue_4q": null,
            "common_shares": 200000,
            "book_valuer_per_share": 11.65,
            "book_valuer_per_share_4q_avg": 2.91,
            "equity": 233080,
            "current_ratio": 122.05,
            "debt_ratio": 63.5,
            "inventory_turnover_ratio": null,
            "account_receivable_turnover_ratio": null,
            "reinvestment_rate": null,
            "research_to_sale_ratio": null,
            "price_fair": 0,
            "eps_avg_yearly": 0,
            "eps_latest_yearly": 0,
            "eps_growth_yearly": 0
        },
        "20041": {
            "year_quarter": 20041,
            "year": 2004,
            "quarter": 1,
            "eps": null,
            "eps_growth_year": null,
            "eps_4q": null,
            "eps_4q_growth_year": null,
            "roe": null,
            "roe_4q": 0,
            "gross_profit": null,
            "gross_margin": null,
            "gross_margin_4q_avg": 0,
            "net_income": null,
            "net_income_4q": null,
            "revenue": null,
            "revenue_4q": null,
            "common_shares": null,
            "book_valuer_per_share": null,
            "book_valuer_per_share_4q_avg": 2.91,
            "equity": null,
            "current_ratio": null,
            "debt_ratio": null,
            "inventory_turnover_ratio": null,
            "account_receivable_turnover_ratio": null,
            "reinvestment_rate": null,
            "research_to_sale_ratio": null,
            "price_fair": 0,
            "eps_avg_yearly": 0,
            "eps_latest_yearly": 0,
            "eps_growth_yearly": 0
        },
        "20042": {
            "year_quarter": 20042,
            "year": 2004,
            "quarter": 2,
            "eps": null,
            "eps_growth_year": null,
            "eps_4q": null,
            "eps_4q_growth_year": null,
            "roe": null,
            "roe_4q": 0,
            "gross_profit": null,
            "gross_margin": null,
            "gross_margin_4q_avg": 0,
            "net_income": null,
            "net_income_4q": null,
            "revenue": null,
            "revenue_4q": null,
            "common_shares": null,
            "book_valuer_per_share": null,
            "book_valuer_per_share_4q_avg": 2.91,
            "equity": null,
            "current_ratio": null,
            "debt_ratio": null,
            "inventory_turnover_ratio": null,
            "account_receivable_turnover_ratio": null,
            "reinvestment_rate": null,
            "research_to_sale_ratio": null,
            "price_fair": 0,
            "eps_avg_yearly": 0,
            "eps_latest_yearly": 0,
            "eps_growth_yearly": 0
        },
        "20043": {
            "year_quarter": 20043,
            "year": 2004,
            "quarter": 3,
            "eps": null,
            "eps_growth_year": null,
            "eps_4q": null,
            "eps_4q_growth_year": null,
            "roe": null,
            "roe_4q": 0,
            "gross_profit": null,
            "gross_margin": null,
            "gross_margin_4q_avg": 0,
            "net_income": null,
            "net_income_4q": null,
            "revenue": null,
            "revenue_4q": null,
            "common_shares": null,
            "book_valuer_per_share": null,
            "book_valuer_per_share_4q_avg": 2.91,
            "equity": null,
            "current_ratio": null,
            "debt_ratio": null,
            "inventory_turnover_ratio": null,
            "account_receivable_turnover_ratio": null,
            "reinvestment_rate": null,
            "research_to_sale_ratio": null,
            "price_fair": 0,
            "eps_avg_yearly": 0,
            "eps_latest_yearly": 0,
            "eps_growth_yearly": 0
        },
        "20044": {
            "year_quarter": 20044,
            "year": 2004,
            "quarter": 4,
            "eps": null,
            "eps_growth_year": null,
            "eps_4q": null,
            "eps_4q_growth_year": null,
            "roe": null,
            "roe_4q": 0,
            "gross_profit": null,
            "gross_margin": null,
            "gross_margin_4q_avg": 0,
            "net_income": null,
            "net_income_4q": null,
            "revenue": null,
            "revenue_4q": null,
            "common_shares": 230000,
            "book_valuer_per_share": 14.49,
            "book_valuer_per_share_4q_avg": 3.62,
            "equity": 333239,
            "current_ratio": 146.69,
            "debt_ratio": 60.13,
            "inventory_turnover_ratio": null,
            "account_receivable_turnover_ratio": null,
            "reinvestment_rate": null,
            "research_to_sale_ratio": null,
            "price_fair": 0,
            "eps_avg_yearly": 0,
            "eps_latest_yearly": 0,
            "eps_growth_yearly": 0
        },
        "20051": {
            "year_quarter": 20051,
            "year": 2005,
            "quarter": 1,
            "eps": null,
            "eps_growth_year": null,
            "eps_4q": null,
            "eps_4q_growth_year": null,
            "roe": null,
            "roe_4q": 0,
            "gross_profit": null,
            "gross_margin": null,
            "gross_margin_4q_avg": 0,
            "net_income": null,
            "net_income_4q": null,
            "revenue": null,
            "revenue_4q": null,
            "common_shares": null,
            "book_valuer_per_share": null,
            "book_valuer_per_share_4q_avg": 3.62,
            "equity": null,
            "current_ratio": null,
            "debt_ratio": null,
            "inventory_turnover_ratio": null,
            "account_receivable_turnover_ratio": null,
            "reinvestment_rate": null,
            "research_to_sale_ratio": null,
            "price_fair": 0,
            "eps_avg_yearly": 0,
            "eps_latest_yearly": 0,
            "eps_growth_yearly": 0
        },
        "20052": {
            "year_quarter": 20052,
            "year": 2005,
            "quarter": 2,
            "eps": null,
            "eps_growth_year": null,
            "eps_4q": null,
            "eps_4q_growth_year": null,
            "roe": null,
            "roe_4q": 0,
            "gross_profit": null,
            "gross_margin": null,
            "gross_margin_4q_avg": 0,
            "net_income": null,
            "net_income_4q": null,
            "revenue": null,
            "revenue_4q": null,
            "common_shares": null,
            "book_valuer_per_share": null,
            "book_valuer_per_share_4q_avg": 3.62,
            "equity": null,
            "current_ratio": null,
            "debt_ratio": null,
            "inventory_turnover_ratio": null,
            "account_receivable_turnover_ratio": null,
            "reinvestment_rate": null,
            "research_to_sale_ratio": null,
            "price_fair": 0,
            "eps_avg_yearly": 0,
            "eps_latest_yearly": 0,
            "eps_growth_yearly": 0
        },
        "20053": {
            "year_quarter": 20053,
            "year": 2005,
            "quarter": 3,
            "eps": null,
            "eps_growth_year": null,
            "eps_4q": null,
            "eps_4q_growth_year": null,
            "roe": null,
            "roe_4q": 0,
            "gross_profit": null,
            "gross_margin": null,
            "gross_margin_4q_avg": 0,
            "net_income": null,
            "net_income_4q": null,
            "revenue": null,
            "revenue_4q": null,
            "common_shares": null,
            "book_valuer_per_share": null,
            "book_valuer_per_share_4q_avg": 3.62,
            "equity": null,
            "current_ratio": null,
            "debt_ratio": null,
            "inventory_turnover_ratio": null,
            "account_receivable_turnover_ratio": null,
            "reinvestment_rate": null,
            "research_to_sale_ratio": null,
            "price_fair": 0,
            "eps_avg_yearly": 0,
            "eps_latest_yearly": 0,
            "eps_growth_yearly": 0
        },
        "20054": {
            "year_quarter": 20054,
            "year": 2005,
            "quarter": 4,
            "eps": null,
            "eps_growth_year": null,
            "eps_4q": null,
            "eps_4q_growth_year": null,
            "roe": null,
            "roe_4q": 0,
            "gross_profit": null,
            "gross_margin": null,
            "gross_margin_4q_avg": 0,
            "net_income": null,
            "net_income_4q": null,
            "revenue": null,
            "revenue_4q": null,
            "common_shares": 253000,
            "book_valuer_per_share": 15.3,
            "book_valuer_per_share_4q_avg": 3.83,
            "equity": 387045,
            "current_ratio": 155.66,
            "debt_ratio": 55.08,
            "inventory_turnover_ratio": null,
            "account_receivable_turnover_ratio": null,
            "reinvestment_rate": null,
            "research_to_sale_ratio": null,
            "price_fair": 0,
            "eps_avg_yearly": 0,
            "eps_latest_yearly": 0,
            "eps_growth_yearly": 0
        },
        "20061": {
            "year_quarter": 20061,
            "year": 2006,
            "quarter": 1,
            "eps": 0.17,
            "eps_growth_year": null,
            "eps_4q": null,
            "eps_4q_growth_year": null,
            "roe": 1.12,
            "roe_4q": 1.12,
            "gross_profit": 36948,
            "gross_margin": 14.9,
            "gross_margin_4q_avg": 3.73,
            "net_income": 4335,
            "net_income_4q": null,
            "revenue": 248054,
            "revenue_4q": null,
            "common_shares": 253000,
            "book_valuer_per_share": 15.44,
            "book_valuer_per_share_4q_avg": 7.69,
            "equity": 390566,
            "current_ratio": 296.34,
            "debt_ratio": 28.4,
            "inventory_turnover_ratio": 2.48,
            "account_receivable_turnover_ratio": null,
            "reinvestment_rate": null,
            "research_to_sale_ratio": null,
            "price_fair": 0,
            "eps_avg_yearly": 0,
            "eps_latest_yearly": 0,
            "eps_growth_yearly": 0
        },
        "20062": {
            "year_quarter": 20062,
            "year": 2006,
            "quarter": 2,
            "eps": 0.21,
            "eps_growth_year": null,
            "eps_4q": null,
            "eps_4q_growth_year": null,
            "roe": 1.58,
            "roe_4q": 2.7,
            "gross_profit": 29436,
            "gross_margin": 10.8,
            "gross_margin_4q_avg": 6.43,
            "net_income": 5878,
            "net_income_4q": null,
            "revenue": 272475,
            "revenue_4q": null,
            "common_shares": 253000,
            "book_valuer_per_share": 13.99,
            "book_valuer_per_share_4q_avg": 11.18,
            "equity": 354062,
            "current_ratio": 198.32,
            "debt_ratio": 37.67,
            "inventory_turnover_ratio": 14.8,
            "account_receivable_turnover_ratio": null,
            "reinvestment_rate": null,
            "research_to_sale_ratio": null,
            "price_fair": 29.4,
            "eps_avg_yearly": 0.84,
            "eps_latest_yearly": 0.84,
            "eps_growth_yearly": 94.12
        },
        "20063": {
            "year_quarter": 20063,
            "year": 2006,
            "quarter": 3,
            "eps": 1.21,
            "eps_growth_year": null,
            "eps_4q": null,
            "eps_4q_growth_year": null,
            "roe": 10.13,
            "roe_4q": 12.830000000000002,
            "gross_profit": 55079,
            "gross_margin": 13.25,
            "gross_margin_4q_avg": 9.74,
            "net_income": 38010,
            "net_income_4q": null,
            "revenue": 415758,
            "revenue_4q": null,
            "common_shares": 283100,
            "book_valuer_per_share": 14.01,
            "book_valuer_per_share_4q_avg": 14.69,
            "equity": 396536,
            "current_ratio": 169.89,
            "debt_ratio": 44.87,
            "inventory_turnover_ratio": 8.89,
            "account_receivable_turnover_ratio": null,
            "reinvestment_rate": null,
            "research_to_sale_ratio": null,
            "price_fair": 99.4,
            "eps_avg_yearly": 2.84,
            "eps_latest_yearly": 4.84,
            "eps_growth_yearly": 999.44
        },
        "20064": {
            "year_quarter": 20064,
            "year": 2006,
            "quarter": 4,
            "eps": 1.43,
            "eps_growth_year": null,
            "eps_4q": 3.13,
            "eps_4q_growth_year": null,
            "roe": 9.74,
            "roe_4q": 22.570000000000004,
            "gross_profit": 71210,
            "gross_margin": 11.88,
            "gross_margin_4q_avg": 12.71,
            "net_income": 40544,
            "net_income_4q": null,
            "revenue": 599251,
            "revenue_4q": null,
            "common_shares": 283100,
            "book_valuer_per_share": 15.41,
            "book_valuer_per_share_4q_avg": 14.71,
            "equity": 436387,
            "current_ratio": 154.03,
            "debt_ratio": 57.49,
            "inventory_turnover_ratio": 3.66,
            "account_receivable_turnover_ratio": null,
            "reinvestment_rate": null,
            "research_to_sale_ratio": null,
            "price_fair": 133,
            "eps_avg_yearly": 3.8,
            "eps_latest_yearly": 5.72,
            "eps_growth_yearly": 690.54
        },
        "20071": {
            "year_quarter": 20071,
            "year": 2007,
            "quarter": 1,
            "eps": 1.17,
            "eps_growth_year": 588.24,
            "eps_4q": 4.16,
            "eps_4q_growth_year": null,
            "roe": 7.28,
            "roe_4q": 28.729999999999997,
            "gross_profit": 56534,
            "gross_margin": 12.25,
            "gross_margin_4q_avg": 12.05,
            "net_income": 33068,
            "net_income_4q": null,
            "revenue": 461328,
            "revenue_4q": null,
            "common_shares": 283100,
            "book_valuer_per_share": 16.69,
            "book_valuer_per_share_4q_avg": 15.03,
            "equity": 472511,
            "current_ratio": 184.57,
            "debt_ratio": 42.1,
            "inventory_turnover_ratio": 2.86,
            "account_receivable_turnover_ratio": null,
            "reinvestment_rate": null,
            "research_to_sale_ratio": null,
            "price_fair": 140.7,
            "eps_avg_yearly": 4.02,
            "eps_latest_yearly": 4.68,
            "eps_growth_yearly": 499.72
        },
        "20072": {
            "year_quarter": 20072,
            "year": 2007,
            "quarter": 2,
            "eps": 0.94,
            "eps_growth_year": 347.62,
            "eps_4q": 4.45,
            "eps_4q_growth_year": null,
            "roe": 6.43,
            "roe_4q": 33.580000000000005,
            "gross_profit": 67726,
            "gross_margin": 13.05,
            "gross_margin_4q_avg": 12.61,
            "net_income": 29865,
            "net_income_4q": null,
            "revenue": 519102,
            "revenue_4q": null,
            "common_shares": 283100,
            "book_valuer_per_share": 16.12,
            "book_valuer_per_share_4q_avg": 15.56,
            "equity": 456450,
            "current_ratio": 164.07,
            "debt_ratio": 47.59,
            "inventory_turnover_ratio": 11.68,
            "account_receivable_turnover_ratio": null,
            "reinvestment_rate": null,
            "research_to_sale_ratio": null,
            "price_fair": 138.88,
            "eps_avg_yearly": 3.97,
            "eps_latest_yearly": 3.76,
            "eps_growth_yearly": 384.05
        },
        "20073": {
            "year_quarter": 20073,
            "year": 2007,
            "quarter": 3,
            "eps": 1.51,
            "eps_growth_year": 24.79,
            "eps_4q": 4.77,
            "eps_4q_growth_year": null,
            "roe": 8.53,
            "roe_4q": 31.979999999999997,
            "gross_profit": 82920,
            "gross_margin": 12.88,
            "gross_margin_4q_avg": 12.52,
            "net_income": 47951,
            "net_income_4q": null,
            "revenue": 643964,
            "revenue_4q": null,
            "common_shares": 352240,
            "book_valuer_per_share": 18.96,
            "book_valuer_per_share_4q_avg": 16.8,
            "equity": 667862,
            "current_ratio": 189.81,
            "debt_ratio": 44.04,
            "inventory_turnover_ratio": 12.07,
            "account_receivable_turnover_ratio": null,
            "reinvestment_rate": null,
            "research_to_sale_ratio": null,
            "price_fair": 150.97,
            "eps_avg_yearly": 4.31,
            "eps_latest_yearly": 6.04,
            "eps_growth_yearly": 360.47
        },
        "20074": {
            "year_quarter": 20074,
            "year": 2007,
            "quarter": 4,
            "eps": 1.68,
            "eps_growth_year": 17.48,
            "eps_4q": 5.09,
            "eps_4q_growth_year": 62.67,
            "roe": 7.91,
            "roe_4q": 30.15,
            "gross_profit": 82547,
            "gross_margin": 10.86,
            "gross_margin_4q_avg": 12.26,
            "net_income": 54582,
            "net_income_4q": null,
            "revenue": 759999,
            "revenue_4q": null,
            "common_shares": 352240,
            "book_valuer_per_share": 20.21,
            "book_valuer_per_share_4q_avg": 18,
            "equity": 711830,
            "current_ratio": 179.58,
            "debt_ratio": 52.27,
            "inventory_turnover_ratio": 3.47,
            "account_receivable_turnover_ratio": null,
            "reinvestment_rate": null,
            "research_to_sale_ratio": null,
            "price_fair": 163,
            "eps_avg_yearly": 4.66,
            "eps_latest_yearly": 6.72,
            "eps_growth_yearly": 315.4
        },
        "20081": {
            "year_quarter": 20081,
            "year": 2008,
            "quarter": 1,
            "eps": 1.02,
            "eps_growth_year": -12.82,
            "eps_4q": 4.9,
            "eps_4q_growth_year": 17.76,
            "roe": 4.96,
            "roe_4q": 27.83,
            "gross_profit": 104590,
            "gross_margin": 15.91,
            "gross_margin_4q_avg": 13.18,
            "net_income": 34843,
            "net_income_4q": null,
            "revenue": 657499,
            "revenue_4q": null,
            "common_shares": 352240,
            "book_valuer_per_share": 19.68,
            "book_valuer_per_share_4q_avg": 18.74,
            "equity": 693214,
            "current_ratio": 199.76,
            "debt_ratio": 45.44,
            "inventory_turnover_ratio": 1.89,
            "account_receivable_turnover_ratio": null,
            "reinvestment_rate": null,
            "research_to_sale_ratio": null,
            "price_fair": 160.48,
            "eps_avg_yearly": 4.59,
            "eps_latest_yearly": 4.08,
            "eps_growth_yearly": 256.34
        },
        "20082": {
            "year_quarter": 20082,
            "year": 2008,
            "quarter": 2,
            "eps": -0.25,
            "eps_growth_year": -126.6,
            "eps_4q": 3.63,
            "eps_4q_growth_year": -18.55,
            "roe": -1.5,
            "roe_4q": 19.9,
            "gross_profit": 23301,
            "gross_margin": 10.44,
            "gross_margin_4q_avg": 12.52,
            "net_income": -9606,
            "net_income_4q": null,
            "revenue": 223256,
            "revenue_4q": null,
            "common_shares": 352240,
            "book_valuer_per_share": 16.78,
            "book_valuer_per_share_4q_avg": 18.91,
            "equity": 591162,
            "current_ratio": 202.03,
            "debt_ratio": 49.88,
            "inventory_turnover_ratio": 0.8,
            "account_receivable_turnover_ratio": null,
            "reinvestment_rate": null,
            "research_to_sale_ratio": null,
            "price_fair": 160.48,
            "eps_avg_yearly": 4.59,
            "eps_latest_yearly": 4.08,
            "eps_growth_yearly": 256.34
        },
        "20083": {
            "year_quarter": 20083,
            "year": 2008,
            "quarter": 3,
            "eps": 0.37,
            "eps_growth_year": -75.5,
            "eps_4q": 2.47,
            "eps_4q_growth_year": -48.3,
            "roe": 2.32,
            "roe_4q": 13.69,
            "gross_profit": 81827,
            "gross_margin": 14.08,
            "gross_margin_4q_avg": 12.82,
            "net_income": 14096,
            "net_income_4q": null,
            "revenue": 581066,
            "revenue_4q": null,
            "common_shares": 394796,
            "book_valuer_per_share": 15.83,
            "book_valuer_per_share_4q_avg": 18.13,
            "equity": 624770,
            "current_ratio": 178.29,
            "debt_ratio": 51.19,
            "inventory_turnover_ratio": 1.91,
            "account_receivable_turnover_ratio": null,
            "reinvestment_rate": null,
            "research_to_sale_ratio": null,
            "price_fair": 160.48,
            "eps_avg_yearly": 4.59,
            "eps_latest_yearly": 4.08,
            "eps_growth_yearly": 256.34
        },
        "20084": {
            "year_quarter": 20084,
            "year": 2008,
            "quarter": 4,
            "eps": 0.95,
            "eps_growth_year": -43.45,
            "eps_4q": 1.98,
            "eps_4q_growth_year": -61.18,
            "roe": 5.62,
            "roe_4q": 11.399999999999999,
            "gross_profit": 67589,
            "gross_margin": 23.26,
            "gross_margin_4q_avg": 15.92,
            "net_income": 36375,
            "net_income_4q": null,
            "revenue": 290641,
            "revenue_4q": null,
            "common_shares": 394796,
            "book_valuer_per_share": 16.94,
            "book_valuer_per_share_4q_avg": 17.31,
            "equity": 668683,
            "current_ratio": 203.87,
            "debt_ratio": 44.15,
            "inventory_turnover_ratio": 0.84,
            "account_receivable_turnover_ratio": 2.86,
            "reinvestment_rate": null,
            "research_to_sale_ratio": null,
            "price_fair": 157.42,
            "eps_avg_yearly": 4.5,
            "eps_latest_yearly": 3.8,
            "eps_growth_yearly": 297.52
        },
        "20091": {
            "year_quarter": 20091,
            "year": 2009,
            "quarter": 1,
            "eps": 0.09,
            "eps_growth_year": -91.18,
            "eps_4q": 1.12,
            "eps_4q_growth_year": -77.1,
            "roe": 0.53,
            "roe_4q": 6.970000000000001,
            "gross_profit": 42649,
            "gross_margin": 13.37,
            "gross_margin_4q_avg": 15.29,
            "net_income": 3567,
            "net_income_4q": null,
            "revenue": 318913,
            "revenue_4q": null,
            "common_shares": 394796,
            "book_valuer_per_share": 17.28,
            "book_valuer_per_share_4q_avg": 16.71,
            "equity": 682059,
            "current_ratio": 232.08,
            "debt_ratio": 39.4,
            "inventory_turnover_ratio": 1.21,
            "account_receivable_turnover_ratio": 1.63,
            "reinvestment_rate": null,
            "research_to_sale_ratio": null,
            "price_fair": 142.94,
            "eps_avg_yearly": 4.08,
            "eps_latest_yearly": 0.36,
            "eps_growth_yearly": 231.56
        },
        "20092": {
            "year_quarter": 20092,
            "year": 2009,
            "quarter": 2,
            "eps": 0.3,
            "eps_growth_year": null,
            "eps_4q": 1.64,
            "eps_4q_growth_year": -54.78,
            "roe": 1.79,
            "roe_4q": 10.26,
            "gross_profit": 52140,
            "gross_margin": 17.2,
            "gross_margin_4q_avg": 16.98,
            "net_income": 12095,
            "net_income_4q": null,
            "revenue": 303063,
            "revenue_4q": null,
            "common_shares": 394796,
            "book_valuer_per_share": 16.86,
            "book_valuer_per_share_4q_avg": 16.73,
            "equity": 665688,
            "current_ratio": 236.59,
            "debt_ratio": 38.67,
            "inventory_turnover_ratio": 1.36,
            "account_receivable_turnover_ratio": 1.65,
            "reinvestment_rate": null,
            "research_to_sale_ratio": null,
            "price_fair": 133.76,
            "eps_avg_yearly": 3.82,
            "eps_latest_yearly": 1.2,
            "eps_growth_yearly": 295.36
        },
        "20093": {
            "year_quarter": 20093,
            "year": 2009,
            "quarter": 3,
            "eps": 0.1,
            "eps_growth_year": -72.97,
            "eps_4q": 1.37,
            "eps_4q_growth_year": -44.53,
            "roe": 0.62,
            "roe_4q": 8.56,
            "gross_profit": 62135,
            "gross_margin": 19.27,
            "gross_margin_4q_avg": 18.28,
            "net_income": 4106,
            "net_income_4q": null,
            "revenue": 322496,
            "revenue_4q": null,
            "common_shares": 415730,
            "book_valuer_per_share": 16.07,
            "book_valuer_per_share_4q_avg": 16.79,
            "equity": 668157,
            "current_ratio": 232.75,
            "debt_ratio": 41.07,
            "inventory_turnover_ratio": 1.39,
            "account_receivable_turnover_ratio": 1.84,
            "reinvestment_rate": null,
            "research_to_sale_ratio": null,
            "price_fair": 123.78,
            "eps_avg_yearly": 3.54,
            "eps_latest_yearly": 0.4,
            "eps_growth_yearly": 248.52
        },
        "20094": {
            "year_quarter": 20094,
            "year": 2009,
            "quarter": 4,
            "eps": 0.26,
            "eps_growth_year": -72.63,
            "eps_4q": 0.75,
            "eps_4q_growth_year": -62.04,
            "roe": 1.58,
            "roe_4q": 4.5200000000000005,
            "gross_profit": 90764,
            "gross_margin": 17.4,
            "gross_margin_4q_avg": 16.81,
            "net_income": 10661,
            "net_income_4q": null,
            "revenue": 521666,
            "revenue_4q": null,
            "common_shares": 416131,
            "book_valuer_per_share": 16.72,
            "book_valuer_per_share_4q_avg": 16.73,
            "equity": 679904,
            "current_ratio": 200.64,
            "debt_ratio": 46.68,
            "inventory_turnover_ratio": 1.92,
            "account_receivable_turnover_ratio": 2.84,
            "reinvestment_rate": 119.53,
            "research_to_sale_ratio": null,
            "price_fair": 117.06,
            "eps_avg_yearly": 3.34,
            "eps_latest_yearly": 1.04,
            "eps_growth_yearly": 278.64
        },
        "20101": {
            "year_quarter": 20101,
            "year": 2010,
            "quarter": 1,
            "eps": -0.13,
            "eps_growth_year": -244.44,
            "eps_4q": 0.53,
            "eps_4q_growth_year": -52.95,
            "roe": -0.8,
            "roe_4q": 3.19,
            "gross_profit": 56458,
            "gross_margin": 15.45,
            "gross_margin_4q_avg": 17.33,
            "net_income": -5416,
            "net_income_4q": null,
            "revenue": 365308,
            "revenue_4q": null,
            "common_shares": 417305,
            "book_valuer_per_share": 16.56,
            "book_valuer_per_share_4q_avg": 16.55,
            "equity": 675130,
            "current_ratio": 199.59,
            "debt_ratio": 46.34,
            "inventory_turnover_ratio": 1.12,
            "account_receivable_turnover_ratio": 1.19,
            "reinvestment_rate": 141.67,
            "research_to_sale_ratio": 3.08,
            "price_fair": 117.06,
            "eps_avg_yearly": 3.34,
            "eps_latest_yearly": 1.04,
            "eps_growth_yearly": 278.64
        },
        "20102": {
            "year_quarter": 20102,
            "year": 2010,
            "quarter": 2,
            "eps": -0.61,
            "eps_growth_year": -304.38,
            "eps_4q": -0.39,
            "eps_4q_growth_year": -124.04,
            "roe": -4,
            "roe_4q": -2.5999999999999996,
            "gross_profit": 38951,
            "gross_margin": 6.83,
            "gross_margin_4q_avg": 14.74,
            "net_income": -26201,
            "net_income_4q": null,
            "revenue": 570251,
            "revenue_4q": null,
            "common_shares": 417681,
            "book_valuer_per_share": 15.57,
            "book_valuer_per_share_4q_avg": 16.23,
            "equity": 633788,
            "current_ratio": 157.38,
            "debt_ratio": 56.66,
            "inventory_turnover_ratio": 1.47,
            "account_receivable_turnover_ratio": 1.79,
            "reinvestment_rate": 145.31,
            "research_to_sale_ratio": 2.13,
            "price_fair": 124.37,
            "eps_avg_yearly": 3.55,
            "eps_latest_yearly": 1.04,
            "eps_growth_yearly": 294.01
        },
        "20103": {
            "year_quarter": 20103,
            "year": 2010,
            "quarter": 3,
            "eps": -0.63,
            "eps_growth_year": -728.77,
            "eps_4q": -1.12,
            "eps_4q_growth_year": -181.81,
            "roe": -4.35,
            "roe_4q": -7.57,
            "gross_profit": 35976,
            "gross_margin": 8.14,
            "gross_margin_4q_avg": 11.96,
            "net_income": -26896,
            "net_income_4q": null,
            "revenue": 441986,
            "revenue_4q": null,
            "common_shares": 438437,
            "book_valuer_per_share": 14.11,
            "book_valuer_per_share_4q_avg": 15.74,
            "equity": 603535,
            "current_ratio": 194.18,
            "debt_ratio": 46.71,
            "inventory_turnover_ratio": 1.13,
            "account_receivable_turnover_ratio": 1.39,
            "reinvestment_rate": 172.69,
            "research_to_sale_ratio": 3.07,
            "price_fair": 120.27,
            "eps_avg_yearly": 3.44,
            "eps_latest_yearly": 1.04,
            "eps_growth_yearly": 147.58
        },
        "20104": {
            "year_quarter": 20104,
            "year": 2010,
            "quarter": 4,
            "eps": -1.43,
            "eps_growth_year": -649.76,
            "eps_4q": -2.79,
            "eps_4q_growth_year": -471.37,
            "roe": -10.82,
            "roe_4q": -19.970000000000002,
            "gross_profit": 4722,
            "gross_margin": 1.69,
            "gross_margin_4q_avg": 8.03,
            "net_income": -61599,
            "net_income_4q": null,
            "revenue": 279429,
            "revenue_4q": null,
            "common_shares": 438437,
            "book_valuer_per_share": 12.5,
            "book_valuer_per_share_4q_avg": 14.69,
            "equity": 534707,
            "current_ratio": 198.26,
            "debt_ratio": 45.7,
            "inventory_turnover_ratio": 1.09,
            "account_receivable_turnover_ratio": 1.23,
            "reinvestment_rate": 198.89,
            "research_to_sale_ratio": 4.58,
            "price_fair": 112.28,
            "eps_avg_yearly": 3.21,
            "eps_latest_yearly": 1.04,
            "eps_growth_yearly": 155.07
        },
        "20111": {
            "year_quarter": 20111,
            "year": 2011,
            "quarter": 1,
            "eps": -0.05,
            "eps_growth_year": null,
            "eps_4q": -2.22,
            "eps_4q_growth_year": -520.99,
            "roe": -0.42,
            "roe_4q": -19.59,
            "gross_profit": 24667,
            "gross_margin": 9.28,
            "gross_margin_4q_avg": 6.49,
            "net_income": -2486,
            "net_income_4q": null,
            "revenue": 265935,
            "revenue_4q": null,
            "common_shares": 527757,
            "book_valuer_per_share": 12.32,
            "book_valuer_per_share_4q_avg": 13.63,
            "equity": 650375,
            "current_ratio": 171.49,
            "debt_ratio": 39.62,
            "inventory_turnover_ratio": 1.17,
            "account_receivable_turnover_ratio": 1.25,
            "reinvestment_rate": 324.86,
            "research_to_sale_ratio": 3.83,
            "price_fair": 106.56,
            "eps_avg_yearly": 3.04,
            "eps_latest_yearly": 1.04,
            "eps_growth_yearly": 180.38
        },
        "20112": {
            "year_quarter": 20112,
            "year": 2011,
            "quarter": 2,
            "eps": 0.18,
            "eps_growth_year": null,
            "eps_4q": -1.55,
            "eps_4q_growth_year": null,
            "roe": 1.42,
            "roe_4q": -14.17,
            "gross_profit": 49252,
            "gross_margin": 13.5,
            "gross_margin_4q_avg": 8.15,
            "net_income": 9258,
            "net_income_4q": null,
            "revenue": 364891,
            "revenue_4q": null,
            "common_shares": 527882,
            "book_valuer_per_share": 12.46,
            "book_valuer_per_share_4q_avg": 12.85,
            "equity": 657675,
            "current_ratio": 175.7,
            "debt_ratio": 39.38,
            "inventory_turnover_ratio": 1.36,
            "account_receivable_turnover_ratio": 1.35,
            "reinvestment_rate": 390.72,
            "research_to_sale_ratio": 2.25,
            "price_fair": 103.43,
            "eps_avg_yearly": 2.96,
            "eps_latest_yearly": 1.04,
            "eps_growth_yearly": 212.75
        },
        "20113": {
            "year_quarter": 20113,
            "year": 2011,
            "quarter": 3,
            "eps": 0.34,
            "eps_growth_year": null,
            "eps_4q": -0.7,
            "eps_4q_growth_year": null,
            "roe": 2.66,
            "roe_4q": -7.16,
            "gross_profit": 44635,
            "gross_margin": 13.24,
            "gross_margin_4q_avg": 9.43,
            "net_income": 17852,
            "net_income_4q": null,
            "revenue": 337024,
            "revenue_4q": null,
            "common_shares": 528257,
            "book_valuer_per_share": 12.93,
            "book_valuer_per_share_4q_avg": 12.55,
            "equity": 683199,
            "current_ratio": 216.91,
            "debt_ratio": 40.91,
            "inventory_turnover_ratio": 1.44,
            "account_receivable_turnover_ratio": 1.04,
            "reinvestment_rate": 599.5,
            "research_to_sale_ratio": 2.6,
            "price_fair": 82.95,
            "eps_avg_yearly": 2.37,
            "eps_latest_yearly": 1.36,
            "eps_growth_yearly": 226.88
        },
        "20114": {
            "year_quarter": 20114,
            "year": 2011,
            "quarter": 4,
            "eps": -0.91,
            "eps_growth_year": null,
            "eps_4q": -0.44,
            "eps_4q_growth_year": null,
            "roe": -7.29,
            "roe_4q": -3.63,
            "gross_profit": 9820,
            "gross_margin": 5.13,
            "gross_margin_4q_avg": 10.29,
            "net_income": -48007,
            "net_income_4q": null,
            "revenue": 191317,
            "revenue_4q": null,
            "common_shares": 528257,
            "book_valuer_per_share": 12.01,
            "book_valuer_per_share_4q_avg": 12.43,
            "equity": 634624,
            "current_ratio": 278.89,
            "debt_ratio": 33.07,
            "inventory_turnover_ratio": 1.36,
            "account_receivable_turnover_ratio": 0.78,
            "reinvestment_rate": null,
            "research_to_sale_ratio": 5.37,
            "price_fair": 61.2,
            "eps_avg_yearly": 1.75,
            "eps_latest_yearly": 1.36,
            "eps_growth_yearly": 252.86
        },
        "20121": {
            "year_quarter": 20121,
            "year": 2012,
            "quarter": 1,
            "eps": -0.55,
            "eps_growth_year": null,
            "eps_4q": -0.94,
            "eps_4q_growth_year": null,
            "roe": -4.68,
            "roe_4q": -7.889999999999999,
            "gross_profit": 1641,
            "gross_margin": 1.96,
            "gross_margin_4q_avg": 8.46,
            "net_income": -29017,
            "net_income_4q": null,
            "revenue": 83813,
            "revenue_4q": null,
            "common_shares": 528257,
            "book_valuer_per_share": 11.44,
            "book_valuer_per_share_4q_avg": 12.21,
            "equity": 604206,
            "current_ratio": 300.8,
            "debt_ratio": 31.14,
            "inventory_turnover_ratio": 0.83,
            "account_receivable_turnover_ratio": 0.62,
            "reinvestment_rate": null,
            "research_to_sale_ratio": 10.9,
            "price_fair": 47.6,
            "eps_avg_yearly": 1.36,
            "eps_latest_yearly": 1.36,
            "eps_growth_yearly": 321.19
        },
        "20122": {
            "year_quarter": 20122,
            "year": 2012,
            "quarter": 2,
            "eps": -0.46,
            "eps_growth_year": -363.38,
            "eps_4q": -1.58,
            "eps_4q_growth_year": null,
            "roe": -4.12,
            "roe_4q": -13.43,
            "gross_profit": 11808,
            "gross_margin": 7.62,
            "gross_margin_4q_avg": 6.99,
            "net_income": -24401,
            "net_income_4q": null,
            "revenue": 155024,
            "revenue_4q": null,
            "common_shares": 528257,
            "book_valuer_per_share": 11,
            "book_valuer_per_share_4q_avg": 11.85,
            "equity": 581342,
            "current_ratio": 243.74,
            "debt_ratio": 36.43,
            "inventory_turnover_ratio": 1.57,
            "account_receivable_turnover_ratio": 1.21,
            "reinvestment_rate": null,
            "research_to_sale_ratio": 5.05,
            "price_fair": 47.6,
            "eps_avg_yearly": 1.36,
            "eps_latest_yearly": 1.36,
            "eps_growth_yearly": 321.19
        },
        "20123": {
            "year_quarter": 20123,
            "year": 2012,
            "quarter": 3,
            "eps": -0.11,
            "eps_growth_year": -132.4,
            "eps_4q": -2.03,
            "eps_4q_growth_year": null,
            "roe": -1,
            "roe_4q": -17.09,
            "gross_profit": 37407,
            "gross_margin": 19.92,
            "gross_margin_4q_avg": 8.66,
            "net_income": -5786,
            "net_income_4q": null,
            "revenue": 187748,
            "revenue_4q": null,
            "common_shares": 528507,
            "book_valuer_per_share": 10.88,
            "book_valuer_per_share_4q_avg": 11.33,
            "equity": 574866,
            "current_ratio": 230.2,
            "debt_ratio": 37.92,
            "inventory_turnover_ratio": 1.55,
            "account_receivable_turnover_ratio": 1.11,
            "reinvestment_rate": null,
            "research_to_sale_ratio": 3.38,
            "price_fair": 47.6,
            "eps_avg_yearly": 1.36,
            "eps_latest_yearly": 1.36,
            "eps_growth_yearly": 321.19
        },
        "20124": {
            "year_quarter": 20124,
            "year": 2012,
            "quarter": 4,
            "eps": -0.77,
            "eps_growth_year": null,
            "eps_4q": -1.89,
            "eps_4q_growth_year": null,
            "roe": -7.22,
            "roe_4q": -17.02,
            "gross_profit": 5142,
            "gross_margin": 3.54,
            "gross_margin_4q_avg": 8.26,
            "net_income": -40651,
            "net_income_4q": null,
            "revenue": 145077,
            "revenue_4q": null,
            "common_shares": 528507,
            "book_valuer_per_share": 10.43,
            "book_valuer_per_share_4q_avg": 10.94,
            "equity": 551488,
            "current_ratio": 631.63,
            "debt_ratio": 21.81,
            "inventory_turnover_ratio": 2.7,
            "account_receivable_turnover_ratio": 1.01,
            "reinvestment_rate": null,
            "research_to_sale_ratio": 6.06,
            "price_fair": 30.52,
            "eps_avg_yearly": 0.87,
            "eps_latest_yearly": 1.36,
            "eps_growth_yearly": 260.02
        },
        "20131": {
            "year_quarter": 20131,
            "year": 2013,
            "quarter": 1,
            "eps": 0.07,
            "eps_growth_year": null,
            "eps_4q": -1.27,
            "eps_4q_growth_year": null,
            "roe": 0.71,
            "roe_4q": -11.629999999999999,
            "gross_profit": -183,
            "gross_margin": -0.23,
            "gross_margin_4q_avg": 7.71,
            "net_income": 3957,
            "net_income_4q": null,
            "revenue": 81181,
            "revenue_4q": null,
            "common_shares": 528507,
            "book_valuer_per_share": 10.55,
            "book_valuer_per_share_4q_avg": 10.72,
            "equity": 557395,
            "current_ratio": 427.16,
            "debt_ratio": 25.96,
            "inventory_turnover_ratio": null,
            "account_receivable_turnover_ratio": 0.96,
            "reinvestment_rate": null,
            "research_to_sale_ratio": 0,
            "price_fair": 35,
            "eps_avg_yearly": 1,
            "eps_latest_yearly": 1.36,
            "eps_growth_yearly": 415.56
        },
        "20132": {
            "year_quarter": 20132,
            "year": 2013,
            "quarter": 2,
            "eps": -0.04,
            "eps_growth_year": null,
            "eps_4q": -0.84,
            "eps_4q_growth_year": null,
            "roe": -0.38,
            "roe_4q": -7.89,
            "gross_profit": 539,
            "gross_margin": 0.81,
            "gross_margin_4q_avg": 6.01,
            "net_income": -2121,
            "net_income_4q": null,
            "revenue": 66651,
            "revenue_4q": null,
            "common_shares": 528507,
            "book_valuer_per_share": 10.51,
            "book_valuer_per_share_4q_avg": 10.59,
            "equity": 555670,
            "current_ratio": 621.71,
            "debt_ratio": 21.68,
            "inventory_turnover_ratio": 3.08,
            "account_receivable_turnover_ratio": 1.45,
            "reinvestment_rate": null,
            "research_to_sale_ratio": 0,
            "price_fair": 32.67,
            "eps_avg_yearly": 0.93,
            "eps_latest_yearly": 1.36,
            "eps_growth_yearly": 242.96
        },
        "20133": {
            "year_quarter": 20133,
            "year": 2013,
            "quarter": 3,
            "eps": -0.08,
            "eps_growth_year": null,
            "eps_4q": -0.53,
            "eps_4q_growth_year": null,
            "roe": -0.69,
            "roe_4q": -7.58,
            "gross_profit": 2947,
            "gross_margin": 3.64,
            "gross_margin_4q_avg": 1.94,
            "net_income": -5425,
            "net_income_4q": null,
            "revenue": 81028,
            "revenue_4q": null,
            "common_shares": 829007,
            "book_valuer_per_share": 12.33,
            "book_valuer_per_share_4q_avg": 10.96,
            "equity": 1021818,
            "current_ratio": 157.38,
            "debt_ratio": 57.01,
            "inventory_turnover_ratio": 0.12,
            "account_receivable_turnover_ratio": 3.74,
            "reinvestment_rate": null,
            "research_to_sale_ratio": 0,
            "price_fair": 42,
            "eps_avg_yearly": 1.2,
            "eps_latest_yearly": 1.36,
            "eps_growth_yearly": 497.78
        },
        "20134": {
            "year_quarter": 20134,
            "year": 2013,
            "quarter": 4,
            "eps": 0.89,
            "eps_growth_year": null,
            "eps_4q": 0.84,
            "eps_4q_growth_year": null,
            "roe": 6.94,
            "roe_4q": 6.58,
            "gross_profit": 166850,
            "gross_margin": 16.97,
            "gross_margin_4q_avg": 5.3,
            "net_income": 73468,
            "net_income_4q": null,
            "revenue": 983079,
            "revenue_4q": null,
            "common_shares": 829807,
            "book_valuer_per_share": 13.21,
            "book_valuer_per_share_4q_avg": 11.65,
            "equity": 1096167,
            "current_ratio": 244.13,
            "debt_ratio": 35.89,
            "inventory_turnover_ratio": 0.82,
            "account_receivable_turnover_ratio": 29.3,
            "reinvestment_rate": null,
            "research_to_sale_ratio": -0,
            "price_fair": 47.6,
            "eps_avg_yearly": 1.36,
            "eps_latest_yearly": 1.36,
            "eps_growth_yearly": 355.56
        },
        "20141": {
            "year_quarter": 20141,
            "year": 2014,
            "quarter": 1,
            "eps": 0.4,
            "eps_growth_year": 471.43,
            "eps_4q": 1.2,
            "eps_4q_growth_year": null,
            "roe": 2.93,
            "roe_4q": 8.8,
            "gross_profit": 63574,
            "gross_margin": 26.24,
            "gross_margin_4q_avg": 11.92,
            "net_income": 33473,
            "net_income_4q": null,
            "revenue": 242257,
            "revenue_4q": null,
            "common_shares": 829807,
            "book_valuer_per_share": 14.3,
            "book_valuer_per_share_4q_avg": 12.59,
            "equity": 1186976,
            "current_ratio": 320.17,
            "debt_ratio": 43.61,
            "inventory_turnover_ratio": 0.18,
            "account_receivable_turnover_ratio": 9.29,
            "reinvestment_rate": null,
            "research_to_sale_ratio": 0,
            "price_fair": 51.8,
            "eps_avg_yearly": 1.48,
            "eps_latest_yearly": 1.6,
            "eps_growth_yearly": 67.67
        },
        "20142": {
            "year_quarter": 20142,
            "year": 2014,
            "quarter": 2,
            "eps": -0.05,
            "eps_growth_year": null,
            "eps_4q": 1.17,
            "eps_4q_growth_year": null,
            "roe": -0.37,
            "roe_4q": 8.81,
            "gross_profit": 8450,
            "gross_margin": 5.75,
            "gross_margin_4q_avg": 13.15,
            "net_income": -4411,
            "net_income_4q": null,
            "revenue": 146993,
            "revenue_4q": null,
            "common_shares": 829807,
            "book_valuer_per_share": 14.25,
            "book_valuer_per_share_4q_avg": 13.52,
            "equity": 1182601,
            "current_ratio": 281.03,
            "debt_ratio": 55.23,
            "inventory_turnover_ratio": 0.11,
            "account_receivable_turnover_ratio": 7.85,
            "reinvestment_rate": null,
            "research_to_sale_ratio": 0,
            "price_fair": 51.8,
            "eps_avg_yearly": 1.48,
            "eps_latest_yearly": 1.6,
            "eps_growth_yearly": 67.67
        },
        "20143": {
            "year_quarter": 20143,
            "year": 2014,
            "quarter": 3,
            "eps": -0.04,
            "eps_growth_year": null,
            "eps_4q": 1.2,
            "eps_4q_growth_year": null,
            "roe": -0.25,
            "roe_4q": 9.25,
            "gross_profit": 27079,
            "gross_margin": 13.86,
            "gross_margin_4q_avg": 15.71,
            "net_income": -2970,
            "net_income_4q": null,
            "revenue": 195352,
            "revenue_4q": null,
            "common_shares": 830002,
            "book_valuer_per_share": 14.22,
            "book_valuer_per_share_4q_avg": 14,
            "equity": 1179858,
            "current_ratio": 273.51,
            "debt_ratio": 55.91,
            "inventory_turnover_ratio": 0.12,
            "account_receivable_turnover_ratio": 3.29,
            "reinvestment_rate": null,
            "research_to_sale_ratio": 0,
            "price_fair": 51.8,
            "eps_avg_yearly": 1.48,
            "eps_latest_yearly": 1.6,
            "eps_growth_yearly": 67.67
        },
        "20144": {
            "year_quarter": 20144,
            "year": 2014,
            "quarter": 4,
            "eps": 0.08,
            "eps_growth_year": -91.29,
            "eps_4q": 0.39,
            "eps_4q_growth_year": -53.56,
            "roe": 0.54,
            "roe_4q": 2.85,
            "gross_profit": 9087,
            "gross_margin": 3.64,
            "gross_margin_4q_avg": 12.37,
            "net_income": 6408,
            "net_income_4q": null,
            "revenue": 249777,
            "revenue_4q": null,
            "common_shares": 831002,
            "book_valuer_per_share": 14.29,
            "book_valuer_per_share_4q_avg": 14.27,
            "equity": 1187282,
            "current_ratio": 323.44,
            "debt_ratio": 52.61,
            "inventory_turnover_ratio": 0.17,
            "account_receivable_turnover_ratio": 2.29,
            "reinvestment_rate": null,
            "research_to_sale_ratio": 0,
            "price_fair": 51.8,
            "eps_avg_yearly": 1.48,
            "eps_latest_yearly": 1.6,
            "eps_growth_yearly": 67.67
        },
        "20151": {
            "year_quarter": 20151,
            "year": 2015,
            "quarter": 1,
            "eps": -0.01,
            "eps_growth_year": -102.5,
            "eps_4q": -0.11,
            "eps_4q_growth_year": -108.96,
            "roe": -0.67,
            "roe_4q": -0.75,
            "gross_profit": 5417,
            "gross_margin": 5.89,
            "gross_margin_4q_avg": 7.29,
            "net_income": -7941,
            "net_income_4q": null,
            "revenue": 91988,
            "revenue_4q": null,
            "common_shares": 831002,
            "book_valuer_per_share": 14.19,
            "book_valuer_per_share_4q_avg": 14.24,
            "equity": 1179356,
            "current_ratio": 339.48,
            "debt_ratio": 54.04,
            "inventory_turnover_ratio": 0.06,
            "account_receivable_turnover_ratio": 1.04,
            "reinvestment_rate": null,
            "research_to_sale_ratio": 0,
            "price_fair": 51.8,
            "eps_avg_yearly": 1.48,
            "eps_latest_yearly": 1.6,
            "eps_growth_yearly": 67.67
        },
        "20152": {
            "year_quarter": 20152,
            "year": 2015,
            "quarter": 2,
            "eps": -0.08,
            "eps_growth_year": null,
            "eps_4q": -0.14,
            "eps_4q_growth_year": -111.57,
            "roe": -0.57,
            "roe_4q": -0.95,
            "gross_profit": 6215,
            "gross_margin": 5.31,
            "gross_margin_4q_avg": 7.18,
            "net_income": -6749,
            "net_income_4q": null,
            "revenue": 116952,
            "revenue_4q": null,
            "common_shares": 831002,
            "book_valuer_per_share": 14.11,
            "book_valuer_per_share_4q_avg": 14.2,
            "equity": 1172623,
            "current_ratio": 286.74,
            "debt_ratio": 55.17,
            "inventory_turnover_ratio": 0.07,
            "account_receivable_turnover_ratio": 2.87,
            "reinvestment_rate": null,
            "research_to_sale_ratio": 0,
            "price_fair": 51.8,
            "eps_avg_yearly": 1.48,
            "eps_latest_yearly": 1.6,
            "eps_growth_yearly": 67.67
        },
        "20153": {
            "year_quarter": 20153,
            "year": 2015,
            "quarter": 3,
            "eps": 0.2,
            "eps_growth_year": null,
            "eps_4q": 0.1,
            "eps_4q_growth_year": -92.01,
            "roe": 1.38,
            "roe_4q": 0.6799999999999999,
            "gross_profit": 30982,
            "gross_margin": 9.75,
            "gross_margin_4q_avg": 6.15,
            "net_income": 16246,
            "net_income_4q": null,
            "revenue": 317673,
            "revenue_4q": null,
            "common_shares": 831307,
            "book_valuer_per_share": 14.31,
            "book_valuer_per_share_4q_avg": 14.23,
            "equity": 1189185,
            "current_ratio": 277.86,
            "debt_ratio": 55.69,
            "inventory_turnover_ratio": 0.17,
            "account_receivable_turnover_ratio": 5.08,
            "reinvestment_rate": null,
            "research_to_sale_ratio": 0,
            "price_fair": 4.8,
            "eps_avg_yearly": 1.6,
            "eps_latest_yearly": 1.6,
            "eps_growth_yearly": -220.22
        },
        "20154": {
            "year_quarter": 20154,
            "year": 2015,
            "quarter": 4,
            "eps": -0.85,
            "eps_growth_year": -1207.25,
            "eps_4q": -0.84,
            "eps_4q_growth_year": -313.53,
            "roe": -6.15,
            "roe_4q": -6.010000000000001,
            "gross_profit": -105605,
            "gross_margin": -29.57,
            "gross_margin_4q_avg": -2.16,
            "net_income": -70979,
            "net_income_4q": null,
            "revenue": 357123,
            "revenue_4q": null,
            "common_shares": 831307,
            "book_valuer_per_share": 13.45,
            "book_valuer_per_share_4q_avg": 14.02,
            "equity": 1118206,
            "current_ratio": 417.88,
            "debt_ratio": 59.3,
            "inventory_turnover_ratio": 0.28,
            "account_receivable_turnover_ratio": 3.85,
            "reinvestment_rate": null,
            "research_to_sale_ratio": 0,
            "price_fair": 4.8,
            "eps_avg_yearly": 1.6,
            "eps_latest_yearly": 1.6,
            "eps_growth_yearly": -220.22
        },
        "20161": {
            "year_quarter": 20161,
            "year": 2016,
            "quarter": 1,
            "eps": 0.09,
            "eps_growth_year": null,
            "eps_4q": -0.65,
            "eps_4q_growth_year": null,
            "roe": 0.68,
            "roe_4q": -4.660000000000001,
            "gross_profit": 17173,
            "gross_margin": 11.93,
            "gross_margin_4q_avg": -0.65,
            "net_income": 7675,
            "net_income_4q": null,
            "revenue": 143991,
            "revenue_4q": null,
            "common_shares": 831307,
            "book_valuer_per_share": 13.54,
            "book_valuer_per_share_4q_avg": 13.85,
            "equity": 1125881,
            "current_ratio": 396.08,
            "debt_ratio": 59.74,
            "inventory_turnover_ratio": 0.08,
            "account_receivable_turnover_ratio": 2,
            "reinvestment_rate": null,
            "research_to_sale_ratio": 0,
            "price_fair": 4.8,
            "eps_avg_yearly": 1.6,
            "eps_latest_yearly": 1.6,
            "eps_growth_yearly": -220.22
        },
        "20162": {
            "year_quarter": 20162,
            "year": 2016,
            "quarter": 2,
            "eps": 0.15,
            "eps_growth_year": null,
            "eps_4q": -0.42,
            "eps_4q_growth_year": null,
            "roe": 1.08,
            "roe_4q": -3.0100000000000007,
            "gross_profit": 28649,
            "gross_margin": 8.34,
            "gross_margin_4q_avg": 0.11,
            "net_income": 12231,
            "net_income_4q": null,
            "revenue": 343361,
            "revenue_4q": null,
            "common_shares": 831307,
            "book_valuer_per_share": 13.69,
            "book_valuer_per_share_4q_avg": 13.75,
            "equity": 1138112,
            "current_ratio": 257.34,
            "debt_ratio": 62.06,
            "inventory_turnover_ratio": 0.19,
            "account_receivable_turnover_ratio": 3.91,
            "reinvestment_rate": -6096.39,
            "research_to_sale_ratio": 0,
            "price_fair": 36.54,
            "eps_avg_yearly": 1.1,
            "eps_latest_yearly": 0.6,
            "eps_growth_yearly": 23.22
        },
        "20163": {
            "year_quarter": 20163,
            "year": 2016,
            "quarter": 3,
            "eps": 1.02,
            "eps_growth_year": 410,
            "eps_4q": 0.4,
            "eps_4q_growth_year": 321.55,
            "roe": 7.17,
            "roe_4q": 2.7799999999999994,
            "gross_profit": 125015,
            "gross_margin": 23.42,
            "gross_margin_4q_avg": 3.53,
            "net_income": 84645,
            "net_income_4q": null,
            "revenue": 533787,
            "revenue_4q": null,
            "common_shares": 831307,
            "book_valuer_per_share": 14.71,
            "book_valuer_per_share_4q_avg": 13.85,
            "equity": 1222757,
            "current_ratio": 428.85,
            "debt_ratio": 58.06,
            "inventory_turnover_ratio": 0.25,
            "account_receivable_turnover_ratio": 6.81,
            "reinvestment_rate": -403.11,
            "research_to_sale_ratio": 0,
            "price_fair": 73.27,
            "eps_avg_yearly": 2.09,
            "eps_latest_yearly": 4.08,
            "eps_growth_yearly": 788.81
        },
        "20164": {
            "year_quarter": 20164,
            "year": 2016,
            "quarter": 4,
            "eps": 0.53,
            "eps_growth_year": null,
            "eps_4q": 1.78,
            "eps_4q_growth_year": null,
            "roe": 3.52,
            "roe_4q": 12.45,
            "gross_profit": 83366,
            "gross_margin": 23.07,
            "gross_margin_4q_avg": 16.69,
            "net_income": 43823,
            "net_income_4q": null,
            "revenue": 361301,
            "revenue_4q": null,
            "common_shares": 831307,
            "book_valuer_per_share": 15.24,
            "book_valuer_per_share_4q_avg": 14.3,
            "equity": 1266580,
            "current_ratio": 370.75,
            "debt_ratio": 60.36,
            "inventory_turnover_ratio": 0.16,
            "account_receivable_turnover_ratio": 3.23,
            "reinvestment_rate": -140.55,
            "research_to_sale_ratio": 0,
            "price_fair": 73.5,
            "eps_avg_yearly": 2.1,
            "eps_latest_yearly": 2.12,
            "eps_growth_yearly": 543.57
        },
        "20171": {
            "year_quarter": 20171,
            "year": 2017,
            "quarter": 1,
            "eps": -0.13,
            "eps_growth_year": -244.44,
            "eps_4q": 1.56,
            "eps_4q_growth_year": null,
            "roe": -0.85,
            "roe_4q": 10.92,
            "gross_profit": 31152,
            "gross_margin": 10.73,
            "gross_margin_4q_avg": 16.39,
            "net_income": -10669,
            "net_income_4q": null,
            "revenue": 290453,
            "revenue_4q": null,
            "common_shares": 831307,
            "book_valuer_per_share": 15.11,
            "book_valuer_per_share_4q_avg": 14.69,
            "equity": 1255911,
            "current_ratio": 324.91,
            "debt_ratio": 64.2,
            "inventory_turnover_ratio": 0.13,
            "account_receivable_turnover_ratio": 1.48,
            "reinvestment_rate": -151.25,
            "research_to_sale_ratio": 0,
            "price_fair": 73.5,
            "eps_avg_yearly": 2.1,
            "eps_latest_yearly": 2.12,
            "eps_growth_yearly": 543.57
        },
        "20172": {
            "year_quarter": 20172,
            "year": 2017,
            "quarter": 2,
            "eps": 0.06,
            "eps_growth_year": -60,
            "eps_4q": 1.48,
            "eps_4q_growth_year": null,
            "roe": 0.41,
            "roe_4q": 10.25,
            "gross_profit": 21359,
            "gross_margin": 25.81,
            "gross_margin_4q_avg": 20.76,
            "net_income": 5084,
            "net_income_4q": null,
            "revenue": 82757,
            "revenue_4q": null,
            "common_shares": 831307,
            "book_valuer_per_share": 14.67,
            "book_valuer_per_share_4q_avg": 14.93,
            "equity": 1219430,
            "current_ratio": 323.25,
            "debt_ratio": 64.81,
            "inventory_turnover_ratio": 0.03,
            "account_receivable_turnover_ratio": 0.44,
            "reinvestment_rate": -143.98,
            "research_to_sale_ratio": 0,
            "price_fair": 73.5,
            "eps_avg_yearly": 2.1,
            "eps_latest_yearly": 2.12,
            "eps_growth_yearly": 543.57
        },
        "20173": {
            "year_quarter": 20173,
            "year": 2017,
            "quarter": 3,
            "eps": 0.06,
            "eps_growth_year": -94.12,
            "eps_4q": 0.52,
            "eps_4q_growth_year": 28.77,
            "roe": 0.41,
            "roe_4q": 3.49,
            "gross_profit": 18164,
            "gross_margin": 31.12,
            "gross_margin_4q_avg": 22.68,
            "net_income": 4992,
            "net_income_4q": null,
            "revenue": 58376,
            "revenue_4q": null,
            "common_shares": 831307,
            "book_valuer_per_share": 14.73,
            "book_valuer_per_share_4q_avg": 14.94,
            "equity": 1224422,
            "current_ratio": 348.89,
            "debt_ratio": 63.68,
            "inventory_turnover_ratio": 0.02,
            "account_receivable_turnover_ratio": 0.53,
            "reinvestment_rate": -135.21,
            "research_to_sale_ratio": 0,
            "price_fair": 60.48,
            "eps_avg_yearly": 1.73,
            "eps_latest_yearly": 0.24,
            "eps_growth_yearly": 434.86
        },
        "20174": {
            "year_quarter": 20174,
            "year": 2017,
            "quarter": 4,
            "eps": -0.08,
            "eps_growth_year": -115.08,
            "eps_4q": -0.09,
            "eps_4q_growth_year": -104.85,
            "roe": -0.54,
            "roe_4q": -0.5700000000000001,
            "gross_profit": 10725,
            "gross_margin": 37.14,
            "gross_margin_4q_avg": 26.2,
            "net_income": -6610,
            "net_income_4q": null,
            "revenue": 28874,
            "revenue_4q": null,
            "common_shares": 831307,
            "book_valuer_per_share": 14.65,
            "book_valuer_per_share_4q_avg": 14.79,
            "equity": 1217812,
            "current_ratio": 287.67,
            "debt_ratio": 65.52,
            "inventory_turnover_ratio": 0.01,
            "account_receivable_turnover_ratio": 1.08,
            "reinvestment_rate": -0.85,
            "research_to_sale_ratio": 0,
            "price_fair": 60.48,
            "eps_avg_yearly": 1.73,
            "eps_latest_yearly": 0.24,
            "eps_growth_yearly": 434.86
        },
        "20181": {
            "year_quarter": 20181,
            "year": 2018,
            "quarter": 1,
            "eps": 0.13,
            "eps_growth_year": null,
            "eps_4q": 0.17,
            "eps_4q_growth_year": -88.91,
            "roe": 0.9,
            "roe_4q": 1.18,
            "gross_profit": 27441,
            "gross_margin": 17.73,
            "gross_margin_4q_avg": 27.95,
            "net_income": 10951,
            "net_income_4q": null,
            "revenue": 154731,
            "revenue_4q": null,
            "common_shares": 831307,
            "book_valuer_per_share": 14.78,
            "book_valuer_per_share_4q_avg": 14.71,
            "equity": 1228763,
            "current_ratio": 268.13,
            "debt_ratio": 66.6,
            "inventory_turnover_ratio": 0.05,
            "account_receivable_turnover_ratio": 21.91,
            "reinvestment_rate": -1.45,
            "research_to_sale_ratio": 0,
            "price_fair": 61.6,
            "eps_avg_yearly": 1.76,
            "eps_latest_yearly": 0.24,
            "eps_growth_yearly": 598.63
        },
        "20182": {
            "year_quarter": 20182,
            "year": 2018,
            "quarter": 2,
            "eps": 0.24,
            "eps_growth_year": 300,
            "eps_4q": 0.35,
            "eps_4q_growth_year": -76.46,
            "roe": 1.58,
            "roe_4q": 2.35,
            "gross_profit": 41413,
            "gross_margin": 15.97,
            "gross_margin_4q_avg": 25.49,
            "net_income": 19597,
            "net_income_4q": null,
            "revenue": 259296,
            "revenue_4q": null,
            "common_shares": 831307,
            "book_valuer_per_share": 15.02,
            "book_valuer_per_share_4q_avg": 14.8,
            "equity": 1248360,
            "current_ratio": 290.7,
            "debt_ratio": 64.92,
            "inventory_turnover_ratio": 0.08,
            "account_receivable_turnover_ratio": 10,
            "reinvestment_rate": -1,
            "research_to_sale_ratio": 0,
            "price_fair": 56,
            "eps_avg_yearly": 1.6,
            "eps_latest_yearly": 0.96,
            "eps_growth_yearly": 546.59
        },
        "20183": {
            "year_quarter": 20183,
            "year": 2018,
            "quarter": 3,
            "eps": 0.1,
            "eps_growth_year": 66.67,
            "eps_4q": 0.39,
            "eps_4q_growth_year": -25.64,
            "roe": 0.66,
            "roe_4q": 2.6,
            "gross_profit": 36308,
            "gross_margin": 16.23,
            "gross_margin_4q_avg": 21.77,
            "net_income": 8207,
            "net_income_4q": null,
            "revenue": 223674,
            "revenue_4q": null,
            "common_shares": 831307,
            "book_valuer_per_share": 15.12,
            "book_valuer_per_share_4q_avg": 14.89,
            "equity": 1256567,
            "current_ratio": 310.71,
            "debt_ratio": 63.72,
            "inventory_turnover_ratio": 0.07,
            "account_receivable_turnover_ratio": 8.37,
            "reinvestment_rate": -0.86,
            "research_to_sale_ratio": 0,
            "price_fair": 49,
            "eps_avg_yearly": 1.4,
            "eps_latest_yearly": 0.4,
            "eps_growth_yearly": 416.61
        },
        "20184": {
            "year_quarter": 20184,
            "year": 2018,
            "quarter": 4,
            "eps": 0.07,
            "eps_growth_year": null,
            "eps_4q": 0.54,
            "eps_4q_growth_year": null,
            "roe": 0.47,
            "roe_4q": 3.61,
            "gross_profit": 21917,
            "gross_margin": 16.8,
            "gross_margin_4q_avg": 16.68,
            "net_income": 5916,
            "net_income_4q": null,
            "revenue": 130491,
            "revenue_4q": null,
            "common_shares": 831307,
            "book_valuer_per_share": 15.19,
            "book_valuer_per_share_4q_avg": 15.03,
            "equity": 1262483,
            "current_ratio": 333.75,
            "debt_ratio": 63.64,
            "inventory_turnover_ratio": 0.04,
            "account_receivable_turnover_ratio": 52.41,
            "reinvestment_rate": -0.78,
            "research_to_sale_ratio": 0,
            "price_fair": 43.4,
            "eps_avg_yearly": 1.24,
            "eps_latest_yearly": 0.28,
            "eps_growth_yearly": 339.95
        },
        "20191": {
            "year_quarter": 20191,
            "year": 2019,
            "quarter": 1,
            "eps": 0.03,
            "eps_growth_year": -76.92,
            "eps_4q": 0.43,
            "eps_4q_growth_year": 148.73,
            "roe": 0.17,
            "roe_4q": 2.88,
            "gross_profit": 21447,
            "gross_margin": 14.11,
            "gross_margin_4q_avg": 15.78,
            "net_income": 2139,
            "net_income_4q": null,
            "revenue": 151962,
            "revenue_4q": null,
            "common_shares": 831307,
            "book_valuer_per_share": 15.21,
            "book_valuer_per_share_4q_avg": 15.14,
            "equity": 1264622,
            "current_ratio": 251.34,
            "debt_ratio": 62.26,
            "inventory_turnover_ratio": 0.05,
            "account_receivable_turnover_ratio": 28.19,
            "reinvestment_rate": -0.67,
            "research_to_sale_ratio": null,
            "price_fair": 38.5,
            "eps_avg_yearly": 1.1,
            "eps_latest_yearly": 0.12,
            "eps_growth_yearly": 268.88
        },
        "20192": {
            "year_quarter": 20192,
            "year": 2019,
            "quarter": 2,
            "eps": 0.26,
            "eps_growth_year": 8.33,
            "eps_4q": 0.45,
            "eps_4q_growth_year": 29.86,
            "roe": 1.69,
            "roe_4q": 2.99,
            "gross_profit": 46496,
            "gross_margin": 16.59,
            "gross_margin_4q_avg": 15.93,
            "net_income": 21306,
            "net_income_4q": null,
            "revenue": 280309,
            "revenue_4q": null,
            "common_shares": 831307,
            "book_valuer_per_share": 15.17,
            "book_valuer_per_share_4q_avg": 15.17,
            "equity": 1260989,
            "current_ratio": 277.41,
            "debt_ratio": 60.12,
            "inventory_turnover_ratio": 0.1,
            "account_receivable_turnover_ratio": 45.91,
            "reinvestment_rate": -0.6,
            "research_to_sale_ratio": null,
            "price_fair": 38.27,
            "eps_avg_yearly": 1.09,
            "eps_latest_yearly": 1.04,
            "eps_growth_yearly": 579.75
        },
        "20193": {
            "year_quarter": 20193,
            "year": 2019,
            "quarter": 3,
            "eps": 0.13,
            "eps_growth_year": 30,
            "eps_4q": 0.48,
            "eps_4q_growth_year": 25.34,
            "roe": 0.86,
            "roe_4q": 3.1899999999999995,
            "gross_profit": 29994,
            "gross_margin": 14.64,
            "gross_margin_4q_avg": 15.54,
            "net_income": 10930,
            "net_income_4q": null,
            "revenue": 204850,
            "revenue_4q": null,
            "common_shares": 831307,
            "book_valuer_per_share": 15.3,
            "book_valuer_per_share_4q_avg": 15.22,
            "equity": 1271919,
            "current_ratio": 289.91,
            "debt_ratio": 59.1,
            "inventory_turnover_ratio": 0.07,
            "account_receivable_turnover_ratio": 85.18,
            "reinvestment_rate": -0.79,
            "research_to_sale_ratio": null,
            "price_fair": 36.26,
            "eps_avg_yearly": 1.04,
            "eps_latest_yearly": 0.52,
            "eps_growth_yearly": 501.77
        },
        "20194": {
            "year_quarter": 20194,
            "year": 2019,
            "quarter": 4,
            "eps": 0.13,
            "eps_growth_year": 88.71,
            "eps_4q": 0.55,
            "eps_4q_growth_year": 1.94,
            "roe": 0.87,
            "roe_4q": 3.59,
            "gross_profit": 31969,
            "gross_margin": 12.04,
            "gross_margin_4q_avg": 14.35,
            "net_income": 11164,
            "net_income_4q": null,
            "revenue": 265439,
            "revenue_4q": null,
            "common_shares": 831307,
            "book_valuer_per_share": 15.43,
            "book_valuer_per_share_4q_avg": 15.28,
            "equity": 1283083,
            "current_ratio": 201.34,
            "debt_ratio": 60.16,
            "inventory_turnover_ratio": 0.1,
            "account_receivable_turnover_ratio": 7.34,
            "reinvestment_rate": -0.48,
            "research_to_sale_ratio": null,
            "price_fair": 34.62,
            "eps_avg_yearly": 0.99,
            "eps_latest_yearly": 0.52,
            "eps_growth_yearly": 456.16
        },
        "20201": {
            "year_quarter": 20201,
            "year": 2020,
            "quarter": 1,
            "eps": 0.1,
            "eps_growth_year": 233.33,
            "eps_4q": 0.63,
            "eps_4q_growth_year": 45.22,
            "roe": 0.67,
            "roe_4q": 4.09,
            "gross_profit": 36821,
            "gross_margin": 8.67,
            "gross_margin_4q_avg": 12.99,
            "net_income": 8674,
            "net_income_4q": null,
            "revenue": 424675,
            "revenue_4q": null,
            "common_shares": 831307,
            "book_valuer_per_share": 15.54,
            "book_valuer_per_share_4q_avg": 15.36,
            "equity": 1291757,
            "current_ratio": 215.38,
            "debt_ratio": 56.98,
            "inventory_turnover_ratio": 0.17,
            "account_receivable_turnover_ratio": 6.42,
            "reinvestment_rate": -0.28,
            "research_to_sale_ratio": null,
            "price_fair": 32.9,
            "eps_avg_yearly": 0.94,
            "eps_latest_yearly": 0.4,
            "eps_growth_yearly": 410.45
        },
        "20202": {
            "year_quarter": 20202,
            "year": 2020,
            "quarter": 2,
            "eps": 0.06,
            "eps_growth_year": -76.92,
            "eps_4q": 0.43,
            "eps_4q_growth_year": -5.24,
            "roe": 0.38,
            "roe_4q": 2.78,
            "gross_profit": 22248,
            "gross_margin": 5.69,
            "gross_margin_4q_avg": 10.26,
            "net_income": 4831,
            "net_income_4q": null,
            "revenue": 390898,
            "revenue_4q": null,
            "common_shares": 831307,
            "book_valuer_per_share": 15.3,
            "book_valuer_per_share_4q_avg": 15.39,
            "equity": 1271649,
            "current_ratio": 210.98,
            "debt_ratio": 57.81,
            "inventory_turnover_ratio": 0.16,
            "account_receivable_turnover_ratio": 6.71,
            "reinvestment_rate": -0.33,
            "research_to_sale_ratio": null,
            "price_fair": 31.85,
            "eps_avg_yearly": 0.91,
            "eps_latest_yearly": 0.24,
            "eps_growth_yearly": 374.9
        },
        "20203": {
            "year_quarter": 20203,
            "year": 2020,
            "quarter": 3,
            "eps": 0.22,
            "eps_growth_year": 69.23,
            "eps_4q": 0.51,
            "eps_4q_growth_year": 6.12,
            "roe": 1.41,
            "roe_4q": 3.33,
            "gross_profit": 52479,
            "gross_margin": 7.64,
            "gross_margin_4q_avg": 8.51,
            "net_income": 18089,
            "net_income_4q": null,
            "revenue": 687220,
            "revenue_4q": null,
            "common_shares": 831307,
            "book_valuer_per_share": 15.51,
            "book_valuer_per_share_4q_avg": 15.45,
            "equity": 1289738,
            "current_ratio": 152.02,
            "debt_ratio": 62.86,
            "inventory_turnover_ratio": 0.26,
            "account_receivable_turnover_ratio": 9.14,
            "reinvestment_rate": -0.54,
            "research_to_sale_ratio": null,
            "price_fair": 22.52,
            "eps_avg_yearly": 0.64,
            "eps_latest_yearly": 0.88,
            "eps_growth_yearly": 270.45
        },
        "20204": {
            "year_quarter": 20204,
            "year": 2020,
            "quarter": 4,
            "eps": -0.06,
            "eps_growth_year": -145.24,
            "eps_4q": 0.32,
            "eps_4q_growth_year": -41.71,
            "roe": -0.39,
            "roe_4q": 2.07,
            "gross_profit": 11706,
            "gross_margin": 4.64,
            "gross_margin_4q_avg": 6.66,
            "net_income": -5051,
            "net_income_4q": null,
            "revenue": 252454,
            "revenue_4q": null,
            "common_shares": 831307,
            "book_valuer_per_share": 15.56,
            "book_valuer_per_share_4q_avg": 15.48,
            "equity": 1293610,
            "current_ratio": 176.04,
            "debt_ratio": 65.2,
            "inventory_turnover_ratio": 0.09,
            "account_receivable_turnover_ratio": 2.43,
            "reinvestment_rate": -0.75,
            "research_to_sale_ratio": null,
            "price_fair": 17.82,
            "eps_avg_yearly": 0.51,
            "eps_latest_yearly": 0.88,
            "eps_growth_yearly": 312.51
        },
        "20211": {
            "year_quarter": 20211,
            "year": 2021,
            "quarter": 1,
            "eps": 0.16,
            "eps_growth_year": 60,
            "eps_4q": 0.38,
            "eps_4q_growth_year": -39.45,
            "roe": 1.05,
            "roe_4q": 2.4499999999999997,
            "gross_profit": 67101,
            "gross_margin": 7.88,
            "gross_margin_4q_avg": 6.46,
            "net_income": 13661,
            "net_income_4q": null,
            "revenue": 852026,
            "revenue_4q": null,
            "common_shares": 831307,
            "book_valuer_per_share": 15.73,
            "book_valuer_per_share_4q_avg": 15.53,
            "equity": 1307271,
            "current_ratio": 196.59,
            "debt_ratio": 60.63,
            "inventory_turnover_ratio": 0.29,
            "account_receivable_turnover_ratio": 8.12,
            "reinvestment_rate": -0.23,
            "research_to_sale_ratio": null,
            "price_fair": 17.82,
            "eps_avg_yearly": 0.51,
            "eps_latest_yearly": 0.88,
            "eps_growth_yearly": 312.51
        },
        "20212": {
            "year_quarter": 20212,
            "year": 2021,
            "quarter": 2,
            "eps": 0.31,
            "eps_growth_year": 416.67,
            "eps_4q": 0.64,
            "eps_4q_growth_year": 48.34,
            "roe": 2,
            "roe_4q": 4.069999999999999,
            "gross_profit": 66138,
            "gross_margin": 13.36,
            "gross_margin_4q_avg": 8.38,
            "net_income": 26108,
            "net_income_4q": null,
            "revenue": 494862,
            "revenue_4q": null,
            "common_shares": 831307,
            "book_valuer_per_share": 15.74,
            "book_valuer_per_share_4q_avg": 15.64,
            "equity": 1308440,
            "current_ratio": 286.95,
            "debt_ratio": 59.8,
            "inventory_turnover_ratio": 0.17,
            "account_receivable_turnover_ratio": 5.73,
            "reinvestment_rate": -0.27,
            "research_to_sale_ratio": null,
            "price_fair": 19.95,
            "eps_avg_yearly": 0.57,
            "eps_latest_yearly": 1.24,
            "eps_growth_yearly": 317.72
        },
        "20213": {
            "year_quarter": 20213,
            "year": 2021,
            "quarter": 3,
            "eps": 0.03,
            "eps_growth_year": -86.36,
            "eps_4q": 0.45,
            "eps_4q_growth_year": -12.36,
            "roe": 0.21,
            "roe_4q": 2.8699999999999997,
            "gross_profit": 23661,
            "gross_margin": 9.83,
            "gross_margin_4q_avg": 8.93,
            "net_income": 2755,
            "net_income_4q": null,
            "revenue": 240668,
            "revenue_4q": null,
            "common_shares": 831307,
            "book_valuer_per_share": 15.77,
            "book_valuer_per_share_4q_avg": 15.7,
            "equity": 1311194,
            "current_ratio": 282.12,
            "debt_ratio": 60.1,
            "inventory_turnover_ratio": 0.09,
            "account_receivable_turnover_ratio": 2.53,
            "reinvestment_rate": -0.23,
            "research_to_sale_ratio": null,
            "price_fair": 19.6,
            "eps_avg_yearly": 0.56,
            "eps_latest_yearly": 0.12,
            "eps_growth_yearly": 287.61
        },
        "20214": {
            "year_quarter": 20214,
            "year": 2021,
            "quarter": 4,
            "eps": 0.06,
            "eps_growth_year": null,
            "eps_4q": 0.57,
            "eps_4q_growth_year": 79.4,
            "roe": 0.39,
            "roe_4q": 3.6500000000000004,
            "gross_profit": 25664,
            "gross_margin": 7.98,
            "gross_margin_4q_avg": 9.76,
            "net_income": 5094,
            "net_income_4q": null,
            "revenue": 321493,
            "revenue_4q": null,
            "common_shares": 831307,
            "book_valuer_per_share": 15.83,
            "book_valuer_per_share_4q_avg": 15.77,
            "equity": 1316288,
            "current_ratio": 285.81,
            "debt_ratio": 62.02,
            "inventory_turnover_ratio": 0.12,
            "account_receivable_turnover_ratio": 2.63,
            "reinvestment_rate": -0.19,
            "research_to_sale_ratio": null,
            "price_fair": 18.74,
            "eps_avg_yearly": 0.54,
            "eps_latest_yearly": 0.24,
            "eps_growth_yearly": 296.25
        },
        "20221": {
            "year_quarter": 20221,
            "year": 2022,
            "quarter": 1,
            "eps": -0.09,
            "eps_growth_year": -156.25,
            "eps_4q": 0.32,
            "eps_4q_growth_year": -15.36,
            "roe": -0.55,
            "roe_4q": 2.05,
            "gross_profit": 12067,
            "gross_margin": 4.75,
            "gross_margin_4q_avg": 8.98,
            "net_income": -7269,
            "net_income_4q": null,
            "revenue": 253844,
            "revenue_4q": null,
            "common_shares": 831307,
            "book_valuer_per_share": 15.75,
            "book_valuer_per_share_4q_avg": 15.77,
            "equity": 1309019,
            "current_ratio": 272.95,
            "debt_ratio": 63.01,
            "inventory_turnover_ratio": 0.09,
            "account_receivable_turnover_ratio": 2.28,
            "reinvestment_rate": -0.18,
            "research_to_sale_ratio": null,
            "price_fair": 18.74,
            "eps_avg_yearly": 0.54,
            "eps_latest_yearly": 0.24,
            "eps_growth_yearly": 296.25
        },
        "20222": {
            "year_quarter": 20222,
            "year": 2022,
            "quarter": 2,
            "eps": 0,
            "eps_growth_year": -100,
            "eps_4q": 0,
            "eps_4q_growth_year": -99.48,
            "roe": -0.02,
            "roe_4q": 0.029999999999999943,
            "gross_profit": 7995,
            "gross_margin": 3.51,
            "gross_margin_4q_avg": 6.52,
            "net_income": -303,
            "net_income_4q": null,
            "revenue": 227971,
            "revenue_4q": null,
            "common_shares": 831307,
            "book_valuer_per_share": 15.24,
            "book_valuer_per_share_4q_avg": 15.65,
            "equity": 1267151,
            "current_ratio": 202.93,
            "debt_ratio": 65.27,
            "inventory_turnover_ratio": 0.08,
            "account_receivable_turnover_ratio": 3.11,
            "reinvestment_rate": -0.11,
            "research_to_sale_ratio": null,
            "price_fair": 17.5,
            "eps_avg_yearly": 0.5,
            "eps_latest_yearly": 0.24,
            "eps_growth_yearly": 292.74
        },
        "20223": {
            "year_quarter": 20223,
            "year": 2022,
            "quarter": 3,
            "eps": -0.02,
            "eps_growth_year": -166.67,
            "eps_4q": -0.05,
            "eps_4q_growth_year": -110.47,
            "roe": -0.11,
            "roe_4q": -0.29000000000000004,
            "gross_profit": 12449,
            "gross_margin": 5.83,
            "gross_margin_4q_avg": 5.52,
            "net_income": -1446,
            "net_income_4q": null,
            "revenue": 213635,
            "revenue_4q": null,
            "common_shares": 831307,
            "book_valuer_per_share": 15.23,
            "book_valuer_per_share_4q_avg": 15.51,
            "equity": 1265705,
            "current_ratio": 192.45,
            "debt_ratio": 67.02,
            "inventory_turnover_ratio": 0.07,
            "account_receivable_turnover_ratio": 2.95,
            "reinvestment_rate": -0.09,
            "research_to_sale_ratio": null,
            "price_fair": 17.82,
            "eps_avg_yearly": 0.51,
            "eps_latest_yearly": 0.24,
            "eps_growth_yearly": 340.56
        },
        "20224": {
            "year_quarter": 20224,
            "year": 2022,
            "quarter": 4,
            "eps": 0.4,
            "eps_growth_year": 554.2,
            "eps_4q": 0.29,
            "eps_4q_growth_year": -48.95,
            "roe": 2.6,
            "roe_4q": 1.9200000000000002,
            "gross_profit": 39488,
            "gross_margin": 17.33,
            "gross_margin_4q_avg": 7.86,
            "net_income": 33325,
            "net_income_4q": null,
            "revenue": 227886,
            "revenue_4q": null,
            "common_shares": 831307,
            "book_valuer_per_share": 15.63,
            "book_valuer_per_share_4q_avg": 15.46,
            "equity": 1299030,
            "current_ratio": 158.69,
            "debt_ratio": 67.01,
            "inventory_turnover_ratio": 0.06,
            "account_receivable_turnover_ratio": 2.14,
            "reinvestment_rate": -0.07,
            "research_to_sale_ratio": null,
            "price_fair": 18.62,
            "eps_avg_yearly": 0.53,
            "eps_latest_yearly": 0.24,
            "eps_growth_yearly": 386.62
        },
        "20231": {
            "year_quarter": 20231,
            "year": 2023,
            "quarter": 1,
            "eps": -0.07,
            "eps_growth_year": null,
            "eps_4q": 0.3,
            "eps_4q_growth_year": -5.01,
            "roe": -0.48,
            "roe_4q": 1.9900000000000002,
            "gross_profit": 7645,
            "gross_margin": 4.29,
            "gross_margin_4q_avg": 7.74,
            "net_income": -6224,
            "net_income_4q": null,
            "revenue": 178394,
            "revenue_4q": null,
            "common_shares": 831307,
            "book_valuer_per_share": 15.55,
            "book_valuer_per_share_4q_avg": 15.41,
            "equity": 1292806,
            "current_ratio": 155.38,
            "debt_ratio": 68.14,
            "inventory_turnover_ratio": 0.06,
            "account_receivable_turnover_ratio": 1.96,
            "reinvestment_rate": -0.04,
            "research_to_sale_ratio": null,
            "price_fair": 20.22,
            "eps_avg_yearly": 0.58,
            "eps_latest_yearly": 0.24,
            "eps_growth_yearly": 454.97
        },
        "20232": {
            "year_quarter": 20232,
            "year": 2023,
            "quarter": 2,
            "eps": 0.24,
            "eps_growth_year": null,
            "eps_4q": 0.55,
            "eps_4q_growth_year": 16388.6,
            "roe": 1.55,
            "roe_4q": 3.56,
            "gross_profit": 8783,
            "gross_margin": 5.47,
            "gross_margin_4q_avg": 8.23,
            "net_income": 20017,
            "net_income_4q": null,
            "revenue": 160637,
            "revenue_4q": null,
            "common_shares": 831307,
            "book_valuer_per_share": 15.49,
            "book_valuer_per_share_4q_avg": 15.48,
            "equity": 1287884,
            "current_ratio": 153.99,
            "debt_ratio": 68.63,
            "inventory_turnover_ratio": 0.05,
            "account_receivable_turnover_ratio": 2.72,
            "reinvestment_rate": -0.01,
            "research_to_sale_ratio": null,
            "price_fair": 18.2,
            "eps_avg_yearly": 0.52,
            "eps_latest_yearly": 0.24,
            "eps_growth_yearly": 128.51
        },
        "20233": {
            "year_quarter": 20233,
            "year": 2023,
            "quarter": 3,
            "eps": -0.06,
            "eps_growth_year": null,
            "eps_4q": 0.51,
            "eps_4q_growth_year": null,
            "roe": -0.37,
            "roe_4q": 3.3000000000000003,
            "gross_profit": 7794,
            "gross_margin": 4.67,
            "gross_margin_4q_avg": 7.94,
            "net_income": -4803,
            "net_income_4q": null,
            "revenue": 166880,
            "revenue_4q": null,
            "common_shares": 831307,
            "book_valuer_per_share": 15.43,
            "book_valuer_per_share_4q_avg": 15.53,
            "equity": 1283081,
            "current_ratio": 154.35,
            "debt_ratio": 69.5,
            "inventory_turnover_ratio": 0.05,
            "account_receivable_turnover_ratio": 2.81,
            "reinvestment_rate": 0.02,
            "research_to_sale_ratio": null,
            "price_fair": 18.2,
            "eps_avg_yearly": 0.52,
            "eps_latest_yearly": 0.24,
            "eps_growth_yearly": 175.44
        },
        "20234": {
            "year_quarter": 20234,
            "year": 2023,
            "quarter": 4,
            "eps": 0.01,
            "eps_growth_year": -97.83,
            "eps_4q": 0.11,
            "eps_4q_growth_year": -63.04,
            "roe": 0.06,
            "roe_4q": 0.76,
            "gross_profit": 21462,
            "gross_margin": 9.11,
            "gross_margin_4q_avg": 5.89,
            "net_income": 786,
            "net_income_4q": null,
            "revenue": 235593,
            "revenue_4q": null,
            "common_shares": 904522,
            "book_valuer_per_share": 15.2,
            "book_valuer_per_share_4q_avg": 15.42,
            "equity": 1375119,
            "current_ratio": 149.45,
            "debt_ratio": 70.73,
            "inventory_turnover_ratio": 0.06,
            "account_receivable_turnover_ratio": 6.89,
            "reinvestment_rate": 0.06,
            "research_to_sale_ratio": null,
            "price_fair": 18.2,
            "eps_avg_yearly": 0.52,
            "eps_latest_yearly": 0.24,
            "eps_growth_yearly": 204.68
        }
    },
    "months": {
        "2006-03": {
            "month": "2006-03",
            "price": "36.71",
            "revenue": 104258
        },
        "2006-04": {
            "month": "2006-04",
            "price": "37.88",
            "revenue": 116672
        },
        "2006-05": {
            "month": "2006-05",
            "price": "34.93",
            "revenue": 69896
        },
        "2006-06": {
            "month": "2006-06",
            "price": "36.99",
            "revenue": 85907
        },
        "2006-07": {
            "month": "2006-07",
            "price": "37.45",
            "revenue": 86344
        },
        "2006-08": {
            "month": "2006-08",
            "price": "32.50",
            "revenue": 149532
        },
        "2006-10": {
            "month": "2006-10",
            "price": "30.08",
            "revenue": 205992
        },
        "2006-11": {
            "month": "2006-11",
            "price": "29.89",
            "revenue": 237026
        },
        "2006-12": {
            "month": "2006-12",
            "price": "29.20",
            "revenue": 156234
        },
        "2007-01": {
            "month": "2007-01",
            "price": "28.17",
            "revenue": 154066
        },
        "2007-02": {
            "month": "2007-02",
            "price": "27.18",
            "revenue": 113906
        },
        "2007-03": {
            "month": "2007-03",
            "price": "29.30",
            "revenue": 193356
        },
        "2007-04": {
            "month": "2007-04",
            "price": "37.79",
            "revenue": 156954
        },
        "2007-05": {
            "month": "2007-05",
            "price": "44.37",
            "revenue": 203943
        },
        "2007-06": {
            "month": "2007-06",
            "price": "72.21",
            "revenue": 158205
        },
        "2007-07": {
            "month": "2007-07",
            "price": "84.01",
            "revenue": 171683
        },
        "2007-08": {
            "month": "2007-08",
            "price": "70.65",
            "revenue": 225434
        },
        "2007-09": {
            "month": "2007-09",
            "price": "52.00",
            "revenue": 246847
        },
        "2007-10": {
            "month": "2007-10",
            "price": "52.94",
            "revenue": 251873
        },
        "2007-11": {
            "month": "2007-11",
            "price": "49.07",
            "revenue": 260488
        },
        "2007-12": {
            "month": "2007-12",
            "price": "45.40",
            "revenue": 247638
        },
        "2008-01": {
            "month": "2008-01",
            "price": "44.63",
            "revenue": 231657
        },
        "2008-02": {
            "month": "2008-02",
            "price": "40.95",
            "revenue": 218977
        },
        "2008-03": {
            "month": "2008-03",
            "price": "45.72",
            "revenue": 203501
        },
        "2008-04": {
            "month": "2008-04",
            "price": "47.40",
            "revenue": 83738
        },
        "2008-05": {
            "month": "2008-05",
            "price": "45.08",
            "revenue": 73985
        },
        "2008-06": {
            "month": "2008-06",
            "price": "39.39",
            "revenue": 59883
        },
        "2008-07": {
            "month": "2008-07",
            "price": "29.99",
            "revenue": 128658
        },
        "2008-08": {
            "month": "2008-08",
            "price": "26.00",
            "revenue": 135734
        },
        "2008-09": {
            "month": "2008-09",
            "price": "20.13",
            "revenue": 176991
        },
        "2008-10": {
            "month": "2008-10",
            "price": "22.68",
            "revenue": 194121
        },
        "2008-11": {
            "month": "2008-11",
            "price": "14.67",
            "revenue": 121946
        },
        "2008-12": {
            "month": "2008-12",
            "price": "9.54",
            "revenue": 85854
        },
        "2009-01": {
            "month": "2009-01",
            "price": "8.17",
            "revenue": 110415
        },
        "2009-02": {
            "month": "2009-02",
            "price": "8.86",
            "revenue": 90697
        },
        "2009-03": {
            "month": "2009-03",
            "price": "11.26",
            "revenue": 102025
        },
        "2009-04": {
            "month": "2009-04",
            "price": "14.22",
            "revenue": 123061
        },
        "2009-05": {
            "month": "2009-05",
            "price": "15.23",
            "revenue": 117275
        },
        "2009-06": {
            "month": "2009-06",
            "price": "17.19",
            "revenue": 67358
        },
        "2009-07": {
            "month": "2009-07",
            "price": "17.25",
            "revenue": 109343
        },
        "2009-08": {
            "month": "2009-08",
            "price": "19.00",
            "revenue": 115353
        },
        "2009-09": {
            "month": "2009-09",
            "price": "18.90",
            "revenue": 93215
        },
        "2009-10": {
            "month": "2009-10",
            "price": "19.21",
            "revenue": 138287
        },
        "2009-11": {
            "month": "2009-11",
            "price": "17.94",
            "revenue": 152561
        },
        "2009-12": {
            "month": "2009-12",
            "price": "19.64",
            "revenue": 217342
        },
        "2010-01": {
            "month": "2010-01",
            "price": "26.08",
            "revenue": 145898
        },
        "2010-02": {
            "month": "2010-02",
            "price": "22.29",
            "revenue": 108864
        },
        "2010-03": {
            "month": "2010-03",
            "price": "24.51",
            "revenue": 106180
        },
        "2010-04": {
            "month": "2010-04",
            "price": "25.24",
            "revenue": 186715
        },
        "2010-05": {
            "month": "2010-05",
            "price": "22.27",
            "revenue": 192095
        },
        "2010-06": {
            "month": "2010-06",
            "price": "20.77",
            "revenue": 186020
        },
        "2010-07": {
            "month": "2010-07",
            "price": "20.91",
            "revenue": 148835
        },
        "2010-08": {
            "month": "2010-08",
            "price": "22.04",
            "revenue": 160836
        },
        "2010-09": {
            "month": "2010-09",
            "price": "18.10",
            "revenue": 117805
        },
        "2010-10": {
            "month": "2010-10",
            "price": "17.70",
            "revenue": 97827
        },
        "2010-11": {
            "month": "2010-11",
            "price": "13.25",
            "revenue": 80111
        },
        "2010-12": {
            "month": "2010-12",
            "price": "14.16",
            "revenue": 84811
        },
        "2011-01": {
            "month": "2011-01",
            "price": "12.51",
            "revenue": 70572
        },
        "2011-02": {
            "month": "2011-02",
            "price": "11.81",
            "revenue": 78388
        },
        "2011-03": {
            "month": "2011-03",
            "price": "11.83",
            "revenue": 105034
        },
        "2011-04": {
            "month": "2011-04",
            "price": "12.82",
            "revenue": 110000
        },
        "2011-05": {
            "month": "2011-05",
            "price": "11.76",
            "revenue": 126626
        },
        "2011-06": {
            "month": "2011-06",
            "price": "11.73",
            "revenue": 125634
        },
        "2011-07": {
            "month": "2011-07",
            "price": "11.15",
            "revenue": 162889
        },
        "2011-08": {
            "month": "2011-08",
            "price": "9.27",
            "revenue": 81173
        },
        "2011-09": {
            "month": "2011-09",
            "price": "8.53",
            "revenue": 77999
        },
        "2011-10": {
            "month": "2011-10",
            "price": "8.05",
            "revenue": 56411
        },
        "2011-11": {
            "month": "2011-11",
            "price": "8.57",
            "revenue": 64748
        },
        "2011-12": {
            "month": "2011-12",
            "price": "7.19",
            "revenue": 43090
        },
        "2012-01": {
            "month": "2012-01",
            "price": "7.14",
            "revenue": 28936
        },
        "2012-02": {
            "month": "2012-02",
            "price": "8.49",
            "revenue": 21926
        },
        "2012-03": {
            "month": "2012-03",
            "price": "8.20",
            "revenue": 32497
        },
        "2012-04": {
            "month": "2012-04",
            "price": "6.99",
            "revenue": 35268
        },
        "2012-05": {
            "month": "2012-05",
            "price": "6.36",
            "revenue": 35576
        },
        "2012-06": {
            "month": "2012-06",
            "price": "6.15",
            "revenue": 84634
        },
        "2012-07": {
            "month": "2012-07",
            "price": "7.96",
            "revenue": 50529
        },
        "2012-08": {
            "month": "2012-08",
            "price": "9.93",
            "revenue": 75734
        },
        "2012-09": {
            "month": "2012-09",
            "price": "10.99",
            "revenue": 61482
        },
        "2012-10": {
            "month": "2012-10",
            "price": "12.17",
            "revenue": 66259
        },
        "2012-11": {
            "month": "2012-11",
            "price": "13.65",
            "revenue": 36881
        },
        "2012-12": {
            "month": "2012-12",
            "price": "14.86",
            "revenue": 41891
        },
        "2013-01": {
            "month": "2013-01",
            "price": "14.21",
            "revenue": 48192
        },
        "2013-02": {
            "month": "2013-02",
            "price": "14.68",
            "revenue": 6242
        },
        "2013-03": {
            "month": "2013-03",
            "price": "14.45",
            "revenue": 26747
        },
        "2013-04": {
            "month": "2013-04",
            "price": "14.10",
            "revenue": 39869
        },
        "2013-05": {
            "month": "2013-05",
            "price": "20.40",
            "revenue": 13845
        },
        "2013-06": {
            "month": "2013-06",
            "price": "22.07",
            "revenue": 12937
        },
        "2013-07": {
            "month": "2013-07",
            "price": "19.84",
            "revenue": 20523
        },
        "2013-08": {
            "month": "2013-08",
            "price": "22.10",
            "revenue": 20392
        },
        "2013-09": {
            "month": "2013-09",
            "price": "25.44",
            "revenue": 40113
        },
        "2013-10": {
            "month": "2013-10",
            "price": "23.93",
            "revenue": 434016
        },
        "2013-11": {
            "month": "2013-11",
            "price": "24.62",
            "revenue": 486864
        },
        "2013-12": {
            "month": "2013-12",
            "price": "24.33",
            "revenue": 62199
        },
        "2014-01": {
            "month": "2014-01",
            "price": "21.25",
            "revenue": 93025
        },
        "2014-02": {
            "month": "2014-02",
            "price": "20.48",
            "revenue": 77382
        },
        "2014-03": {
            "month": "2014-03",
            "price": "20.26",
            "revenue": 71850
        },
        "2014-04": {
            "month": "2014-04",
            "price": "21.21",
            "revenue": 65357
        },
        "2014-05": {
            "month": "2014-05",
            "price": "18.73",
            "revenue": 43009
        },
        "2014-06": {
            "month": "2014-06",
            "price": "18.15",
            "revenue": 38627
        },
        "2014-07": {
            "month": "2014-07",
            "price": "17.08",
            "revenue": 63360
        },
        "2014-08": {
            "month": "2014-08",
            "price": "17.49",
            "revenue": 46496
        },
        "2014-09": {
            "month": "2014-09",
            "price": "16.90",
            "revenue": 85496
        },
        "2014-10": {
            "month": "2014-10",
            "price": "17.83",
            "revenue": 43725
        },
        "2014-11": {
            "month": "2014-11",
            "price": "17.61",
            "revenue": 45985
        },
        "2014-12": {
            "month": "2014-12",
            "price": "18.00",
            "revenue": 160067
        },
        "2015-01": {
            "month": "2015-01",
            "price": "17.40",
            "revenue": 16710
        },
        "2015-02": {
            "month": "2015-02",
            "price": "16.97",
            "revenue": 59038
        },
        "2015-03": {
            "month": "2015-03",
            "price": "17.85",
            "revenue": 16240
        },
        "2015-04": {
            "month": "2015-04",
            "price": "17.62",
            "revenue": 15775
        },
        "2015-05": {
            "month": "2015-05",
            "price": "17.35",
            "revenue": 36160
        },
        "2015-06": {
            "month": "2015-06",
            "price": "17.86",
            "revenue": 65017
        },
        "2015-07": {
            "month": "2015-07",
            "price": "17.72",
            "revenue": 94944
        },
        "2015-08": {
            "month": "2015-08",
            "price": "17.72",
            "revenue": 112538
        },
        "2015-09": {
            "month": "2015-09",
            "price": "17.34",
            "revenue": 110191
        },
        "2015-10": {
            "month": "2015-10",
            "price": "12.72",
            "revenue": 92575
        },
        "2015-11": {
            "month": "2015-11",
            "price": "10.29",
            "revenue": 94074
        },
        "2015-12": {
            "month": "2015-12",
            "price": "9.57",
            "revenue": 170474
        },
        "2016-01": {
            "month": "2016-01",
            "price": "9.57",
            "revenue": 126453
        },
        "2016-02": {
            "month": "2016-02",
            "price": "9.26",
            "revenue": 5899
        },
        "2016-03": {
            "month": "2016-03",
            "price": "10.24",
            "revenue": 11639
        },
        "2016-04": {
            "month": "2016-04",
            "price": "10.17",
            "revenue": 123700
        },
        "2016-05": {
            "month": "2016-05",
            "price": "9.78",
            "revenue": 139729
        },
        "2016-06": {
            "month": "2016-06",
            "price": "9.95",
            "revenue": 79932
        },
        "2016-07": {
            "month": "2016-07",
            "price": "9.98",
            "revenue": 94896
        },
        "2016-08": {
            "month": "2016-08",
            "price": "9.53",
            "revenue": 58626
        },
        "2016-09": {
            "month": "2016-09",
            "price": "9.26",
            "revenue": 380265
        },
        "2016-10": {
            "month": "2016-10",
            "price": "10.28",
            "revenue": 176144
        },
        "2016-11": {
            "month": "2016-11",
            "price": "10.13",
            "revenue": 83028
        },
        "2016-12": {
            "month": "2016-12",
            "price": "10.56",
            "revenue": 102129
        },
        "2017-01": {
            "month": "2017-01",
            "price": "10.27",
            "revenue": 28357
        },
        "2017-02": {
            "month": "2017-02",
            "price": "10.13",
            "revenue": 4913
        },
        "2017-03": {
            "month": "2017-03",
            "price": "11.68",
            "revenue": 257183
        },
        "2017-04": {
            "month": "2017-04",
            "price": "11.70",
            "revenue": 16622
        },
        "2017-05": {
            "month": "2017-05",
            "price": "10.27",
            "revenue": 9560
        },
        "2017-06": {
            "month": "2017-06",
            "price": "9.77",
            "revenue": 56575
        },
        "2017-07": {
            "month": "2017-07",
            "price": "9.52",
            "revenue": 37992
        },
        "2017-08": {
            "month": "2017-08",
            "price": "9.16",
            "revenue": 9402
        },
        "2017-09": {
            "month": "2017-09",
            "price": "9.63",
            "revenue": 10982
        },
        "2017-10": {
            "month": "2017-10",
            "price": "9.34",
            "revenue": 11617
        },
        "2017-11": {
            "month": "2017-11",
            "price": "9.22",
            "revenue": -5852
        },
        "2017-12": {
            "month": "2017-12",
            "price": "9.22",
            "revenue": 23109
        },
        "2018-01": {
            "month": "2018-01",
            "price": "9.45",
            "revenue": 39114
        },
        "2018-02": {
            "month": "2018-02",
            "price": "9.09",
            "revenue": 95905
        },
        "2018-03": {
            "month": "2018-03",
            "price": "9.77",
            "revenue": 19712
        },
        "2018-04": {
            "month": "2018-04",
            "price": "9.33",
            "revenue": 53420
        },
        "2018-05": {
            "month": "2018-05",
            "price": "9.22",
            "revenue": 98192
        },
        "2018-06": {
            "month": "2018-06",
            "price": "10.19",
            "revenue": 107684
        },
        "2018-07": {
            "month": "2018-07",
            "price": "9.46",
            "revenue": 97165
        },
        "2018-08": {
            "month": "2018-08",
            "price": "9.08",
            "revenue": 78888
        },
        "2018-09": {
            "month": "2018-09",
            "price": "9.02",
            "revenue": 47621
        },
        "2018-10": {
            "month": "2018-10",
            "price": "8.29",
            "revenue": 51323
        },
        "2018-11": {
            "month": "2018-11",
            "price": "8.09",
            "revenue": 47032
        },
        "2018-12": {
            "month": "2018-12",
            "price": "8.13",
            "revenue": 32136
        },
        "2019-01": {
            "month": "2019-01",
            "price": "8.13",
            "revenue": 57064
        },
        "2019-02": {
            "month": "2019-02",
            "price": "8.16",
            "revenue": 40325
        },
        "2019-03": {
            "month": "2019-03",
            "price": "8.42",
            "revenue": 54573
        },
        "2019-04": {
            "month": "2019-04",
            "price": "8.89",
            "revenue": 85265
        },
        "2019-05": {
            "month": "2019-05",
            "price": "8.83",
            "revenue": 114704
        },
        "2019-06": {
            "month": "2019-06",
            "price": "8.85",
            "revenue": 80340
        },
        "2019-07": {
            "month": "2019-07",
            "price": "8.86",
            "revenue": 71268
        },
        "2019-08": {
            "month": "2019-08",
            "price": "8.71",
            "revenue": 108647
        },
        "2019-09": {
            "month": "2019-09",
            "price": "8.61",
            "revenue": 24935
        },
        "2019-10": {
            "month": "2019-10",
            "price": "9.12",
            "revenue": 90160
        },
        "2019-11": {
            "month": "2019-11",
            "price": "9.51",
            "revenue": 63600
        },
        "2019-12": {
            "month": "2019-12",
            "price": "9.30",
            "revenue": 111679
        },
        "2020-01": {
            "month": "2020-01",
            "price": "9.35",
            "revenue": 141436
        },
        "2020-02": {
            "month": "2020-02",
            "price": "10.61",
            "revenue": 149431
        },
        "2020-03": {
            "month": "2020-03",
            "price": "9.81",
            "revenue": 133808
        },
        "2020-04": {
            "month": "2020-04",
            "price": "10.52",
            "revenue": 141808
        },
        "2020-05": {
            "month": "2020-05",
            "price": "10.94",
            "revenue": 148484
        },
        "2020-06": {
            "month": "2020-06",
            "price": "10.62",
            "revenue": 100606
        },
        "2020-07": {
            "month": "2020-07",
            "price": "11.40",
            "revenue": 281779
        },
        "2020-08": {
            "month": "2020-08",
            "price": "13.74",
            "revenue": 249862
        },
        "2020-09": {
            "month": "2020-09",
            "price": "13.17",
            "revenue": 155578
        },
        "2020-10": {
            "month": "2020-10",
            "price": "12.13",
            "revenue": 96460
        },
        "2020-11": {
            "month": "2020-11",
            "price": "12.18",
            "revenue": 59004
        },
        "2020-12": {
            "month": "2020-12",
            "price": "11.49",
            "revenue": 96991
        },
        "2021-01": {
            "month": "2021-01",
            "price": "10.88",
            "revenue": 114692
        },
        "2021-02": {
            "month": "2021-02",
            "price": "10.74",
            "revenue": 169076
        },
        "2021-03": {
            "month": "2021-03",
            "price": "11.22",
            "revenue": 568258
        },
        "2021-04": {
            "month": "2021-04",
            "price": "12.44",
            "revenue": 240047
        },
        "2021-05": {
            "month": "2021-05",
            "price": "11.79",
            "revenue": 84462
        },
        "2021-06": {
            "month": "2021-06",
            "price": "10.79",
            "revenue": 170353
        },
        "2021-07": {
            "month": "2021-07",
            "price": "10.96",
            "revenue": 107690
        },
        "2021-08": {
            "month": "2021-08",
            "price": "10.81",
            "revenue": 43051
        },
        "2021-09": {
            "month": "2021-09",
            "price": "11.12",
            "revenue": 89927
        },
        "2021-10": {
            "month": "2021-10",
            "price": "11.94",
            "revenue": 112111
        },
        "2021-11": {
            "month": "2021-11",
            "price": "13.50",
            "revenue": 103708
        },
        "2021-12": {
            "month": "2021-12",
            "price": "13.68",
            "revenue": 105674
        },
        "2022-01": {
            "month": "2022-01",
            "price": "11.52",
            "revenue": 108566
        },
        "2022-02": {
            "month": "2022-02",
            "price": "11.18",
            "revenue": 61680
        },
        "2022-03": {
            "month": "2022-03",
            "price": "10.70",
            "revenue": 83598
        },
        "2022-04": {
            "month": "2022-04",
            "price": "10.66",
            "revenue": 52249
        },
        "2022-05": {
            "month": "2022-05",
            "price": "10.48",
            "revenue": 89332
        },
        "2022-06": {
            "month": "2022-06",
            "price": "10.77",
            "revenue": 86390
        },
        "2022-07": {
            "month": "2022-07",
            "price": "9.74",
            "revenue": 65755
        },
        "2022-08": {
            "month": "2022-08",
            "price": "10.21",
            "revenue": 67008
        },
        "2022-09": {
            "month": "2022-09",
            "price": "10.55",
            "revenue": 80872
        },
        "2022-10": {
            "month": "2022-10",
            "price": "10.09",
            "revenue": 57044
        },
        "2022-11": {
            "month": "2022-11",
            "price": "10.16",
            "revenue": 77069
        },
        "2022-12": {
            "month": "2022-12",
            "price": "10.19",
            "revenue": 93773
        },
        "2023-01": {
            "month": "2023-01",
            "price": "10.11",
            "revenue": 87826
        },
        "2023-02": {
            "month": "2023-02",
            "price": "10.37",
            "revenue": 27079
        },
        "2023-03": {
            "month": "2023-03",
            "price": "10.57",
            "revenue": 63489
        },
        "2023-04": {
            "month": "2023-04",
            "price": "11.14",
            "revenue": 57543
        },
        "2023-05": {
            "month": "2023-05",
            "price": "11.29",
            "revenue": 52533
        },
        "2023-06": {
            "month": "2023-06",
            "price": "11.53",
            "revenue": 50561
        },
        "2023-07": {
            "month": "2023-07",
            "price": "11.19",
            "revenue": 61367
        },
        "2023-08": {
            "month": "2023-08",
            "price": "11.45",
            "revenue": 58253
        },
        "2023-09": {
            "month": "2023-09",
            "price": "11.85",
            "revenue": 47260
        },
        "2023-10": {
            "month": "2023-10",
            "price": "12.64",
            "revenue": 52331
        },
        "2023-11": {
            "month": "2023-11",
            "price": "12.80",
            "revenue": 56073
        },
        "2023-12": {
            "month": "2023-12",
            "price": "14.66",
            "revenue": 127189
        },
        "2024-01": {
            "month": "2024-01",
            "price": "18.23",
            "revenue": 58960
        },
        "2024-02": {
            "month": "2024-02",
            "price": "21.02",
            "revenue": 68193
        }
    }
}
