{
    "summary": {
        "stock_name": "單井",
        "stock_id": "3490",
        "category": "光電",
        "main_business": "模具製造<br>機器設備製造<br>太陽能電站維運",
        "website_url": "http://www.singlewell.com.tw",
        "ceo": "游孟哲",
        "pe_ratio": 23,
        "report_year_from": 2005,
        "report_year_to": 2023,
        "age": 19,
        "eps_negative_percentage": 22,
        "eps_growth_avg": {
            "last_all": -19.85,
            "last_2y": 6.95,
            "last_4y": 6.95,
            "last_8y": -33.24,
            "last_12y": -28.56,
            "last_16y": -19.85,
            "last_20y": null,
            "at_2006_last_3y": null,
            "at_2007_last_3y": null,
            "at_2008_last_3y": null,
            "at_2009_last_3y": null,
            "at_2010_last_3y": -0.24,
            "at_2011_last_3y": -14.64,
            "at_2012_last_3y": -37.45,
            "at_2013_last_3y": -19.2,
            "at_2014_last_3y": -19.2,
            "at_2015_last_3y": -8.79,
            "at_2016_last_3y": -6.77,
            "at_2017_last_3y": -30.08,
            "at_2018_last_3y": -73.43,
            "at_2019_last_3y": -96.96,
            "at_2020_last_3y": -100,
            "at_2021_last_3y": 100,
            "at_2022_last_3y": 48.4,
            "at_2023_last_3y": 6.95,
            "at_2024_last_3y": 6.95,
            "at_2006_last_all": null,
            "at_2007_last_all": null,
            "at_2008_last_all": -4.39,
            "at_2009_last_all": -33.66,
            "at_2010_last_all": -0.24,
            "at_2011_last_all": -11.71,
            "at_2012_last_all": -26.43,
            "at_2013_last_all": -26.43,
            "at_2014_last_all": -8.37,
            "at_2015_last_all": -10.62,
            "at_2016_last_all": -19.87,
            "at_2017_last_all": -27.89,
            "at_2018_last_all": -27.89,
            "at_2019_last_all": -27.89,
            "at_2020_last_all": -27.89,
            "at_2021_last_all": -16.26,
            "at_2022_last_all": -15.17,
            "at_2023_last_all": -19.85,
            "at_2024_last_all": -19.85
        },
        "latest_eps": 1.18,
        "latest_price": 27.6,
        "latest_roe": 5.08,
        "latest_gross_margin": 41.48,
        "latest_equity": 1254364,
        "latest_revenue": 96633,
        "latest_gross_profit": 40082,
        "latest_net_income": 15854,
        "latest_debt_ratio": 19.35,
        "latest_current_ratio": 378.69,
        "latest_account_receivable_turnover_ratio": 0.83,
        "latest_inventory_turnover_ratio": 0.63,
        "latest_reinvestment_rate": -25.47,
        "latest_research_to_sale_ratio": 1.39
    },
    "eps_dividends": {
        "2001": {
            "cash": 0,
            "stock": 0,
            "eps": 0
        },
        "2002": {
            "cash": 0,
            "stock": 0,
            "eps": 0
        },
        "2003": {
            "cash": 0,
            "stock": 0,
            "eps": 0
        },
        "2004": {
            "cash": 0,
            "stock": 0,
            "eps": 0
        },
        "2005": {
            "cash": 1,
            "stock": 0,
            "eps": 0
        },
        "2006": {
            "cash": 1,
            "stock": 0,
            "eps": 4.21
        },
        "2007": {
            "cash": 2,
            "stock": 1,
            "eps": 4.21
        },
        "2008": {
            "cash": 2,
            "stock": 1,
            "eps": 3.84
        },
        "2009": {
            "cash": 2.5,
            "stock": 0,
            "eps": 0.3
        },
        "2010": {
            "cash": 0.5,
            "stock": 0,
            "eps": 4.74
        },
        "2011": {
            "cash": 3.5,
            "stock": 0,
            "eps": 2.01
        },
        "2012": {
            "cash": 1.5,
            "stock": 0,
            "eps": -0.58
        },
        "2013": {
            "cash": 0,
            "stock": 0,
            "eps": 1.53
        },
        "2014": {
            "cash": 1,
            "stock": 0,
            "eps": 8.72
        },
        "2015": {
            "cash": 4,
            "stock": 0,
            "eps": 6.42
        },
        "2016": {
            "cash": 0.2,
            "stock": 0.8,
            "eps": 0.39
        },
        "2017": {
            "cash": 0.25,
            "stock": 0.25,
            "eps": -0.52
        },
        "2018": {
            "cash": 0.5,
            "stock": 0,
            "eps": -0.71
        },
        "2019": {
            "cash": 0.49,
            "stock": 0,
            "eps": -0.44
        },
        "2020": {
            "cash": 0.5,
            "stock": 0,
            "eps": 1
        },
        "2021": {
            "cash": 0.7,
            "stock": 0,
            "eps": 2.19
        },
        "2022": {
            "cash": 1.2,
            "stock": 0,
            "eps": 2.12
        },
        "2023": {
            "cash": 1.3,
            "stock": 0,
            "eps": 0.51
        }
    },
    "dividends": {
        "2005-04-25": {
            "cash": 1,
            "stock": 0
        },
        "2006-05-05": {
            "cash": 1,
            "stock": 0
        },
        "2007-03-29": {
            "cash": 2,
            "stock": 1
        },
        "2008-03-28": {
            "cash": 2,
            "stock": 1
        },
        "2009-03-30": {
            "cash": 2.5,
            "stock": 0
        },
        "2010-03-26": {
            "cash": 0.5,
            "stock": 0
        },
        "2011-03-25": {
            "cash": 3.5,
            "stock": 0
        },
        "2012-06-28": {
            "cash": 1.5,
            "stock": 0
        },
        "2014-09-18": {
            "cash": 1,
            "stock": 0
        },
        "2015-08-28": {
            "cash": 4,
            "stock": 0
        },
        "2016-07-20": {
            "cash": 0.2,
            "stock": 0.8
        },
        "2017-11-30": {
            "cash": 0.25,
            "stock": 0.25
        },
        "2018-08-10": {
            "cash": 0.5,
            "stock": 0
        },
        "2019-08-09": {
            "cash": 0.49,
            "stock": 0
        },
        "2020-09-22": {
            "cash": 0.5,
            "stock": 0
        },
        "2021-08-31": {
            "cash": 0.7,
            "stock": 0
        },
        "2022-08-10": {
            "cash": 1.2,
            "stock": 0
        },
        "2023-08-08": {
            "cash": 1.3,
            "stock": 0
        }
    },
    "prices": {
        "200101": "無",
        "200102": "無",
        "200103": "無",
        "200104": "無",
        "200105": "無",
        "200106": "無",
        "200107": "無",
        "200108": "無",
        "200109": "無",
        "200110": "無",
        "200111": "無",
        "200112": "無",
        "200201": "無",
        "200202": "無",
        "200203": "無",
        "200204": "無",
        "200205": "無",
        "200206": "無",
        "200207": "無",
        "200208": "無",
        "200209": "無",
        "200210": "無",
        "200211": "無",
        "200212": "無",
        "200301": "無",
        "200302": "無",
        "200303": "無",
        "200304": "無",
        "200305": "無",
        "200306": "無",
        "200307": "無",
        "200308": "無",
        "200309": "無",
        "200310": "無",
        "200311": "無",
        "200312": "無",
        "200401": "無",
        "200402": "無",
        "200403": "無",
        "200404": "無",
        "200405": "無",
        "200406": "無",
        "200407": "無",
        "200408": "無",
        "200409": "無",
        "200410": "無",
        "200411": "無",
        "200412": "無",
        "200501": "無",
        "200502": "無",
        "200503": "無",
        "200504": "無",
        "200505": "無",
        "200506": "無",
        "200507": "無",
        "200508": "無",
        "200509": "無",
        "200510": "無",
        "200511": "無",
        "200512": "無",
        "200601": "無",
        "200602": "無",
        "200603": "無",
        "200604": "無",
        "200605": "27.23",
        "200606": "25.47",
        "200607": "28.84",
        "200608": "32.42",
        "200609": "32.92",
        "200610": "36.94",
        "200611": "33.75",
        "200612": "35.44",
        "200701": "39.60",
        "200702": "40.77",
        "200703": "42.66",
        "200704": "52.26",
        "200705": "53.86",
        "200706": "68.14",
        "200707": "71.95",
        "200708": "66.88",
        "200709": "54.32",
        "200710": "46.93",
        "200711": "40.95",
        "200712": "40.90",
        "200801": "40.90",
        "200802": "38.21",
        "200803": "44.25",
        "200804": "52.12",
        "200805": "58.76",
        "200806": "52.13",
        "200807": "50.39",
        "200808": "47.32",
        "200809": "37.38",
        "200810": "29.95",
        "200811": "22.68",
        "200812": "22.92",
        "200901": "24.04",
        "200902": "23.40",
        "200903": "25.78",
        "200904": "26.28",
        "200905": "25.06",
        "200906": "25.57",
        "200907": "24.48",
        "200908": "23.48",
        "200909": "26.19",
        "200910": "29.08",
        "200911": "29.19",
        "200912": "32.94",
        "201001": "43.78",
        "201002": "37.29",
        "201003": "43.83",
        "201004": "45.10",
        "201005": "40.92",
        "201006": "41.74",
        "201007": "45.96",
        "201008": "45.10",
        "201009": "43.70",
        "201010": "41.34",
        "201011": "38.45",
        "201012": "41.36",
        "201101": "43.92",
        "201102": "40.75",
        "201103": "40.55",
        "201104": "41.88",
        "201105": "40.71",
        "201106": "38.77",
        "201107": "35.35",
        "201108": "27.43",
        "201109": "20.28",
        "201110": "20.02",
        "201111": "18.87",
        "201112": "17.37",
        "201201": "18.01",
        "201202": "22.01",
        "201203": "23.20",
        "201204": "21.67",
        "201205": "21.67",
        "201206": "22.05",
        "201207": "21.07",
        "201208": "20.13",
        "201209": "19.28",
        "201210": "18.10",
        "201211": "16.42",
        "201212": "16.53",
        "201301": "17.59",
        "201302": "18.37",
        "201303": "18.37",
        "201304": "20.71",
        "201305": "27.93",
        "201306": "29.69",
        "201307": "27.02",
        "201308": "26.16",
        "201309": "24.98",
        "201310": "25.90",
        "201311": "24.40",
        "201312": "23.92",
        "201401": "25.16",
        "201402": "30.14",
        "201403": "39.18",
        "201404": "41.18",
        "201405": "44.80",
        "201406": "44.30",
        "201407": "68.46",
        "201408": "87.90",
        "201409": "136.44",
        "201410": "145.66",
        "201411": "117.32",
        "201412": "122.17",
        "201501": "119.42",
        "201502": "124.38",
        "201503": "149.23",
        "201504": "136.85",
        "201505": "132.55",
        "201506": "130.31",
        "201507": "106.20",
        "201508": "75.01",
        "201509": "80.56",
        "201510": "84.84",
        "201511": "82.62",
        "201512": "70.47",
        "201601": "68.84",
        "201602": "69.13",
        "201603": "70.53",
        "201604": "66.20",
        "201605": "64.10",
        "201606": "57.65",
        "201607": "44.60",
        "201608": "44.50",
        "201609": "44.71",
        "201610": "34.94",
        "201611": "32.46",
        "201612": "39.64",
        "201701": "39.08",
        "201702": "40.67",
        "201703": "39.75",
        "201704": "36.21",
        "201705": "34.28",
        "201706": "32.74",
        "201707": "30.97",
        "201708": "28.15",
        "201709": "30.74",
        "201710": "32.76",
        "201711": "30.32",
        "201712": "29.10",
        "201801": "28.09",
        "201802": "25.16",
        "201803": "26.43",
        "201804": "25.54",
        "201805": "24.07",
        "201806": "25.79",
        "201807": "23.68",
        "201808": "23.18",
        "201809": "20.63",
        "201810": "18.29",
        "201811": "16.65",
        "201812": "16.68",
        "201901": "16.50",
        "201902": "17.33",
        "201903": "18.10",
        "201904": "22.18",
        "201905": "22.51",
        "201906": "20.86",
        "201907": "22.29",
        "201908": "21.01",
        "201909": "22.52",
        "201910": "25.33",
        "201911": "23.42",
        "201912": "22.31",
        "202001": "21.56",
        "202002": "18.89",
        "202003": "16.60",
        "202004": "16.44",
        "202005": "19.93",
        "202006": "20.33",
        "202007": "20.53",
        "202008": "23.11",
        "202009": "27.65",
        "202010": "30.37",
        "202011": "30.98",
        "202012": "32.38",
        "202101": "31.13",
        "202102": "31.23",
        "202103": "31.10",
        "202104": "30.41",
        "202105": "24.23",
        "202106": "25.25",
        "202107": "26.99",
        "202108": "25.16",
        "202109": "24.90",
        "202110": "25.34",
        "202111": "29.96",
        "202112": "33.30",
        "202201": "30.78",
        "202202": "29.78",
        "202203": "31.05",
        "202204": "29.85",
        "202205": "27.62",
        "202206": "27.25",
        "202207": "23.14",
        "202208": "24.05",
        "202209": "24.81",
        "202210": "24.22",
        "202211": "24.22",
        "202212": "24.96",
        "202301": "24.37",
        "202302": "25.12",
        "202303": "25.59",
        "202304": "27.56",
        "202305": "25.80",
        "202306": "25.92",
        "202307": "25.30",
        "202308": "23.68",
        "202309": "23.98",
        "202310": "23.45",
        "202311": "23.22",
        "202312": "23.32"
    },
    "quarters": {
        "20011": {
            "year_quarter": 20011,
            "year": 2001,
            "quarter": 1,
            "eps": null,
            "eps_growth_year": null,
            "eps_4q": null,
            "eps_4q_growth_year": null,
            "roe": null,
            "roe_4q": 0,
            "gross_profit": null,
            "gross_margin": null,
            "gross_margin_4q_avg": 0,
            "net_income": null,
            "net_income_4q": null,
            "revenue": null,
            "revenue_4q": null,
            "common_shares": null,
            "book_valuer_per_share": null,
            "book_valuer_per_share_4q_avg": 0,
            "equity": null,
            "current_ratio": null,
            "debt_ratio": null,
            "inventory_turnover_ratio": null,
            "account_receivable_turnover_ratio": null,
            "reinvestment_rate": null,
            "research_to_sale_ratio": null,
            "price_fair": 0,
            "eps_avg_yearly": 0,
            "eps_latest_yearly": 0,
            "eps_growth_yearly": 0
        },
        "20012": {
            "year_quarter": 20012,
            "year": 2001,
            "quarter": 2,
            "eps": null,
            "eps_growth_year": null,
            "eps_4q": null,
            "eps_4q_growth_year": null,
            "roe": null,
            "roe_4q": 0,
            "gross_profit": null,
            "gross_margin": null,
            "gross_margin_4q_avg": 0,
            "net_income": null,
            "net_income_4q": null,
            "revenue": null,
            "revenue_4q": null,
            "common_shares": null,
            "book_valuer_per_share": null,
            "book_valuer_per_share_4q_avg": 0,
            "equity": null,
            "current_ratio": null,
            "debt_ratio": null,
            "inventory_turnover_ratio": null,
            "account_receivable_turnover_ratio": null,
            "reinvestment_rate": null,
            "research_to_sale_ratio": null,
            "price_fair": 0,
            "eps_avg_yearly": 0,
            "eps_latest_yearly": 0,
            "eps_growth_yearly": 0
        },
        "20013": {
            "year_quarter": 20013,
            "year": 2001,
            "quarter": 3,
            "eps": null,
            "eps_growth_year": null,
            "eps_4q": null,
            "eps_4q_growth_year": null,
            "roe": null,
            "roe_4q": 0,
            "gross_profit": null,
            "gross_margin": null,
            "gross_margin_4q_avg": 0,
            "net_income": null,
            "net_income_4q": null,
            "revenue": null,
            "revenue_4q": null,
            "common_shares": null,
            "book_valuer_per_share": null,
            "book_valuer_per_share_4q_avg": 0,
            "equity": null,
            "current_ratio": null,
            "debt_ratio": null,
            "inventory_turnover_ratio": null,
            "account_receivable_turnover_ratio": null,
            "reinvestment_rate": null,
            "research_to_sale_ratio": null,
            "price_fair": 0,
            "eps_avg_yearly": 0,
            "eps_latest_yearly": 0,
            "eps_growth_yearly": 0
        },
        "20014": {
            "year_quarter": 20014,
            "year": 2001,
            "quarter": 4,
            "eps": null,
            "eps_growth_year": null,
            "eps_4q": null,
            "eps_4q_growth_year": null,
            "roe": null,
            "roe_4q": 0,
            "gross_profit": null,
            "gross_margin": null,
            "gross_margin_4q_avg": 0,
            "net_income": null,
            "net_income_4q": null,
            "revenue": null,
            "revenue_4q": null,
            "common_shares": 80000,
            "book_valuer_per_share": 11.59,
            "book_valuer_per_share_4q_avg": 2.9,
            "equity": 92734,
            "current_ratio": 126.42,
            "debt_ratio": 58.16,
            "inventory_turnover_ratio": null,
            "account_receivable_turnover_ratio": null,
            "reinvestment_rate": null,
            "research_to_sale_ratio": null,
            "price_fair": 0,
            "eps_avg_yearly": 0,
            "eps_latest_yearly": 0,
            "eps_growth_yearly": 0
        },
        "20021": {
            "year_quarter": 20021,
            "year": 2002,
            "quarter": 1,
            "eps": null,
            "eps_growth_year": null,
            "eps_4q": null,
            "eps_4q_growth_year": null,
            "roe": null,
            "roe_4q": 0,
            "gross_profit": null,
            "gross_margin": null,
            "gross_margin_4q_avg": 0,
            "net_income": null,
            "net_income_4q": null,
            "revenue": null,
            "revenue_4q": null,
            "common_shares": null,
            "book_valuer_per_share": null,
            "book_valuer_per_share_4q_avg": 2.9,
            "equity": null,
            "current_ratio": null,
            "debt_ratio": null,
            "inventory_turnover_ratio": null,
            "account_receivable_turnover_ratio": null,
            "reinvestment_rate": null,
            "research_to_sale_ratio": null,
            "price_fair": 0,
            "eps_avg_yearly": 0,
            "eps_latest_yearly": 0,
            "eps_growth_yearly": 0
        },
        "20022": {
            "year_quarter": 20022,
            "year": 2002,
            "quarter": 2,
            "eps": null,
            "eps_growth_year": null,
            "eps_4q": null,
            "eps_4q_growth_year": null,
            "roe": null,
            "roe_4q": 0,
            "gross_profit": null,
            "gross_margin": null,
            "gross_margin_4q_avg": 0,
            "net_income": null,
            "net_income_4q": null,
            "revenue": null,
            "revenue_4q": null,
            "common_shares": null,
            "book_valuer_per_share": null,
            "book_valuer_per_share_4q_avg": 2.9,
            "equity": null,
            "current_ratio": null,
            "debt_ratio": null,
            "inventory_turnover_ratio": null,
            "account_receivable_turnover_ratio": null,
            "reinvestment_rate": null,
            "research_to_sale_ratio": null,
            "price_fair": 0,
            "eps_avg_yearly": 0,
            "eps_latest_yearly": 0,
            "eps_growth_yearly": 0
        },
        "20023": {
            "year_quarter": 20023,
            "year": 2002,
            "quarter": 3,
            "eps": null,
            "eps_growth_year": null,
            "eps_4q": null,
            "eps_4q_growth_year": null,
            "roe": null,
            "roe_4q": 0,
            "gross_profit": null,
            "gross_margin": null,
            "gross_margin_4q_avg": 0,
            "net_income": null,
            "net_income_4q": null,
            "revenue": null,
            "revenue_4q": null,
            "common_shares": null,
            "book_valuer_per_share": null,
            "book_valuer_per_share_4q_avg": 2.9,
            "equity": null,
            "current_ratio": null,
            "debt_ratio": null,
            "inventory_turnover_ratio": null,
            "account_receivable_turnover_ratio": null,
            "reinvestment_rate": null,
            "research_to_sale_ratio": null,
            "price_fair": 0,
            "eps_avg_yearly": 0,
            "eps_latest_yearly": 0,
            "eps_growth_yearly": 0
        },
        "20024": {
            "year_quarter": 20024,
            "year": 2002,
            "quarter": 4,
            "eps": null,
            "eps_growth_year": null,
            "eps_4q": null,
            "eps_4q_growth_year": null,
            "roe": null,
            "roe_4q": 0,
            "gross_profit": null,
            "gross_margin": null,
            "gross_margin_4q_avg": 0,
            "net_income": null,
            "net_income_4q": null,
            "revenue": null,
            "revenue_4q": null,
            "common_shares": 131000,
            "book_valuer_per_share": 10.88,
            "book_valuer_per_share_4q_avg": 2.72,
            "equity": 142574,
            "current_ratio": 196.42,
            "debt_ratio": 38.63,
            "inventory_turnover_ratio": null,
            "account_receivable_turnover_ratio": null,
            "reinvestment_rate": null,
            "research_to_sale_ratio": null,
            "price_fair": 0,
            "eps_avg_yearly": 0,
            "eps_latest_yearly": 0,
            "eps_growth_yearly": 0
        },
        "20031": {
            "year_quarter": 20031,
            "year": 2003,
            "quarter": 1,
            "eps": null,
            "eps_growth_year": null,
            "eps_4q": null,
            "eps_4q_growth_year": null,
            "roe": null,
            "roe_4q": 0,
            "gross_profit": null,
            "gross_margin": null,
            "gross_margin_4q_avg": 0,
            "net_income": null,
            "net_income_4q": null,
            "revenue": null,
            "revenue_4q": null,
            "common_shares": null,
            "book_valuer_per_share": null,
            "book_valuer_per_share_4q_avg": 2.72,
            "equity": null,
            "current_ratio": null,
            "debt_ratio": null,
            "inventory_turnover_ratio": null,
            "account_receivable_turnover_ratio": null,
            "reinvestment_rate": null,
            "research_to_sale_ratio": null,
            "price_fair": 0,
            "eps_avg_yearly": 0,
            "eps_latest_yearly": 0,
            "eps_growth_yearly": 0
        },
        "20032": {
            "year_quarter": 20032,
            "year": 2003,
            "quarter": 2,
            "eps": null,
            "eps_growth_year": null,
            "eps_4q": null,
            "eps_4q_growth_year": null,
            "roe": null,
            "roe_4q": 0,
            "gross_profit": null,
            "gross_margin": null,
            "gross_margin_4q_avg": 0,
            "net_income": null,
            "net_income_4q": null,
            "revenue": null,
            "revenue_4q": null,
            "common_shares": null,
            "book_valuer_per_share": null,
            "book_valuer_per_share_4q_avg": 2.72,
            "equity": null,
            "current_ratio": null,
            "debt_ratio": null,
            "inventory_turnover_ratio": null,
            "account_receivable_turnover_ratio": null,
            "reinvestment_rate": null,
            "research_to_sale_ratio": null,
            "price_fair": 0,
            "eps_avg_yearly": 0,
            "eps_latest_yearly": 0,
            "eps_growth_yearly": 0
        },
        "20033": {
            "year_quarter": 20033,
            "year": 2003,
            "quarter": 3,
            "eps": null,
            "eps_growth_year": null,
            "eps_4q": null,
            "eps_4q_growth_year": null,
            "roe": null,
            "roe_4q": 0,
            "gross_profit": null,
            "gross_margin": null,
            "gross_margin_4q_avg": 0,
            "net_income": null,
            "net_income_4q": null,
            "revenue": null,
            "revenue_4q": null,
            "common_shares": null,
            "book_valuer_per_share": null,
            "book_valuer_per_share_4q_avg": 2.72,
            "equity": null,
            "current_ratio": null,
            "debt_ratio": null,
            "inventory_turnover_ratio": null,
            "account_receivable_turnover_ratio": null,
            "reinvestment_rate": null,
            "research_to_sale_ratio": null,
            "price_fair": 0,
            "eps_avg_yearly": 0,
            "eps_latest_yearly": 0,
            "eps_growth_yearly": 0
        },
        "20034": {
            "year_quarter": 20034,
            "year": 2003,
            "quarter": 4,
            "eps": null,
            "eps_growth_year": null,
            "eps_4q": null,
            "eps_4q_growth_year": null,
            "roe": null,
            "roe_4q": 0,
            "gross_profit": null,
            "gross_margin": null,
            "gross_margin_4q_avg": 0,
            "net_income": null,
            "net_income_4q": null,
            "revenue": null,
            "revenue_4q": null,
            "common_shares": 222390,
            "book_valuer_per_share": 10.41,
            "book_valuer_per_share_4q_avg": 2.6,
            "equity": 231513,
            "current_ratio": 146.74,
            "debt_ratio": 45.27,
            "inventory_turnover_ratio": null,
            "account_receivable_turnover_ratio": null,
            "reinvestment_rate": null,
            "research_to_sale_ratio": null,
            "price_fair": 0,
            "eps_avg_yearly": 0,
            "eps_latest_yearly": 0,
            "eps_growth_yearly": 0
        },
        "20041": {
            "year_quarter": 20041,
            "year": 2004,
            "quarter": 1,
            "eps": null,
            "eps_growth_year": null,
            "eps_4q": null,
            "eps_4q_growth_year": null,
            "roe": null,
            "roe_4q": 0,
            "gross_profit": null,
            "gross_margin": null,
            "gross_margin_4q_avg": 0,
            "net_income": null,
            "net_income_4q": null,
            "revenue": null,
            "revenue_4q": null,
            "common_shares": null,
            "book_valuer_per_share": null,
            "book_valuer_per_share_4q_avg": 2.6,
            "equity": null,
            "current_ratio": null,
            "debt_ratio": null,
            "inventory_turnover_ratio": null,
            "account_receivable_turnover_ratio": null,
            "reinvestment_rate": null,
            "research_to_sale_ratio": null,
            "price_fair": 0,
            "eps_avg_yearly": 0,
            "eps_latest_yearly": 0,
            "eps_growth_yearly": 0
        },
        "20042": {
            "year_quarter": 20042,
            "year": 2004,
            "quarter": 2,
            "eps": null,
            "eps_growth_year": null,
            "eps_4q": null,
            "eps_4q_growth_year": null,
            "roe": null,
            "roe_4q": 0,
            "gross_profit": null,
            "gross_margin": null,
            "gross_margin_4q_avg": 0,
            "net_income": null,
            "net_income_4q": null,
            "revenue": null,
            "revenue_4q": null,
            "common_shares": null,
            "book_valuer_per_share": null,
            "book_valuer_per_share_4q_avg": 2.6,
            "equity": null,
            "current_ratio": null,
            "debt_ratio": null,
            "inventory_turnover_ratio": null,
            "account_receivable_turnover_ratio": null,
            "reinvestment_rate": null,
            "research_to_sale_ratio": null,
            "price_fair": 0,
            "eps_avg_yearly": 0,
            "eps_latest_yearly": 0,
            "eps_growth_yearly": 0
        },
        "20043": {
            "year_quarter": 20043,
            "year": 2004,
            "quarter": 3,
            "eps": null,
            "eps_growth_year": null,
            "eps_4q": null,
            "eps_4q_growth_year": null,
            "roe": null,
            "roe_4q": 0,
            "gross_profit": null,
            "gross_margin": null,
            "gross_margin_4q_avg": 0,
            "net_income": null,
            "net_income_4q": null,
            "revenue": null,
            "revenue_4q": null,
            "common_shares": null,
            "book_valuer_per_share": null,
            "book_valuer_per_share_4q_avg": 2.6,
            "equity": null,
            "current_ratio": null,
            "debt_ratio": null,
            "inventory_turnover_ratio": null,
            "account_receivable_turnover_ratio": null,
            "reinvestment_rate": null,
            "research_to_sale_ratio": null,
            "price_fair": 0,
            "eps_avg_yearly": 0,
            "eps_latest_yearly": 0,
            "eps_growth_yearly": 0
        },
        "20044": {
            "year_quarter": 20044,
            "year": 2004,
            "quarter": 4,
            "eps": null,
            "eps_growth_year": null,
            "eps_4q": null,
            "eps_4q_growth_year": null,
            "roe": null,
            "roe_4q": 0,
            "gross_profit": null,
            "gross_margin": null,
            "gross_margin_4q_avg": 0,
            "net_income": null,
            "net_income_4q": null,
            "revenue": null,
            "revenue_4q": null,
            "common_shares": 222390,
            "book_valuer_per_share": 11.82,
            "book_valuer_per_share_4q_avg": 2.96,
            "equity": 262760,
            "current_ratio": 153.26,
            "debt_ratio": 49.34,
            "inventory_turnover_ratio": null,
            "account_receivable_turnover_ratio": null,
            "reinvestment_rate": null,
            "research_to_sale_ratio": null,
            "price_fair": 0,
            "eps_avg_yearly": 0,
            "eps_latest_yearly": 0,
            "eps_growth_yearly": 0
        },
        "20051": {
            "year_quarter": 20051,
            "year": 2005,
            "quarter": 1,
            "eps": null,
            "eps_growth_year": null,
            "eps_4q": null,
            "eps_4q_growth_year": null,
            "roe": null,
            "roe_4q": 0,
            "gross_profit": null,
            "gross_margin": null,
            "gross_margin_4q_avg": 0,
            "net_income": null,
            "net_income_4q": null,
            "revenue": null,
            "revenue_4q": null,
            "common_shares": null,
            "book_valuer_per_share": null,
            "book_valuer_per_share_4q_avg": 2.96,
            "equity": null,
            "current_ratio": null,
            "debt_ratio": null,
            "inventory_turnover_ratio": null,
            "account_receivable_turnover_ratio": null,
            "reinvestment_rate": null,
            "research_to_sale_ratio": null,
            "price_fair": 0,
            "eps_avg_yearly": 0,
            "eps_latest_yearly": 0,
            "eps_growth_yearly": 0
        },
        "20052": {
            "year_quarter": 20052,
            "year": 2005,
            "quarter": 2,
            "eps": null,
            "eps_growth_year": null,
            "eps_4q": null,
            "eps_4q_growth_year": null,
            "roe": null,
            "roe_4q": 0,
            "gross_profit": null,
            "gross_margin": null,
            "gross_margin_4q_avg": 0,
            "net_income": null,
            "net_income_4q": null,
            "revenue": null,
            "revenue_4q": null,
            "common_shares": null,
            "book_valuer_per_share": null,
            "book_valuer_per_share_4q_avg": 2.96,
            "equity": null,
            "current_ratio": null,
            "debt_ratio": null,
            "inventory_turnover_ratio": null,
            "account_receivable_turnover_ratio": null,
            "reinvestment_rate": null,
            "research_to_sale_ratio": null,
            "price_fair": 0,
            "eps_avg_yearly": 0,
            "eps_latest_yearly": 0,
            "eps_growth_yearly": 0
        },
        "20053": {
            "year_quarter": 20053,
            "year": 2005,
            "quarter": 3,
            "eps": null,
            "eps_growth_year": null,
            "eps_4q": null,
            "eps_4q_growth_year": null,
            "roe": null,
            "roe_4q": 0,
            "gross_profit": null,
            "gross_margin": null,
            "gross_margin_4q_avg": 0,
            "net_income": null,
            "net_income_4q": null,
            "revenue": null,
            "revenue_4q": null,
            "common_shares": null,
            "book_valuer_per_share": null,
            "book_valuer_per_share_4q_avg": 2.96,
            "equity": null,
            "current_ratio": null,
            "debt_ratio": null,
            "inventory_turnover_ratio": null,
            "account_receivable_turnover_ratio": null,
            "reinvestment_rate": null,
            "research_to_sale_ratio": null,
            "price_fair": 0,
            "eps_avg_yearly": 0,
            "eps_latest_yearly": 0,
            "eps_growth_yearly": 0
        },
        "20054": {
            "year_quarter": 20054,
            "year": 2005,
            "quarter": 4,
            "eps": null,
            "eps_growth_year": null,
            "eps_4q": null,
            "eps_4q_growth_year": null,
            "roe": null,
            "roe_4q": 0,
            "gross_profit": null,
            "gross_margin": null,
            "gross_margin_4q_avg": 0,
            "net_income": null,
            "net_income_4q": null,
            "revenue": null,
            "revenue_4q": null,
            "common_shares": 222390,
            "book_valuer_per_share": 12.1,
            "book_valuer_per_share_4q_avg": 3.03,
            "equity": 269006,
            "current_ratio": 168.43,
            "debt_ratio": 47.05,
            "inventory_turnover_ratio": null,
            "account_receivable_turnover_ratio": null,
            "reinvestment_rate": null,
            "research_to_sale_ratio": null,
            "price_fair": 0,
            "eps_avg_yearly": 0,
            "eps_latest_yearly": 0,
            "eps_growth_yearly": 0
        },
        "20061": {
            "year_quarter": 20061,
            "year": 2006,
            "quarter": 1,
            "eps": 0.78,
            "eps_growth_year": null,
            "eps_4q": null,
            "eps_4q_growth_year": null,
            "roe": 6.25,
            "roe_4q": 6.25,
            "gross_profit": 35574,
            "gross_margin": 37.45,
            "gross_margin_4q_avg": 9.36,
            "net_income": 17362,
            "net_income_4q": null,
            "revenue": 94980,
            "revenue_4q": null,
            "common_shares": 222390,
            "book_valuer_per_share": 12.88,
            "book_valuer_per_share_4q_avg": 6.25,
            "equity": 286443,
            "current_ratio": 172.68,
            "debt_ratio": 45.22,
            "inventory_turnover_ratio": 0.45,
            "account_receivable_turnover_ratio": null,
            "reinvestment_rate": null,
            "research_to_sale_ratio": null,
            "price_fair": 0,
            "eps_avg_yearly": 0,
            "eps_latest_yearly": 0,
            "eps_growth_yearly": 0
        },
        "20062": {
            "year_quarter": 20062,
            "year": 2006,
            "quarter": 2,
            "eps": 1.43,
            "eps_growth_year": null,
            "eps_4q": null,
            "eps_4q_growth_year": null,
            "roe": 10.98,
            "roe_4q": 17.23,
            "gross_profit": 49899,
            "gross_margin": 42.1,
            "gross_margin_4q_avg": 19.89,
            "net_income": 31730,
            "net_income_4q": null,
            "revenue": 118533,
            "revenue_4q": null,
            "common_shares": 222390,
            "book_valuer_per_share": 13.11,
            "book_valuer_per_share_4q_avg": 9.52,
            "equity": 291595,
            "current_ratio": 154.3,
            "debt_ratio": 49.89,
            "inventory_turnover_ratio": 0.5,
            "account_receivable_turnover_ratio": null,
            "reinvestment_rate": null,
            "research_to_sale_ratio": null,
            "price_fair": 200.2,
            "eps_avg_yearly": 5.72,
            "eps_latest_yearly": 5.72,
            "eps_growth_yearly": 333.33
        },
        "20063": {
            "year_quarter": 20063,
            "year": 2006,
            "quarter": 3,
            "eps": 1.12,
            "eps_growth_year": null,
            "eps_4q": null,
            "eps_4q_growth_year": null,
            "roe": 8.22,
            "roe_4q": 25.450000000000003,
            "gross_profit": 42220,
            "gross_margin": 33.72,
            "gross_margin_4q_avg": 28.32,
            "net_income": 25002,
            "net_income_4q": null,
            "revenue": 125219,
            "revenue_4q": null,
            "common_shares": 222390,
            "book_valuer_per_share": 14.24,
            "book_valuer_per_share_4q_avg": 13.08,
            "equity": 316597,
            "current_ratio": 182.67,
            "debt_ratio": 43.48,
            "inventory_turnover_ratio": 0.63,
            "account_receivable_turnover_ratio": null,
            "reinvestment_rate": null,
            "research_to_sale_ratio": null,
            "price_fair": 178.5,
            "eps_avg_yearly": 5.1,
            "eps_latest_yearly": 4.48,
            "eps_growth_yearly": 123.31
        },
        "20064": {
            "year_quarter": 20064,
            "year": 2006,
            "quarter": 4,
            "eps": 0.88,
            "eps_growth_year": null,
            "eps_4q": 4.2,
            "eps_4q_growth_year": null,
            "roe": 5.91,
            "roe_4q": 31.36,
            "gross_profit": 41505,
            "gross_margin": 35.14,
            "gross_margin_4q_avg": 37.1,
            "net_income": 19664,
            "net_income_4q": null,
            "revenue": 118115,
            "revenue_4q": null,
            "common_shares": 222390,
            "book_valuer_per_share": 15.35,
            "book_valuer_per_share_4q_avg": 13.9,
            "equity": 348349,
            "current_ratio": 218.14,
            "debt_ratio": 39.18,
            "inventory_turnover_ratio": 0.65,
            "account_receivable_turnover_ratio": null,
            "reinvestment_rate": null,
            "research_to_sale_ratio": null,
            "price_fair": 160.07,
            "eps_avg_yearly": 4.57,
            "eps_latest_yearly": 3.52,
            "eps_growth_yearly": 53.64
        },
        "20071": {
            "year_quarter": 20071,
            "year": 2007,
            "quarter": 1,
            "eps": 0.66,
            "eps_growth_year": -15.38,
            "eps_4q": 4.07,
            "eps_4q_growth_year": null,
            "roe": 4.18,
            "roe_4q": 29.290000000000003,
            "gross_profit": 35952,
            "gross_margin": 35.07,
            "gross_margin_4q_avg": 36.51,
            "net_income": 14781,
            "net_income_4q": null,
            "revenue": 102529,
            "revenue_4q": null,
            "common_shares": 222390,
            "book_valuer_per_share": 16.15,
            "book_valuer_per_share_4q_avg": 14.71,
            "equity": 359182,
            "current_ratio": 190.71,
            "debt_ratio": 38.59,
            "inventory_turnover_ratio": 0.63,
            "account_receivable_turnover_ratio": null,
            "reinvestment_rate": null,
            "research_to_sale_ratio": null,
            "price_fair": 103.18,
            "eps_avg_yearly": 4.09,
            "eps_latest_yearly": 2.64,
            "eps_growth_yearly": 15.23
        },
        "20072": {
            "year_quarter": 20072,
            "year": 2007,
            "quarter": 2,
            "eps": 0.88,
            "eps_growth_year": -38.46,
            "eps_4q": 3.32,
            "eps_4q_growth_year": null,
            "roe": 6.25,
            "roe_4q": 24.560000000000002,
            "gross_profit": 45608,
            "gross_margin": 38.23,
            "gross_margin_4q_avg": 35.54,
            "net_income": 21440,
            "net_income_4q": null,
            "revenue": 119314,
            "revenue_4q": null,
            "common_shares": 222390,
            "book_valuer_per_share": 14.68,
            "book_valuer_per_share_4q_avg": 15.11,
            "equity": 326496,
            "current_ratio": 145.74,
            "debt_ratio": 45.34,
            "inventory_turnover_ratio": 0.77,
            "account_receivable_turnover_ratio": null,
            "reinvestment_rate": null,
            "research_to_sale_ratio": null,
            "price_fair": 139.16,
            "eps_avg_yearly": 3.98,
            "eps_latest_yearly": 3.52,
            "eps_growth_yearly": 38.85
        },
        "20073": {
            "year_quarter": 20073,
            "year": 2007,
            "quarter": 3,
            "eps": 1.02,
            "eps_growth_year": -8.93,
            "eps_4q": 3.31,
            "eps_4q_growth_year": null,
            "roe": 7.35,
            "roe_4q": 23.69,
            "gross_profit": 45994,
            "gross_margin": 37.33,
            "gross_margin_4q_avg": 36.44,
            "net_income": 24911,
            "net_income_4q": null,
            "revenue": 123199,
            "revenue_4q": null,
            "common_shares": 244629,
            "book_valuer_per_share": 14.35,
            "book_valuer_per_share_4q_avg": 15.13,
            "equity": 351062,
            "current_ratio": 165.58,
            "debt_ratio": 40.3,
            "inventory_turnover_ratio": 0.81,
            "account_receivable_turnover_ratio": null,
            "reinvestment_rate": null,
            "research_to_sale_ratio": null,
            "price_fair": 139.77,
            "eps_avg_yearly": 3.99,
            "eps_latest_yearly": 4.08,
            "eps_growth_yearly": 42.98
        },
        "20074": {
            "year_quarter": 20074,
            "year": 2007,
            "quarter": 4,
            "eps": 1.65,
            "eps_growth_year": 87.5,
            "eps_4q": 4.07,
            "eps_4q_growth_year": -2.98,
            "roe": 9.59,
            "roe_4q": 27.369999999999997,
            "gross_profit": 66241,
            "gross_margin": 40.49,
            "gross_margin_4q_avg": 37.78,
            "net_income": 41664,
            "net_income_4q": null,
            "revenue": 163614,
            "revenue_4q": null,
            "common_shares": 274279,
            "book_valuer_per_share": 18.71,
            "book_valuer_per_share_4q_avg": 15.97,
            "equity": 517627,
            "current_ratio": 226.65,
            "debt_ratio": 38.29,
            "inventory_turnover_ratio": 0.79,
            "account_receivable_turnover_ratio": null,
            "reinvestment_rate": null,
            "research_to_sale_ratio": null,
            "price_fair": 152.8,
            "eps_avg_yearly": 4.37,
            "eps_latest_yearly": 6.6,
            "eps_growth_yearly": 72.13
        },
        "20081": {
            "year_quarter": 20081,
            "year": 2008,
            "quarter": 1,
            "eps": 1.48,
            "eps_growth_year": 124.24,
            "eps_4q": 5.06,
            "eps_4q_growth_year": 24.31,
            "roe": 7.03,
            "roe_4q": 30.22,
            "gross_profit": 86305,
            "gross_margin": 44.85,
            "gross_margin_4q_avg": 40.23,
            "net_income": 37580,
            "net_income_4q": null,
            "revenue": 192437,
            "revenue_4q": null,
            "common_shares": 274279,
            "book_valuer_per_share": 20.07,
            "book_valuer_per_share_4q_avg": 16.95,
            "equity": 552174,
            "current_ratio": 237.94,
            "debt_ratio": 38.89,
            "inventory_turnover_ratio": 0.64,
            "account_receivable_turnover_ratio": null,
            "reinvestment_rate": null,
            "research_to_sale_ratio": null,
            "price_fair": 159.6,
            "eps_avg_yearly": 4.56,
            "eps_latest_yearly": 5.92,
            "eps_growth_yearly": 57.97
        },
        "20082": {
            "year_quarter": 20082,
            "year": 2008,
            "quarter": 2,
            "eps": 1.96,
            "eps_growth_year": 122.73,
            "eps_4q": 5.57,
            "eps_4q_growth_year": 67.84,
            "roe": 10.63,
            "roe_4q": 34.6,
            "gross_profit": 81799,
            "gross_margin": 42.33,
            "gross_margin_4q_avg": 41.25,
            "net_income": 58448,
            "net_income_4q": null,
            "revenue": 193234,
            "revenue_4q": null,
            "common_shares": 274279,
            "book_valuer_per_share": 19.97,
            "book_valuer_per_share_4q_avg": 18.28,
            "equity": 547600,
            "current_ratio": 219.79,
            "debt_ratio": 37.6,
            "inventory_turnover_ratio": 0.64,
            "account_receivable_turnover_ratio": null,
            "reinvestment_rate": null,
            "research_to_sale_ratio": null,
            "price_fair": 172.36,
            "eps_avg_yearly": 4.92,
            "eps_latest_yearly": 7.84,
            "eps_growth_yearly": 65.94
        },
        "20083": {
            "year_quarter": 20083,
            "year": 2008,
            "quarter": 3,
            "eps": 0.54,
            "eps_growth_year": -47.06,
            "eps_4q": 5.22,
            "eps_4q_growth_year": 57.71,
            "roe": 2.93,
            "roe_4q": 30.18,
            "gross_profit": 43954,
            "gross_margin": 32.3,
            "gross_margin_4q_avg": 39.99,
            "net_income": 16308,
            "net_income_4q": null,
            "revenue": 136077,
            "revenue_4q": null,
            "common_shares": 301707,
            "book_valuer_per_share": 18.74,
            "book_valuer_per_share_4q_avg": 19.37,
            "equity": 565466,
            "current_ratio": 315.23,
            "debt_ratio": 28.16,
            "inventory_turnover_ratio": 0.59,
            "account_receivable_turnover_ratio": null,
            "reinvestment_rate": null,
            "research_to_sale_ratio": null,
            "price_fair": 162.68,
            "eps_avg_yearly": 4.65,
            "eps_latest_yearly": 2.16,
            "eps_growth_yearly": 30.37
        },
        "20084": {
            "year_quarter": 20084,
            "year": 2008,
            "quarter": 4,
            "eps": -0.14,
            "eps_growth_year": -108.48,
            "eps_4q": 3.81,
            "eps_4q_growth_year": -6.47,
            "roe": -0.67,
            "roe_4q": 19.92,
            "gross_profit": 19186,
            "gross_margin": 18.08,
            "gross_margin_4q_avg": 34.39,
            "net_income": -3753,
            "net_income_4q": null,
            "revenue": 106145,
            "revenue_4q": null,
            "common_shares": 301707,
            "book_valuer_per_share": 18.6,
            "book_valuer_per_share_4q_avg": 19.35,
            "equity": 561298,
            "current_ratio": 389.97,
            "debt_ratio": 21.25,
            "inventory_turnover_ratio": 0.66,
            "account_receivable_turnover_ratio": 1.62,
            "reinvestment_rate": null,
            "research_to_sale_ratio": null,
            "price_fair": 162.68,
            "eps_avg_yearly": 4.65,
            "eps_latest_yearly": 2.16,
            "eps_growth_yearly": 30.37
        },
        "20091": {
            "year_quarter": 20091,
            "year": 2009,
            "quarter": 1,
            "eps": -0.24,
            "eps_growth_year": -116.22,
            "eps_4q": 2.13,
            "eps_4q_growth_year": -58.01,
            "roe": -1.28,
            "roe_4q": 11.610000000000001,
            "gross_profit": 8153,
            "gross_margin": 9.42,
            "gross_margin_4q_avg": 25.53,
            "net_income": -7139,
            "net_income_4q": null,
            "revenue": 86583,
            "revenue_4q": null,
            "common_shares": 301707,
            "book_valuer_per_share": 18.46,
            "book_valuer_per_share_4q_avg": 18.94,
            "equity": 556911,
            "current_ratio": 549.59,
            "debt_ratio": 16.31,
            "inventory_turnover_ratio": 0.83,
            "account_receivable_turnover_ratio": 0.76,
            "reinvestment_rate": null,
            "research_to_sale_ratio": null,
            "price_fair": 162.68,
            "eps_avg_yearly": 4.65,
            "eps_latest_yearly": 2.16,
            "eps_growth_yearly": 30.37
        },
        "20092": {
            "year_quarter": 20092,
            "year": 2009,
            "quarter": 2,
            "eps": -0.32,
            "eps_growth_year": -116.33,
            "eps_4q": -0.15,
            "eps_4q_growth_year": -102.72,
            "roe": -1.87,
            "roe_4q": -0.8900000000000001,
            "gross_profit": 471,
            "gross_margin": 1.21,
            "gross_margin_4q_avg": 15.25,
            "net_income": -9586,
            "net_income_4q": null,
            "revenue": 38780,
            "revenue_4q": null,
            "common_shares": 301707,
            "book_valuer_per_share": 15.5,
            "book_valuer_per_share_4q_avg": 17.83,
            "equity": 467781,
            "current_ratio": 225.19,
            "debt_ratio": 32.75,
            "inventory_turnover_ratio": 0.44,
            "account_receivable_turnover_ratio": 0.44,
            "reinvestment_rate": null,
            "research_to_sale_ratio": null,
            "price_fair": 162.68,
            "eps_avg_yearly": 4.65,
            "eps_latest_yearly": 2.16,
            "eps_growth_yearly": 30.37
        },
        "20093": {
            "year_quarter": 20093,
            "year": 2009,
            "quarter": 3,
            "eps": 0.08,
            "eps_growth_year": -85.19,
            "eps_4q": -0.65,
            "eps_4q_growth_year": -112.46,
            "roe": 0.49,
            "roe_4q": -3.33,
            "gross_profit": 21552,
            "gross_margin": 24.33,
            "gross_margin_4q_avg": 13.26,
            "net_income": 2288,
            "net_income_4q": null,
            "revenue": 88569,
            "revenue_4q": null,
            "common_shares": 301707,
            "book_valuer_per_share": 15.61,
            "book_valuer_per_share_4q_avg": 17.04,
            "equity": 470946,
            "current_ratio": 311.09,
            "debt_ratio": 24.23,
            "inventory_turnover_ratio": 0.62,
            "account_receivable_turnover_ratio": 1.06,
            "reinvestment_rate": null,
            "research_to_sale_ratio": null,
            "price_fair": 162.68,
            "eps_avg_yearly": 4.65,
            "eps_latest_yearly": 2.16,
            "eps_growth_yearly": 30.37
        },
        "20094": {
            "year_quarter": 20094,
            "year": 2009,
            "quarter": 4,
            "eps": 0.78,
            "eps_growth_year": null,
            "eps_4q": 0.3,
            "eps_4q_growth_year": -92.03,
            "roe": 4.88,
            "roe_4q": 2.2199999999999998,
            "gross_profit": 49004,
            "gross_margin": 38.39,
            "gross_margin_4q_avg": 18.34,
            "net_income": 23598,
            "net_income_4q": null,
            "revenue": 127632,
            "revenue_4q": null,
            "common_shares": 301707,
            "book_valuer_per_share": 16.44,
            "book_valuer_per_share_4q_avg": 16.5,
            "equity": 496036,
            "current_ratio": 299.92,
            "debt_ratio": 25.82,
            "inventory_turnover_ratio": 0.67,
            "account_receivable_turnover_ratio": 1.71,
            "reinvestment_rate": 34.6,
            "research_to_sale_ratio": null,
            "price_fair": 157.82,
            "eps_avg_yearly": 4.51,
            "eps_latest_yearly": 3.12,
            "eps_growth_yearly": 345.79
        },
        "20101": {
            "year_quarter": 20101,
            "year": 2010,
            "quarter": 1,
            "eps": 0.17,
            "eps_growth_year": null,
            "eps_4q": 0.71,
            "eps_4q_growth_year": -66.78,
            "roe": 1,
            "roe_4q": 4.5,
            "gross_profit": 28315,
            "gross_margin": 33.1,
            "gross_margin_4q_avg": 24.26,
            "net_income": 4998,
            "net_income_4q": null,
            "revenue": 85537,
            "revenue_4q": null,
            "common_shares": 301707,
            "book_valuer_per_share": 16.56,
            "book_valuer_per_share_4q_avg": 16.03,
            "equity": 499748,
            "current_ratio": 244.29,
            "debt_ratio": 32.52,
            "inventory_turnover_ratio": 0.38,
            "account_receivable_turnover_ratio": 0.58,
            "reinvestment_rate": 64.4,
            "research_to_sale_ratio": 7.29,
            "price_fair": 146.65,
            "eps_avg_yearly": 4.19,
            "eps_latest_yearly": 0.68,
            "eps_growth_yearly": 290.9
        },
        "20102": {
            "year_quarter": 20102,
            "year": 2010,
            "quarter": 2,
            "eps": 1.51,
            "eps_growth_year": null,
            "eps_4q": 2.53,
            "eps_4q_growth_year": null,
            "roe": 8.81,
            "roe_4q": 15.180000000000001,
            "gross_profit": 86993,
            "gross_margin": 38.35,
            "gross_margin_4q_avg": 33.54,
            "net_income": 45492,
            "net_income_4q": null,
            "revenue": 226867,
            "revenue_4q": null,
            "common_shares": 301707,
            "book_valuer_per_share": 17.66,
            "book_valuer_per_share_4q_avg": 16.57,
            "equity": 532849,
            "current_ratio": 223.88,
            "debt_ratio": 38.15,
            "inventory_turnover_ratio": 0.73,
            "account_receivable_turnover_ratio": 1.23,
            "reinvestment_rate": 66.51,
            "research_to_sale_ratio": 3.44,
            "price_fair": 147.58,
            "eps_avg_yearly": 4.22,
            "eps_latest_yearly": 6.04,
            "eps_growth_yearly": 525.87
        },
        "20103": {
            "year_quarter": 20103,
            "year": 2010,
            "quarter": 3,
            "eps": 1.29,
            "eps_growth_year": 1515.23,
            "eps_4q": 3.75,
            "eps_4q_growth_year": null,
            "roe": 7.08,
            "roe_4q": 21.77,
            "gross_profit": 78212,
            "gross_margin": 40.96,
            "gross_margin_4q_avg": 37.7,
            "net_income": 38986,
            "net_income_4q": null,
            "revenue": 190966,
            "revenue_4q": null,
            "common_shares": 301707,
            "book_valuer_per_share": 18.87,
            "book_valuer_per_share_4q_avg": 17.38,
            "equity": 569187,
            "current_ratio": 204.37,
            "debt_ratio": 40.01,
            "inventory_turnover_ratio": 0.49,
            "account_receivable_turnover_ratio": 0.74,
            "reinvestment_rate": 74.55,
            "research_to_sale_ratio": 3.19,
            "price_fair": 149.57,
            "eps_avg_yearly": 4.27,
            "eps_latest_yearly": 5.16,
            "eps_growth_yearly": 528.24
        },
        "20104": {
            "year_quarter": 20104,
            "year": 2010,
            "quarter": 4,
            "eps": 1.77,
            "eps_growth_year": 127.5,
            "eps_4q": 4.33,
            "eps_4q_growth_year": 1327.06,
            "roe": 9.02,
            "roe_4q": 25.910000000000004,
            "gross_profit": 113325,
            "gross_margin": 41.34,
            "gross_margin_4q_avg": 38.44,
            "net_income": 62056,
            "net_income_4q": null,
            "revenue": 274150,
            "revenue_4q": null,
            "common_shares": 349707,
            "book_valuer_per_share": 23.07,
            "book_valuer_per_share_4q_avg": 19.04,
            "equity": 806708,
            "current_ratio": 362.07,
            "debt_ratio": 25.49,
            "inventory_turnover_ratio": 0.71,
            "account_receivable_turnover_ratio": 0.89,
            "reinvestment_rate": 37.61,
            "research_to_sale_ratio": 2.43,
            "price_fair": 159.95,
            "eps_avg_yearly": 4.57,
            "eps_latest_yearly": 7.08,
            "eps_growth_yearly": 547.79
        },
        "20111": {
            "year_quarter": 20111,
            "year": 2011,
            "quarter": 1,
            "eps": 0.47,
            "eps_growth_year": 176.47,
            "eps_4q": 4.66,
            "eps_4q_growth_year": 560.63,
            "roe": 2.03,
            "roe_4q": 26.939999999999998,
            "gross_profit": 57651,
            "gross_margin": 36.22,
            "gross_margin_4q_avg": 39.22,
            "net_income": 16553,
            "net_income_4q": null,
            "revenue": 159165,
            "revenue_4q": null,
            "common_shares": 349707,
            "book_valuer_per_share": 23.61,
            "book_valuer_per_share_4q_avg": 20.8,
            "equity": 825636,
            "current_ratio": 371.54,
            "debt_ratio": 23.81,
            "inventory_turnover_ratio": 0.58,
            "account_receivable_turnover_ratio": 0.51,
            "reinvestment_rate": 78.06,
            "research_to_sale_ratio": 4.84,
            "price_fair": 157.73,
            "eps_avg_yearly": 4.51,
            "eps_latest_yearly": 1.88,
            "eps_growth_yearly": 531.64
        },
        "20112": {
            "year_quarter": 20112,
            "year": 2011,
            "quarter": 2,
            "eps": 0.23,
            "eps_growth_year": -85.04,
            "eps_4q": 3.59,
            "eps_4q_growth_year": 41.74,
            "roe": 1.03,
            "roe_4q": 19.159999999999997,
            "gross_profit": 38700,
            "gross_margin": 39.39,
            "gross_margin_4q_avg": 39.48,
            "net_income": 7886,
            "net_income_4q": null,
            "revenue": 98245,
            "revenue_4q": null,
            "common_shares": 349707,
            "book_valuer_per_share": 20.3,
            "book_valuer_per_share_4q_avg": 21.46,
            "equity": 709733,
            "current_ratio": 226,
            "debt_ratio": 36.11,
            "inventory_turnover_ratio": 0.34,
            "account_receivable_turnover_ratio": 0.4,
            "reinvestment_rate": 81.03,
            "research_to_sale_ratio": 7.12,
            "price_fair": 150.15,
            "eps_avg_yearly": 4.29,
            "eps_latest_yearly": 0.92,
            "eps_growth_yearly": 503.5
        },
        "20113": {
            "year_quarter": 20113,
            "year": 2011,
            "quarter": 3,
            "eps": 0.41,
            "eps_growth_year": -68,
            "eps_4q": 2.89,
            "eps_4q_growth_year": -22.97,
            "roe": 2,
            "roe_4q": 14.08,
            "gross_profit": 43396,
            "gross_margin": 37.19,
            "gross_margin_4q_avg": 38.54,
            "net_income": 14462,
            "net_income_4q": null,
            "revenue": 116683,
            "revenue_4q": null,
            "common_shares": 349707,
            "book_valuer_per_share": 21.04,
            "book_valuer_per_share_4q_avg": 22.01,
            "equity": 735640,
            "current_ratio": 222.27,
            "debt_ratio": 29.85,
            "inventory_turnover_ratio": 0.36,
            "account_receivable_turnover_ratio": 0.6,
            "reinvestment_rate": 129.56,
            "research_to_sale_ratio": 5.93,
            "price_fair": 143.03,
            "eps_avg_yearly": 4.09,
            "eps_latest_yearly": 1.64,
            "eps_growth_yearly": 524.29
        },
        "20114": {
            "year_quarter": 20114,
            "year": 2011,
            "quarter": 4,
            "eps": 0.9,
            "eps_growth_year": -49.04,
            "eps_4q": 2.12,
            "eps_4q_growth_year": -51.05,
            "roe": 3.87,
            "roe_4q": 8.93,
            "gross_profit": 59404,
            "gross_margin": 33.77,
            "gross_margin_4q_avg": 36.64,
            "net_income": 28909,
            "net_income_4q": null,
            "revenue": 175891,
            "revenue_4q": null,
            "common_shares": 349707,
            "book_valuer_per_share": 23.76,
            "book_valuer_per_share_4q_avg": 22.18,
            "equity": 759594,
            "current_ratio": 226.59,
            "debt_ratio": 28.51,
            "inventory_turnover_ratio": 0.63,
            "account_receivable_turnover_ratio": 0.88,
            "reinvestment_rate": 68.3,
            "research_to_sale_ratio": 3.88,
            "price_fair": 134.28,
            "eps_avg_yearly": 3.84,
            "eps_latest_yearly": 3.6,
            "eps_growth_yearly": 543.54
        },
        "20121": {
            "year_quarter": 20121,
            "year": 2012,
            "quarter": 1,
            "eps": 0.26,
            "eps_growth_year": -44.68,
            "eps_4q": 1.74,
            "eps_4q_growth_year": -62.74,
            "roe": 1.18,
            "roe_4q": 8.08,
            "gross_profit": 35737,
            "gross_margin": 29.58,
            "gross_margin_4q_avg": 34.98,
            "net_income": 8995,
            "net_income_4q": null,
            "revenue": 120834,
            "revenue_4q": null,
            "common_shares": 349707,
            "book_valuer_per_share": 22.04,
            "book_valuer_per_share_4q_avg": 21.79,
            "equity": 764290,
            "current_ratio": 250.19,
            "debt_ratio": 24.43,
            "inventory_turnover_ratio": 0.56,
            "account_receivable_turnover_ratio": 0.62,
            "reinvestment_rate": 93.52,
            "research_to_sale_ratio": 5.16,
            "price_fair": 120.05,
            "eps_avg_yearly": 3.43,
            "eps_latest_yearly": 1.04,
            "eps_growth_yearly": 523.27
        },
        "20122": {
            "year_quarter": 20122,
            "year": 2012,
            "quarter": 2,
            "eps": -0.19,
            "eps_growth_year": -182.87,
            "eps_4q": 1.31,
            "eps_4q_growth_year": -63.48,
            "roe": -0.89,
            "roe_4q": 6.16,
            "gross_profit": 26440,
            "gross_margin": 35.53,
            "gross_margin_4q_avg": 34.02,
            "net_income": -6535,
            "net_income_4q": null,
            "revenue": 74424,
            "revenue_4q": null,
            "common_shares": 349707,
            "book_valuer_per_share": 20.37,
            "book_valuer_per_share_4q_avg": 21.8,
            "equity": 712393,
            "current_ratio": 203.35,
            "debt_ratio": 30.24,
            "inventory_turnover_ratio": 0.33,
            "account_receivable_turnover_ratio": 0.45,
            "reinvestment_rate": 116.25,
            "research_to_sale_ratio": 8.45,
            "price_fair": 106.02,
            "eps_avg_yearly": 3.03,
            "eps_latest_yearly": 1.04,
            "eps_growth_yearly": 559.04
        },
        "20123": {
            "year_quarter": 20123,
            "year": 2012,
            "quarter": 3,
            "eps": 0.09,
            "eps_growth_year": -79.41,
            "eps_4q": 0.98,
            "eps_4q_growth_year": -65.98,
            "roe": 0.42,
            "roe_4q": 4.58,
            "gross_profit": 28501,
            "gross_margin": 28.66,
            "gross_margin_4q_avg": 31.89,
            "net_income": 2978,
            "net_income_4q": null,
            "revenue": 99430,
            "revenue_4q": null,
            "common_shares": 349707,
            "book_valuer_per_share": 20.42,
            "book_valuer_per_share_4q_avg": 21.65,
            "equity": 714020,
            "current_ratio": 208.17,
            "debt_ratio": 28.67,
            "inventory_turnover_ratio": 0.49,
            "account_receivable_turnover_ratio": 0.62,
            "reinvestment_rate": 117.39,
            "research_to_sale_ratio": 6.47,
            "price_fair": 109.06,
            "eps_avg_yearly": 3.12,
            "eps_latest_yearly": 1.04,
            "eps_growth_yearly": 643.93
        },
        "20124": {
            "year_quarter": 20124,
            "year": 2012,
            "quarter": 4,
            "eps": -0.74,
            "eps_growth_year": -181.58,
            "eps_4q": -0.58,
            "eps_4q_growth_year": -127.45,
            "roe": -3.68,
            "roe_4q": -2.9700000000000006,
            "gross_profit": 16440,
            "gross_margin": 19.11,
            "gross_margin_4q_avg": 28.22,
            "net_income": -25796,
            "net_income_4q": null,
            "revenue": 86042,
            "revenue_4q": null,
            "common_shares": 349707,
            "book_valuer_per_share": 19.68,
            "book_valuer_per_share_4q_avg": 20.63,
            "equity": 688218,
            "current_ratio": 284.69,
            "debt_ratio": 29.48,
            "inventory_turnover_ratio": 0.54,
            "account_receivable_turnover_ratio": 0.53,
            "reinvestment_rate": 147.41,
            "research_to_sale_ratio": 6.85,
            "price_fair": 109.06,
            "eps_avg_yearly": 3.12,
            "eps_latest_yearly": 1.04,
            "eps_growth_yearly": 643.93
        },
        "20131": {
            "year_quarter": 20131,
            "year": 2013,
            "quarter": 1,
            "eps": 0.84,
            "eps_growth_year": 223.08,
            "eps_4q": -0,
            "eps_4q_growth_year": -100.17,
            "roe": 4.2,
            "roe_4q": 0.04999999999999993,
            "gross_profit": 16051,
            "gross_margin": 27.4,
            "gross_margin_4q_avg": 27.68,
            "net_income": 29249,
            "net_income_4q": null,
            "revenue": 58588,
            "revenue_4q": null,
            "common_shares": 349707,
            "book_valuer_per_share": 20.17,
            "book_valuer_per_share_4q_avg": 20.16,
            "equity": 705473,
            "current_ratio": 189.03,
            "debt_ratio": 31,
            "inventory_turnover_ratio": 0.34,
            "account_receivable_turnover_ratio": 0.44,
            "reinvestment_rate": 64.68,
            "research_to_sale_ratio": 9.42,
            "price_fair": 109.06,
            "eps_avg_yearly": 3.12,
            "eps_latest_yearly": 1.04,
            "eps_growth_yearly": 643.93
        },
        "20132": {
            "year_quarter": 20132,
            "year": 2013,
            "quarter": 2,
            "eps": 0.22,
            "eps_growth_year": null,
            "eps_4q": 0.35,
            "eps_4q_growth_year": -73.41,
            "roe": 1.13,
            "roe_4q": 2.07,
            "gross_profit": 34588,
            "gross_margin": 38.64,
            "gross_margin_4q_avg": 28.45,
            "net_income": 9254,
            "net_income_4q": null,
            "revenue": 89507,
            "revenue_4q": null,
            "common_shares": 450170,
            "book_valuer_per_share": 20.8,
            "book_valuer_per_share_4q_avg": 20.27,
            "equity": 936390,
            "current_ratio": 506.94,
            "debt_ratio": 36.99,
            "inventory_turnover_ratio": 0.39,
            "account_receivable_turnover_ratio": 0.76,
            "reinvestment_rate": 63.2,
            "research_to_sale_ratio": 8.01,
            "price_fair": 101.95,
            "eps_avg_yearly": 2.91,
            "eps_latest_yearly": 0.88,
            "eps_growth_yearly": 558.55
        },
        "20133": {
            "year_quarter": 20133,
            "year": 2013,
            "quarter": 3,
            "eps": -0.01,
            "eps_growth_year": -111.74,
            "eps_4q": 0.28,
            "eps_4q_growth_year": -71.82,
            "roe": -0.03,
            "roe_4q": 1.6199999999999997,
            "gross_profit": 32081,
            "gross_margin": 36.9,
            "gross_margin_4q_avg": 30.51,
            "net_income": -248,
            "net_income_4q": null,
            "revenue": 86932,
            "revenue_4q": null,
            "common_shares": 450170,
            "book_valuer_per_share": 20.6,
            "book_valuer_per_share_4q_avg": 20.31,
            "equity": 927242,
            "current_ratio": 457.51,
            "debt_ratio": 38.05,
            "inventory_turnover_ratio": 0.35,
            "account_receivable_turnover_ratio": 0.73,
            "reinvestment_rate": 78.47,
            "research_to_sale_ratio": 8.29,
            "price_fair": 101.95,
            "eps_avg_yearly": 2.91,
            "eps_latest_yearly": 0.88,
            "eps_growth_yearly": 558.55
        },
        "20134": {
            "year_quarter": 20134,
            "year": 2013,
            "quarter": 4,
            "eps": 0.48,
            "eps_growth_year": null,
            "eps_4q": 1.33,
            "eps_4q_growth_year": null,
            "roe": 2.3,
            "roe_4q": 7.6,
            "gross_profit": 71227,
            "gross_margin": 46.75,
            "gross_margin_4q_avg": 37.42,
            "net_income": 21588,
            "net_income_4q": null,
            "revenue": 152349,
            "revenue_4q": null,
            "common_shares": 450170,
            "book_valuer_per_share": 21.17,
            "book_valuer_per_share_4q_avg": 20.69,
            "equity": 953214,
            "current_ratio": 384.93,
            "debt_ratio": 39.1,
            "inventory_turnover_ratio": 0.52,
            "account_receivable_turnover_ratio": 1.03,
            "reinvestment_rate": 106.56,
            "research_to_sale_ratio": 9.4,
            "price_fair": 101.22,
            "eps_avg_yearly": 2.89,
            "eps_latest_yearly": 0.88,
            "eps_growth_yearly": 264.4
        },
        "20141": {
            "year_quarter": 20141,
            "year": 2014,
            "quarter": 1,
            "eps": 0.16,
            "eps_growth_year": -80.95,
            "eps_4q": 0.84,
            "eps_4q_growth_year": null,
            "roe": 0.76,
            "roe_4q": 4.16,
            "gross_profit": 33002,
            "gross_margin": 25.85,
            "gross_margin_4q_avg": 37.04,
            "net_income": 7317,
            "net_income_4q": null,
            "revenue": 127657,
            "revenue_4q": null,
            "common_shares": 450286,
            "book_valuer_per_share": 21.33,
            "book_valuer_per_share_4q_avg": 20.98,
            "equity": 960380,
            "current_ratio": 388.45,
            "debt_ratio": 37.77,
            "inventory_turnover_ratio": 0.67,
            "account_receivable_turnover_ratio": 0.78,
            "reinvestment_rate": 132.13,
            "research_to_sale_ratio": 5.18,
            "price_fair": 101.08,
            "eps_avg_yearly": 2.89,
            "eps_latest_yearly": 0.64,
            "eps_growth_yearly": 269.02
        },
        "20142": {
            "year_quarter": 20142,
            "year": 2014,
            "quarter": 2,
            "eps": 1.79,
            "eps_growth_year": 713.64,
            "eps_4q": 2.4,
            "eps_4q_growth_year": 587.8,
            "roe": 8.12,
            "roe_4q": 11.15,
            "gross_profit": 135230,
            "gross_margin": 40.28,
            "gross_margin_4q_avg": 37.45,
            "net_income": 79252,
            "net_income_4q": null,
            "revenue": 335694,
            "revenue_4q": null,
            "common_shares": 450286,
            "book_valuer_per_share": 22.02,
            "book_valuer_per_share_4q_avg": 21.28,
            "equity": 991746,
            "current_ratio": 120.39,
            "debt_ratio": 42.63,
            "inventory_turnover_ratio": 1.62,
            "account_receivable_turnover_ratio": 1.55,
            "reinvestment_rate": 120.3,
            "research_to_sale_ratio": 2.41,
            "price_fair": 105,
            "eps_avg_yearly": 3,
            "eps_latest_yearly": 7.16,
            "eps_growth_yearly": 361.23
        },
        "20143": {
            "year_quarter": 20143,
            "year": 2014,
            "quarter": 3,
            "eps": 4.41,
            "eps_growth_year": null,
            "eps_4q": 6.81,
            "eps_4q_growth_year": 2360.16,
            "roe": 18.16,
            "roe_4q": 29.340000000000003,
            "gross_profit": 295427,
            "gross_margin": 41.48,
            "gross_margin_4q_avg": 38.59,
            "net_income": 198433,
            "net_income_4q": null,
            "revenue": 712192,
            "revenue_4q": null,
            "common_shares": 450286,
            "book_valuer_per_share": 26.5,
            "book_valuer_per_share_4q_avg": 22.76,
            "equity": 1193120,
            "current_ratio": 132.5,
            "debt_ratio": 49.41,
            "inventory_turnover_ratio": 3.24,
            "account_receivable_turnover_ratio": 1.25,
            "reinvestment_rate": 69.59,
            "research_to_sale_ratio": 0.74,
            "price_fair": 148.68,
            "eps_avg_yearly": 4.25,
            "eps_latest_yearly": 17.64,
            "eps_growth_yearly": 425.6
        },
        "20144": {
            "year_quarter": 20144,
            "year": 2014,
            "quarter": 4,
            "eps": 2.36,
            "eps_growth_year": 391.85,
            "eps_4q": 7.13,
            "eps_4q_growth_year": 435.99,
            "roe": 10.2,
            "roe_4q": 37.239999999999995,
            "gross_profit": 276618,
            "gross_margin": 35.11,
            "gross_margin_4q_avg": 35.68,
            "net_income": 141036,
            "net_income_4q": null,
            "revenue": 787948,
            "revenue_4q": null,
            "common_shares": 578833,
            "book_valuer_per_share": 27.16,
            "book_valuer_per_share_4q_avg": 24.25,
            "equity": 1571944,
            "current_ratio": 258.8,
            "debt_ratio": 32.03,
            "inventory_turnover_ratio": 3.87,
            "account_receivable_turnover_ratio": 1.14,
            "reinvestment_rate": 64.47,
            "research_to_sale_ratio": 1.42,
            "price_fair": 156.94,
            "eps_avg_yearly": 4.48,
            "eps_latest_yearly": 9.44,
            "eps_growth_yearly": 392.12
        },
        "20151": {
            "year_quarter": 20151,
            "year": 2015,
            "quarter": 1,
            "eps": 2.01,
            "eps_growth_year": 1156.25,
            "eps_4q": 8.67,
            "eps_4q_growth_year": 929.36,
            "roe": 7.36,
            "roe_4q": 43.839999999999996,
            "gross_profit": 221586,
            "gross_margin": 39.19,
            "gross_margin_4q_avg": 39.02,
            "net_income": 121566,
            "net_income_4q": null,
            "revenue": 565479,
            "revenue_4q": null,
            "common_shares": 597941,
            "book_valuer_per_share": 27.76,
            "book_valuer_per_share_4q_avg": 25.86,
            "equity": 1730361,
            "current_ratio": 287.08,
            "debt_ratio": 30.27,
            "inventory_turnover_ratio": 2.83,
            "account_receivable_turnover_ratio": 1.02,
            "reinvestment_rate": 49.8,
            "research_to_sale_ratio": 0.85,
            "price_fair": 178.5,
            "eps_avg_yearly": 5.1,
            "eps_latest_yearly": 8.04,
            "eps_growth_yearly": 415.57
        },
        "20152": {
            "year_quarter": 20152,
            "year": 2015,
            "quarter": 2,
            "eps": 2.59,
            "eps_growth_year": 44.69,
            "eps_4q": 9.99,
            "eps_4q_growth_year": 316.72,
            "roe": 9.57,
            "roe_4q": 45.29,
            "gross_profit": 299372,
            "gross_margin": 37.58,
            "gross_margin_4q_avg": 38.34,
            "net_income": 161541,
            "net_income_4q": null,
            "revenue": 796661,
            "revenue_4q": null,
            "common_shares": 623418,
            "book_valuer_per_share": 26.42,
            "book_valuer_per_share_4q_avg": 26.96,
            "equity": 1647264,
            "current_ratio": 201.69,
            "debt_ratio": 41.63,
            "inventory_turnover_ratio": 3.6,
            "account_receivable_turnover_ratio": 1.17,
            "reinvestment_rate": 46.33,
            "research_to_sale_ratio": 0.66,
            "price_fair": 211.54,
            "eps_avg_yearly": 6.04,
            "eps_latest_yearly": 10.36,
            "eps_growth_yearly": 447.54
        },
        "20153": {
            "year_quarter": 20153,
            "year": 2015,
            "quarter": 3,
            "eps": 1.31,
            "eps_growth_year": -70.29,
            "eps_4q": 8.3,
            "eps_4q_growth_year": 21.87,
            "roe": 4.91,
            "roe_4q": 32.04,
            "gross_profit": 128173,
            "gross_margin": 25.99,
            "gross_margin_4q_avg": 34.47,
            "net_income": 81361,
            "net_income_4q": null,
            "revenue": 493224,
            "revenue_4q": null,
            "common_shares": 623418,
            "book_valuer_per_share": 27.31,
            "book_valuer_per_share_4q_avg": 27.16,
            "equity": 1663632,
            "current_ratio": 227.97,
            "debt_ratio": 37.15,
            "inventory_turnover_ratio": 1.96,
            "account_receivable_turnover_ratio": 0.83,
            "reinvestment_rate": 28.8,
            "research_to_sale_ratio": 1.04,
            "price_fair": 224.14,
            "eps_avg_yearly": 6.4,
            "eps_latest_yearly": 5.24,
            "eps_growth_yearly": 396.47
        },
        "20154": {
            "year_quarter": 20154,
            "year": 2015,
            "quarter": 4,
            "eps": 0.51,
            "eps_growth_year": -78.58,
            "eps_4q": 6.49,
            "eps_4q_growth_year": -8.95,
            "roe": 1.84,
            "roe_4q": 23.68,
            "gross_profit": 63632,
            "gross_margin": 12.68,
            "gross_margin_4q_avg": 28.86,
            "net_income": 30776,
            "net_income_4q": null,
            "revenue": 501859,
            "revenue_4q": null,
            "common_shares": 623418,
            "book_valuer_per_share": 27.47,
            "book_valuer_per_share_4q_avg": 27.24,
            "equity": 1673707,
            "current_ratio": 262.21,
            "debt_ratio": 28.3,
            "inventory_turnover_ratio": 2.44,
            "account_receivable_turnover_ratio": 1.74,
            "reinvestment_rate": 44.65,
            "research_to_sale_ratio": 1.13,
            "price_fair": 218.68,
            "eps_avg_yearly": 6.25,
            "eps_latest_yearly": 2.04,
            "eps_growth_yearly": 324.23
        },
        "20161": {
            "year_quarter": 20161,
            "year": 2016,
            "quarter": 1,
            "eps": 1.56,
            "eps_growth_year": -22.39,
            "eps_4q": 6.06,
            "eps_4q_growth_year": -30.12,
            "roe": 5.53,
            "roe_4q": 21.85,
            "gross_profit": 29349,
            "gross_margin": 10.08,
            "gross_margin_4q_avg": 21.58,
            "net_income": 95259,
            "net_income_4q": null,
            "revenue": 291093,
            "revenue_4q": null,
            "common_shares": 623418,
            "book_valuer_per_share": 29.05,
            "book_valuer_per_share_4q_avg": 27.56,
            "equity": 1769717,
            "current_ratio": 494.05,
            "debt_ratio": 16.04,
            "inventory_turnover_ratio": 1.86,
            "account_receivable_turnover_ratio": 1.73,
            "reinvestment_rate": 41.66,
            "research_to_sale_ratio": 1.65,
            "price_fair": 236.88,
            "eps_avg_yearly": 6.77,
            "eps_latest_yearly": 6.24,
            "eps_growth_yearly": 435.03
        },
        "20162": {
            "year_quarter": 20162,
            "year": 2016,
            "quarter": 2,
            "eps": -0.32,
            "eps_growth_year": -112.36,
            "eps_4q": 3.06,
            "eps_4q_growth_year": -69.36,
            "roe": -1.2,
            "roe_4q": 11.08,
            "gross_profit": 54027,
            "gross_margin": 27.04,
            "gross_margin_4q_avg": 18.95,
            "net_income": -19557,
            "net_income_4q": null,
            "revenue": 199802,
            "revenue_4q": null,
            "common_shares": 623418,
            "book_valuer_per_share": 25.88,
            "book_valuer_per_share_4q_avg": 27.43,
            "equity": 1477772,
            "current_ratio": 352.33,
            "debt_ratio": 18.47,
            "inventory_turnover_ratio": 1.12,
            "account_receivable_turnover_ratio": 1.1,
            "reinvestment_rate": 45.65,
            "research_to_sale_ratio": 2.45,
            "price_fair": 236.88,
            "eps_avg_yearly": 6.77,
            "eps_latest_yearly": 6.24,
            "eps_growth_yearly": 435.03
        },
        "20163": {
            "year_quarter": 20163,
            "year": 2016,
            "quarter": 3,
            "eps": -0.39,
            "eps_growth_year": -129.77,
            "eps_4q": 1.38,
            "eps_4q_growth_year": -83.37,
            "roe": -1.6,
            "roe_4q": 4.57,
            "gross_profit": 44637,
            "gross_margin": 42.07,
            "gross_margin_4q_avg": 22.97,
            "net_income": -23472,
            "net_income_4q": null,
            "revenue": 106094,
            "revenue_4q": null,
            "common_shares": 623418,
            "book_valuer_per_share": 25.4,
            "book_valuer_per_share_4q_avg": 26.95,
            "equity": 1449155,
            "current_ratio": 372.97,
            "debt_ratio": 17.19,
            "inventory_turnover_ratio": 0.53,
            "account_receivable_turnover_ratio": 0.51,
            "reinvestment_rate": 46.93,
            "research_to_sale_ratio": 4.65,
            "price_fair": 236.88,
            "eps_avg_yearly": 6.77,
            "eps_latest_yearly": 6.24,
            "eps_growth_yearly": 435.03
        },
        "20164": {
            "year_quarter": 20164,
            "year": 2016,
            "quarter": 4,
            "eps": -0.46,
            "eps_growth_year": -190.9,
            "eps_4q": 0.42,
            "eps_4q_growth_year": -93.48,
            "roe": -2.08,
            "roe_4q": 0.6500000000000004,
            "gross_profit": 40396,
            "gross_margin": 38.02,
            "gross_margin_4q_avg": 29.3,
            "net_income": -29794,
            "net_income_4q": null,
            "revenue": 106243,
            "revenue_4q": null,
            "common_shares": 672156,
            "book_valuer_per_share": 22.86,
            "book_valuer_per_share_4q_avg": 25.8,
            "equity": 1415324,
            "current_ratio": 243.64,
            "debt_ratio": 21.66,
            "inventory_turnover_ratio": 0.61,
            "account_receivable_turnover_ratio": 0.46,
            "reinvestment_rate": 52.82,
            "research_to_sale_ratio": 4.84,
            "price_fair": 236.88,
            "eps_avg_yearly": 6.77,
            "eps_latest_yearly": 6.24,
            "eps_growth_yearly": 435.03
        },
        "20171": {
            "year_quarter": 20171,
            "year": 2017,
            "quarter": 1,
            "eps": -0.65,
            "eps_growth_year": -141.67,
            "eps_4q": -1.77,
            "eps_4q_growth_year": -129.2,
            "roe": -2.92,
            "roe_4q": -7.8,
            "gross_profit": 28050,
            "gross_margin": 32.63,
            "gross_margin_4q_avg": 34.94,
            "net_income": -40969,
            "net_income_4q": null,
            "revenue": 85963,
            "revenue_4q": null,
            "common_shares": 672156,
            "book_valuer_per_share": 22.46,
            "book_valuer_per_share_4q_avg": 24.15,
            "equity": 1389719,
            "current_ratio": 222.11,
            "debt_ratio": 21.47,
            "inventory_turnover_ratio": 0.49,
            "account_receivable_turnover_ratio": 0.38,
            "reinvestment_rate": 79.91,
            "research_to_sale_ratio": 4.52,
            "price_fair": 236.88,
            "eps_avg_yearly": 6.77,
            "eps_latest_yearly": 6.24,
            "eps_growth_yearly": 435.03
        },
        "20172": {
            "year_quarter": 20172,
            "year": 2017,
            "quarter": 2,
            "eps": 0.19,
            "eps_growth_year": null,
            "eps_4q": -1.25,
            "eps_4q_growth_year": -140.72,
            "roe": 0.76,
            "roe_4q": -5.84,
            "gross_profit": 40312,
            "gross_margin": 38.83,
            "gross_margin_4q_avg": 37.89,
            "net_income": 10586,
            "net_income_4q": null,
            "revenue": 103828,
            "revenue_4q": null,
            "common_shares": 672156,
            "book_valuer_per_share": 22.32,
            "book_valuer_per_share_4q_avg": 23.26,
            "equity": 1379589,
            "current_ratio": 186.33,
            "debt_ratio": 23.93,
            "inventory_turnover_ratio": 0.46,
            "account_receivable_turnover_ratio": 0.49,
            "reinvestment_rate": 85.85,
            "research_to_sale_ratio": 3.97,
            "price_fair": 259.78,
            "eps_avg_yearly": 7.42,
            "eps_latest_yearly": 6.24,
            "eps_growth_yearly": 516.17
        },
        "20173": {
            "year_quarter": 20173,
            "year": 2017,
            "quarter": 3,
            "eps": 0.22,
            "eps_growth_year": null,
            "eps_4q": -0.68,
            "eps_4q_growth_year": -148.93,
            "roe": 0.85,
            "roe_4q": -3.39,
            "gross_profit": 39739,
            "gross_margin": 36.62,
            "gross_margin_4q_avg": 36.53,
            "net_income": 11712,
            "net_income_4q": null,
            "revenue": 108532,
            "revenue_4q": null,
            "common_shares": 672156,
            "book_valuer_per_share": 22.53,
            "book_valuer_per_share_4q_avg": 22.54,
            "equity": 1390581,
            "current_ratio": 170.02,
            "debt_ratio": 25.16,
            "inventory_turnover_ratio": 0.42,
            "account_receivable_turnover_ratio": 0.53,
            "reinvestment_rate": 76.5,
            "research_to_sale_ratio": 4.47,
            "price_fair": 236.88,
            "eps_avg_yearly": 6.77,
            "eps_latest_yearly": 0.88,
            "eps_growth_yearly": 470.87
        },
        "20174": {
            "year_quarter": 20174,
            "year": 2017,
            "quarter": 4,
            "eps": -0.28,
            "eps_growth_year": null,
            "eps_4q": -0.5,
            "eps_4q_growth_year": -219.25,
            "roe": -1.45,
            "roe_4q": -2.76,
            "gross_profit": 38522,
            "gross_margin": 32.36,
            "gross_margin_4q_avg": 35.11,
            "net_income": -19985,
            "net_income_4q": null,
            "revenue": 119030,
            "revenue_4q": null,
            "common_shares": 687605,
            "book_valuer_per_share": 21.6,
            "book_valuer_per_share_4q_avg": 22.23,
            "equity": 1366066,
            "current_ratio": 224.73,
            "debt_ratio": 24.35,
            "inventory_turnover_ratio": 0.52,
            "account_receivable_turnover_ratio": 0.66,
            "reinvestment_rate": 56.75,
            "research_to_sale_ratio": 5.41,
            "price_fair": 236.88,
            "eps_avg_yearly": 6.77,
            "eps_latest_yearly": 0.88,
            "eps_growth_yearly": 470.87
        },
        "20181": {
            "year_quarter": 20181,
            "year": 2018,
            "quarter": 1,
            "eps": -0.11,
            "eps_growth_year": null,
            "eps_4q": 0.02,
            "eps_4q_growth_year": null,
            "roe": -0.67,
            "roe_4q": -0.51,
            "gross_profit": 30287,
            "gross_margin": 28.89,
            "gross_margin_4q_avg": 34.18,
            "net_income": -9132,
            "net_income_4q": null,
            "revenue": 104828,
            "revenue_4q": null,
            "common_shares": 687605,
            "book_valuer_per_share": 21.55,
            "book_valuer_per_share_4q_avg": 22,
            "equity": 1360943,
            "current_ratio": 264.41,
            "debt_ratio": 25.78,
            "inventory_turnover_ratio": 0.6,
            "account_receivable_turnover_ratio": 0.65,
            "reinvestment_rate": 47.46,
            "research_to_sale_ratio": 3.5,
            "price_fair": 260.71,
            "eps_avg_yearly": 7.45,
            "eps_latest_yearly": 0.88,
            "eps_growth_yearly": 552.82
        },
        "20182": {
            "year_quarter": 20182,
            "year": 2018,
            "quarter": 2,
            "eps": 0.21,
            "eps_growth_year": 10.53,
            "eps_4q": 0.04,
            "eps_4q_growth_year": null,
            "roe": 0.95,
            "roe_4q": -0.31999999999999995,
            "gross_profit": 47353,
            "gross_margin": 36.46,
            "gross_margin_4q_avg": 33.58,
            "net_income": 12882,
            "net_income_4q": null,
            "revenue": 129890,
            "revenue_4q": null,
            "common_shares": 687605,
            "book_valuer_per_share": 21.22,
            "book_valuer_per_share_4q_avg": 21.73,
            "equity": 1344399,
            "current_ratio": 286.06,
            "debt_ratio": 23.47,
            "inventory_turnover_ratio": 0.66,
            "account_receivable_turnover_ratio": 0.8,
            "reinvestment_rate": 45.6,
            "research_to_sale_ratio": 1.38,
            "price_fair": 261.98,
            "eps_avg_yearly": 7.49,
            "eps_latest_yearly": 0.88,
            "eps_growth_yearly": 112.55
        },
        "20183": {
            "year_quarter": 20183,
            "year": 2018,
            "quarter": 3,
            "eps": -0.36,
            "eps_growth_year": -263.64,
            "eps_4q": -0.53,
            "eps_4q_growth_year": null,
            "roe": -1.69,
            "roe_4q": -2.8600000000000003,
            "gross_profit": 46513,
            "gross_margin": 36.05,
            "gross_margin_4q_avg": 33.44,
            "net_income": -22492,
            "net_income_4q": null,
            "revenue": 129022,
            "revenue_4q": null,
            "common_shares": 673405,
            "book_valuer_per_share": 20.71,
            "book_valuer_per_share_4q_avg": 21.27,
            "equity": 1311661,
            "current_ratio": 353.61,
            "debt_ratio": 21.42,
            "inventory_turnover_ratio": 0.65,
            "account_receivable_turnover_ratio": 0.81,
            "reinvestment_rate": 59.72,
            "research_to_sale_ratio": 0.18,
            "price_fair": 211.2,
            "eps_avg_yearly": 6.03,
            "eps_latest_yearly": 0.88,
            "eps_growth_yearly": 44.98
        },
        "20184": {
            "year_quarter": 20184,
            "year": 2018,
            "quarter": 4,
            "eps": -0.45,
            "eps_growth_year": null,
            "eps_4q": -0.72,
            "eps_4q_growth_year": null,
            "roe": -2.17,
            "roe_4q": -3.58,
            "gross_profit": 17990,
            "gross_margin": 16.45,
            "gross_margin_4q_avg": 29.46,
            "net_income": -28036,
            "net_income_4q": null,
            "revenue": 109347,
            "revenue_4q": null,
            "common_shares": 673405,
            "book_valuer_per_share": 20.49,
            "book_valuer_per_share_4q_avg": 20.99,
            "equity": 1270238,
            "current_ratio": 386.76,
            "debt_ratio": 18.18,
            "inventory_turnover_ratio": 0.78,
            "account_receivable_turnover_ratio": 0.76,
            "reinvestment_rate": 75.03,
            "research_to_sale_ratio": 0.2,
            "price_fair": 191.33,
            "eps_avg_yearly": 5.47,
            "eps_latest_yearly": 0.88,
            "eps_growth_yearly": 83.47
        },
        "20191": {
            "year_quarter": 20191,
            "year": 2019,
            "quarter": 1,
            "eps": 0.24,
            "eps_growth_year": null,
            "eps_4q": -0.35,
            "eps_4q_growth_year": -2312.64,
            "roe": 1.19,
            "roe_4q": -1.72,
            "gross_profit": 24269,
            "gross_margin": 25.14,
            "gross_margin_4q_avg": 28.53,
            "net_income": 15274,
            "net_income_4q": null,
            "revenue": 96548,
            "revenue_4q": null,
            "common_shares": 673405,
            "book_valuer_per_share": 20.84,
            "book_valuer_per_share_4q_avg": 20.82,
            "equity": 1291642,
            "current_ratio": 508.37,
            "debt_ratio": 18.02,
            "inventory_turnover_ratio": 0.7,
            "account_receivable_turnover_ratio": 0.81,
            "reinvestment_rate": 100.91,
            "research_to_sale_ratio": 0.24,
            "price_fair": 173.32,
            "eps_avg_yearly": 4.95,
            "eps_latest_yearly": 0.88,
            "eps_growth_yearly": 112.03
        },
        "20192": {
            "year_quarter": 20192,
            "year": 2019,
            "quarter": 2,
            "eps": -0.16,
            "eps_growth_year": -176.19,
            "eps_4q": -0.72,
            "eps_4q_growth_year": -2032.06,
            "roe": -0.8,
            "roe_4q": -3.4699999999999998,
            "gross_profit": 22111,
            "gross_margin": 27.15,
            "gross_margin_4q_avg": 26.2,
            "net_income": -10246,
            "net_income_4q": null,
            "revenue": 81429,
            "revenue_4q": null,
            "common_shares": 633405,
            "book_valuer_per_share": 20.18,
            "book_valuer_per_share_4q_avg": 20.56,
            "equity": 1278287,
            "current_ratio": 357.23,
            "debt_ratio": 20.05,
            "inventory_turnover_ratio": 0.58,
            "account_receivable_turnover_ratio": 0.73,
            "reinvestment_rate": 281.57,
            "research_to_sale_ratio": 0.31,
            "price_fair": 126,
            "eps_avg_yearly": 3.6,
            "eps_latest_yearly": 0.88,
            "eps_growth_yearly": 111.18
        },
        "20193": {
            "year_quarter": 20193,
            "year": 2019,
            "quarter": 3,
            "eps": -0.34,
            "eps_growth_year": null,
            "eps_4q": -0.76,
            "eps_4q_growth_year": null,
            "roe": -1.63,
            "roe_4q": -3.4099999999999997,
            "gross_profit": 11932,
            "gross_margin": 15.88,
            "gross_margin_4q_avg": 21.16,
            "net_income": -20146,
            "net_income_4q": null,
            "revenue": 75126,
            "revenue_4q": null,
            "common_shares": 570065,
            "book_valuer_per_share": 20.85,
            "book_valuer_per_share_4q_avg": 20.59,
            "equity": 1188430,
            "current_ratio": 233.39,
            "debt_ratio": 24.22,
            "inventory_turnover_ratio": 0.62,
            "account_receivable_turnover_ratio": 0.73,
            "reinvestment_rate": null,
            "research_to_sale_ratio": 0.34,
            "price_fair": 106.87,
            "eps_avg_yearly": 3.05,
            "eps_latest_yearly": 0.88,
            "eps_growth_yearly": 214.14
        },
        "20194": {
            "year_quarter": 20194,
            "year": 2019,
            "quarter": 4,
            "eps": -0.18,
            "eps_growth_year": null,
            "eps_4q": -0.45,
            "eps_4q_growth_year": null,
            "roe": -0.88,
            "roe_4q": -2.1199999999999997,
            "gross_profit": 15068,
            "gross_margin": 19.57,
            "gross_margin_4q_avg": 21.94,
            "net_income": -10361,
            "net_income_4q": null,
            "revenue": 76997,
            "revenue_4q": null,
            "common_shares": 570065,
            "book_valuer_per_share": 20.6,
            "book_valuer_per_share_4q_avg": 20.62,
            "equity": 1174219,
            "current_ratio": 251.99,
            "debt_ratio": 23.29,
            "inventory_turnover_ratio": 0.61,
            "account_receivable_turnover_ratio": 0.8,
            "reinvestment_rate": null,
            "research_to_sale_ratio": 0.3,
            "price_fair": 124.6,
            "eps_avg_yearly": 3.56,
            "eps_latest_yearly": 0.88,
            "eps_growth_yearly": 443.34
        },
        "20201": {
            "year_quarter": 20201,
            "year": 2020,
            "quarter": 1,
            "eps": -0.16,
            "eps_growth_year": -166.67,
            "eps_4q": -0.88,
            "eps_4q_growth_year": null,
            "roe": -0.79,
            "roe_4q": -4.1,
            "gross_profit": 10987,
            "gross_margin": 13.03,
            "gross_margin_4q_avg": 18.91,
            "net_income": -9188,
            "net_income_4q": null,
            "revenue": 84329,
            "revenue_4q": null,
            "common_shares": 570065,
            "book_valuer_per_share": 20.41,
            "book_valuer_per_share_4q_avg": 20.51,
            "equity": 1163268,
            "current_ratio": 249.99,
            "debt_ratio": 23.38,
            "inventory_turnover_ratio": 0.74,
            "account_receivable_turnover_ratio": 0.76,
            "reinvestment_rate": null,
            "research_to_sale_ratio": 0.23,
            "price_fair": 30.8,
            "eps_avg_yearly": 0.88,
            "eps_latest_yearly": 0.88,
            "eps_growth_yearly": 63.16
        },
        "20202": {
            "year_quarter": 20202,
            "year": 2020,
            "quarter": 2,
            "eps": 0.37,
            "eps_growth_year": null,
            "eps_4q": -0.33,
            "eps_4q_growth_year": null,
            "roe": 1.8,
            "roe_4q": -1.5,
            "gross_profit": 24034,
            "gross_margin": 24.82,
            "gross_margin_4q_avg": 18.33,
            "net_income": 20904,
            "net_income_4q": null,
            "revenue": 96837,
            "revenue_4q": null,
            "common_shares": 570065,
            "book_valuer_per_share": 20.23,
            "book_valuer_per_share_4q_avg": 20.52,
            "equity": 1153198,
            "current_ratio": 206,
            "debt_ratio": 25.96,
            "inventory_turnover_ratio": 0.7,
            "account_receivable_turnover_ratio": 0.89,
            "reinvestment_rate": null,
            "research_to_sale_ratio": 0.22,
            "price_fair": 30.8,
            "eps_avg_yearly": 0.88,
            "eps_latest_yearly": 0.88,
            "eps_growth_yearly": 63.16
        },
        "20203": {
            "year_quarter": 20203,
            "year": 2020,
            "quarter": 3,
            "eps": 0.3,
            "eps_growth_year": null,
            "eps_4q": 0.32,
            "eps_4q_growth_year": null,
            "roe": 1.47,
            "roe_4q": 1.6,
            "gross_profit": 34213,
            "gross_margin": 29.55,
            "gross_margin_4q_avg": 21.74,
            "net_income": 17139,
            "net_income_4q": null,
            "revenue": 115788,
            "revenue_4q": null,
            "common_shares": 570065,
            "book_valuer_per_share": 20.58,
            "book_valuer_per_share_4q_avg": 20.46,
            "equity": 1173251,
            "current_ratio": 210.94,
            "debt_ratio": 26.21,
            "inventory_turnover_ratio": 0.64,
            "account_receivable_turnover_ratio": 1.15,
            "reinvestment_rate": null,
            "research_to_sale_ratio": 0.17,
            "price_fair": 3.12,
            "eps_avg_yearly": 1.04,
            "eps_latest_yearly": 1.2,
            "eps_growth_yearly": -6.26
        },
        "20204": {
            "year_quarter": 20204,
            "year": 2020,
            "quarter": 4,
            "eps": 0.49,
            "eps_growth_year": null,
            "eps_4q": 1,
            "eps_4q_growth_year": null,
            "roe": 2.36,
            "roe_4q": 4.84,
            "gross_profit": 52796,
            "gross_margin": 34.41,
            "gross_margin_4q_avg": 25.45,
            "net_income": 28010,
            "net_income_4q": null,
            "revenue": 153413,
            "revenue_4q": null,
            "common_shares": 570065,
            "book_valuer_per_share": 21.12,
            "book_valuer_per_share_4q_avg": 20.59,
            "equity": 1203890,
            "current_ratio": 229.19,
            "debt_ratio": 24.96,
            "inventory_turnover_ratio": 0.8,
            "account_receivable_turnover_ratio": 1.09,
            "reinvestment_rate": null,
            "research_to_sale_ratio": 0.15,
            "price_fair": 47.13,
            "eps_avg_yearly": 1.35,
            "eps_latest_yearly": 1.96,
            "eps_growth_yearly": 80.27
        },
        "20211": {
            "year_quarter": 20211,
            "year": 2021,
            "quarter": 1,
            "eps": 0.2,
            "eps_growth_year": null,
            "eps_4q": 1.36,
            "eps_4q_growth_year": null,
            "roe": 0.94,
            "roe_4q": 6.569999999999999,
            "gross_profit": 28799,
            "gross_margin": 31.82,
            "gross_margin_4q_avg": 30.15,
            "net_income": 11321,
            "net_income_4q": null,
            "revenue": 90509,
            "revenue_4q": null,
            "common_shares": 570065,
            "book_valuer_per_share": 21.29,
            "book_valuer_per_share_4q_avg": 20.81,
            "equity": 1213917,
            "current_ratio": 225.25,
            "debt_ratio": 25.31,
            "inventory_turnover_ratio": 0.47,
            "account_receivable_turnover_ratio": 0.55,
            "reinvestment_rate": -1818.51,
            "research_to_sale_ratio": 0.26,
            "price_fair": 13.33,
            "eps_avg_yearly": 1.21,
            "eps_latest_yearly": 0.8,
            "eps_growth_yearly": 1.02
        },
        "20212": {
            "year_quarter": 20212,
            "year": 2021,
            "quarter": 2,
            "eps": 0.49,
            "eps_growth_year": 32.43,
            "eps_4q": 1.48,
            "eps_4q_growth_year": null,
            "roe": 2.31,
            "roe_4q": 7.079999999999999,
            "gross_profit": 47194,
            "gross_margin": 35.88,
            "gross_margin_4q_avg": 32.92,
            "net_income": 27880,
            "net_income_4q": null,
            "revenue": 131546,
            "revenue_4q": null,
            "common_shares": 570065,
            "book_valuer_per_share": 21.06,
            "book_valuer_per_share_4q_avg": 21.01,
            "equity": 1200529,
            "current_ratio": 250.12,
            "debt_ratio": 27.94,
            "inventory_turnover_ratio": 0.51,
            "account_receivable_turnover_ratio": 0.99,
            "reinvestment_rate": -748.15,
            "research_to_sale_ratio": 0.16,
            "price_fair": 47.6,
            "eps_avg_yearly": 1.36,
            "eps_latest_yearly": 1.96,
            "eps_growth_yearly": 116.82
        },
        "20213": {
            "year_quarter": 20213,
            "year": 2021,
            "quarter": 3,
            "eps": 0.8,
            "eps_growth_year": 166.67,
            "eps_4q": 1.98,
            "eps_4q_growth_year": 510.1,
            "roe": 3.73,
            "roe_4q": 9.34,
            "gross_profit": 75528,
            "gross_margin": 47.16,
            "gross_margin_4q_avg": 37.32,
            "net_income": 45620,
            "net_income_4q": null,
            "revenue": 160156,
            "revenue_4q": null,
            "common_shares": 570065,
            "book_valuer_per_share": 21.85,
            "book_valuer_per_share_4q_avg": 21.33,
            "equity": 1245818,
            "current_ratio": 303.53,
            "debt_ratio": 24.89,
            "inventory_turnover_ratio": 0.47,
            "account_receivable_turnover_ratio": 1.39,
            "reinvestment_rate": -238.34,
            "research_to_sale_ratio": 0.15,
            "price_fair": 63.84,
            "eps_avg_yearly": 1.82,
            "eps_latest_yearly": 3.2,
            "eps_growth_yearly": 154.8
        },
        "20214": {
            "year_quarter": 20214,
            "year": 2021,
            "quarter": 4,
            "eps": 0.7,
            "eps_growth_year": 42.11,
            "eps_4q": 2.19,
            "eps_4q_growth_year": 119.16,
            "roe": 3.14,
            "roe_4q": 10.12,
            "gross_profit": 48599,
            "gross_margin": 33.97,
            "gross_margin_4q_avg": 37.21,
            "net_income": 39805,
            "net_income_4q": null,
            "revenue": 143073,
            "revenue_4q": null,
            "common_shares": 570065,
            "book_valuer_per_share": 22.6,
            "book_valuer_per_share_4q_avg": 21.7,
            "equity": 1288399,
            "current_ratio": 350.18,
            "debt_ratio": 22.78,
            "inventory_turnover_ratio": 0.55,
            "account_receivable_turnover_ratio": 1.09,
            "reinvestment_rate": -128.44,
            "research_to_sale_ratio": 0.17,
            "price_fair": 69.53,
            "eps_avg_yearly": 1.99,
            "eps_latest_yearly": 2.8,
            "eps_growth_yearly": 120.66
        },
        "20221": {
            "year_quarter": 20221,
            "year": 2022,
            "quarter": 1,
            "eps": 0.76,
            "eps_growth_year": 280,
            "eps_4q": 2.74,
            "eps_4q_growth_year": 102.12,
            "roe": 3.37,
            "roe_4q": 12.55,
            "gross_profit": 66497,
            "gross_margin": 43.62,
            "gross_margin_4q_avg": 40.16,
            "net_income": 43084,
            "net_income_4q": null,
            "revenue": 152437,
            "revenue_4q": null,
            "common_shares": 570065,
            "book_valuer_per_share": 22.3,
            "book_valuer_per_share_4q_avg": 21.95,
            "equity": 1271435,
            "current_ratio": 245.26,
            "debt_ratio": 26.6,
            "inventory_turnover_ratio": 0.52,
            "account_receivable_turnover_ratio": 1.01,
            "reinvestment_rate": -78.66,
            "research_to_sale_ratio": 0.15,
            "price_fair": 74.8,
            "eps_avg_yearly": 2.14,
            "eps_latest_yearly": 3.04,
            "eps_growth_yearly": 108.32
        },
        "20222": {
            "year_quarter": 20222,
            "year": 2022,
            "quarter": 2,
            "eps": 0.23,
            "eps_growth_year": -53.06,
            "eps_4q": 2.48,
            "eps_4q_growth_year": 67.86,
            "roe": 1.03,
            "roe_4q": 11.270000000000001,
            "gross_profit": 43915,
            "gross_margin": 35.34,
            "gross_margin_4q_avg": 40.02,
            "net_income": 13084,
            "net_income_4q": null,
            "revenue": 124282,
            "revenue_4q": null,
            "common_shares": 570065,
            "book_valuer_per_share": 22.47,
            "book_valuer_per_share_4q_avg": 22.31,
            "equity": 1281000,
            "current_ratio": 241.56,
            "debt_ratio": 26.29,
            "inventory_turnover_ratio": 0.5,
            "account_receivable_turnover_ratio": 0.87,
            "reinvestment_rate": -58.59,
            "research_to_sale_ratio": 0.18,
            "price_fair": 69.48,
            "eps_avg_yearly": 1.99,
            "eps_latest_yearly": 0.92,
            "eps_growth_yearly": 59.92
        },
        "20223": {
            "year_quarter": 20223,
            "year": 2022,
            "quarter": 3,
            "eps": 0.46,
            "eps_growth_year": -42.5,
            "eps_4q": 2.16,
            "eps_4q_growth_year": 9.11,
            "roe": 2.03,
            "roe_4q": 9.57,
            "gross_profit": 38195,
            "gross_margin": 31.08,
            "gross_margin_4q_avg": 36,
            "net_income": 26138,
            "net_income_4q": null,
            "revenue": 122878,
            "revenue_4q": null,
            "common_shares": 570065,
            "book_valuer_per_share": 22.95,
            "book_valuer_per_share_4q_avg": 22.58,
            "equity": 1297741,
            "current_ratio": 263.29,
            "debt_ratio": 24.8,
            "inventory_turnover_ratio": 0.56,
            "account_receivable_turnover_ratio": 0.87,
            "reinvestment_rate": -33.26,
            "research_to_sale_ratio": 0.19,
            "price_fair": 68.91,
            "eps_avg_yearly": 1.97,
            "eps_latest_yearly": 1.84,
            "eps_growth_yearly": 97.7
        },
        "20224": {
            "year_quarter": 20224,
            "year": 2022,
            "quarter": 4,
            "eps": 0.67,
            "eps_growth_year": -3.7,
            "eps_4q": 2.17,
            "eps_4q_growth_year": -0.8,
            "roe": 2.85,
            "roe_4q": 9.280000000000001,
            "gross_profit": 41263,
            "gross_margin": 31.28,
            "gross_margin_4q_avg": 35.33,
            "net_income": 36988,
            "net_income_4q": null,
            "revenue": 131901,
            "revenue_4q": null,
            "common_shares": 550065,
            "book_valuer_per_share": 23.59,
            "book_valuer_per_share_4q_avg": 22.83,
            "equity": 1297412,
            "current_ratio": 309.92,
            "debt_ratio": 20.66,
            "inventory_turnover_ratio": 0.69,
            "account_receivable_turnover_ratio": 0.88,
            "reinvestment_rate": -22.44,
            "research_to_sale_ratio": 0.17,
            "price_fair": 71.4,
            "eps_avg_yearly": 2.04,
            "eps_latest_yearly": 2.68,
            "eps_growth_yearly": 106.19
        },
        "20231": {
            "year_quarter": 20231,
            "year": 2023,
            "quarter": 1,
            "eps": 0.15,
            "eps_growth_year": -80.26,
            "eps_4q": 1.53,
            "eps_4q_growth_year": -44.2,
            "roe": 0.63,
            "roe_4q": 6.54,
            "gross_profit": 24840,
            "gross_margin": 28.76,
            "gross_margin_4q_avg": 31.62,
            "net_income": 7997,
            "net_income_4q": null,
            "revenue": 86379,
            "revenue_4q": null,
            "common_shares": 550065,
            "book_valuer_per_share": 22.46,
            "book_valuer_per_share_4q_avg": 22.87,
            "equity": 1235245,
            "current_ratio": 220.61,
            "debt_ratio": 24.67,
            "inventory_turnover_ratio": 0.53,
            "account_receivable_turnover_ratio": 0.63,
            "reinvestment_rate": -23.38,
            "research_to_sale_ratio": 0.44,
            "price_fair": 66.82,
            "eps_avg_yearly": 1.91,
            "eps_latest_yearly": 0.6,
            "eps_growth_yearly": 68.32
        },
        "20232": {
            "year_quarter": 20232,
            "year": 2023,
            "quarter": 2,
            "eps": 0.07,
            "eps_growth_year": -69.57,
            "eps_4q": 1.37,
            "eps_4q_growth_year": -44.99,
            "roe": 0.33,
            "roe_4q": 5.84,
            "gross_profit": 10519,
            "gross_margin": 12.77,
            "gross_margin_4q_avg": 25.97,
            "net_income": 4040,
            "net_income_4q": null,
            "revenue": 82344,
            "revenue_4q": null,
            "common_shares": 550065,
            "book_valuer_per_share": 22.37,
            "book_valuer_per_share_4q_avg": 22.84,
            "equity": 1230767,
            "current_ratio": 255.31,
            "debt_ratio": 22.85,
            "inventory_turnover_ratio": 0.68,
            "account_receivable_turnover_ratio": 0.71,
            "reinvestment_rate": -36.06,
            "research_to_sale_ratio": 2.28,
            "price_fair": 62.07,
            "eps_avg_yearly": 1.77,
            "eps_latest_yearly": 0.28,
            "eps_growth_yearly": 44.85
        },
        "20233": {
            "year_quarter": 20233,
            "year": 2023,
            "quarter": 3,
            "eps": 0.29,
            "eps_growth_year": -36.96,
            "eps_4q": 1.18,
            "eps_4q_growth_year": -45.39,
            "roe": 1.28,
            "roe_4q": 5.09,
            "gross_profit": 40082,
            "gross_margin": 41.48,
            "gross_margin_4q_avg": 28.57,
            "net_income": 15854,
            "net_income_4q": null,
            "revenue": 96633,
            "revenue_4q": null,
            "common_shares": 550065,
            "book_valuer_per_share": 22.8,
            "book_valuer_per_share_4q_avg": 22.81,
            "equity": 1254364,
            "current_ratio": 378.69,
            "debt_ratio": 19.35,
            "inventory_turnover_ratio": 0.63,
            "account_receivable_turnover_ratio": 0.83,
            "reinvestment_rate": -25.47,
            "research_to_sale_ratio": 1.39,
            "price_fair": 60.42,
            "eps_avg_yearly": 1.73,
            "eps_latest_yearly": 1.16,
            "eps_growth_yearly": 138.1
        }
    },
    "months": {
        "2006-05": {
            "month": "2006-05",
            "price": "27.23",
            "revenue": 41305
        },
        "2006-06": {
            "month": "2006-06",
            "price": "25.47",
            "revenue": 33133
        },
        "2006-07": {
            "month": "2006-07",
            "price": "28.84",
            "revenue": 42206
        },
        "2006-08": {
            "month": "2006-08",
            "price": "32.42",
            "revenue": 43876
        },
        "2006-09": {
            "month": "2006-09",
            "price": "32.92",
            "revenue": 35095
        },
        "2006-10": {
            "month": "2006-10",
            "price": "36.94",
            "revenue": 35642
        },
        "2006-11": {
            "month": "2006-11",
            "price": "33.75",
            "revenue": 39284
        },
        "2006-12": {
            "month": "2006-12",
            "price": "35.44",
            "revenue": 43189
        },
        "2007-01": {
            "month": "2007-01",
            "price": "39.60",
            "revenue": 40195
        },
        "2007-02": {
            "month": "2007-02",
            "price": "40.77",
            "revenue": 17057
        },
        "2007-03": {
            "month": "2007-03",
            "price": "42.66",
            "revenue": 45277
        },
        "2007-04": {
            "month": "2007-04",
            "price": "52.26",
            "revenue": 41039
        },
        "2007-05": {
            "month": "2007-05",
            "price": "53.86",
            "revenue": 46018
        },
        "2007-06": {
            "month": "2007-06",
            "price": "68.14",
            "revenue": 32258
        },
        "2007-07": {
            "month": "2007-07",
            "price": "71.95",
            "revenue": 32137
        },
        "2007-08": {
            "month": "2007-08",
            "price": "66.88",
            "revenue": 46042
        },
        "2007-09": {
            "month": "2007-09",
            "price": "54.32",
            "revenue": 45021
        },
        "2007-10": {
            "month": "2007-10",
            "price": "46.93",
            "revenue": 33439
        },
        "2007-11": {
            "month": "2007-11",
            "price": "40.95",
            "revenue": 54407
        },
        "2007-12": {
            "month": "2007-12",
            "price": "40.90",
            "revenue": 75767
        },
        "2008-01": {
            "month": "2008-01",
            "price": "40.90",
            "revenue": 50358
        },
        "2008-02": {
            "month": "2008-02",
            "price": "38.21",
            "revenue": 38316
        },
        "2008-03": {
            "month": "2008-03",
            "price": "44.25",
            "revenue": 82573
        },
        "2008-04": {
            "month": "2008-04",
            "price": "52.12",
            "revenue": 60703
        },
        "2008-05": {
            "month": "2008-05",
            "price": "58.76",
            "revenue": 55702
        },
        "2008-06": {
            "month": "2008-06",
            "price": "52.13",
            "revenue": 56950
        },
        "2008-07": {
            "month": "2008-07",
            "price": "50.39",
            "revenue": 50411
        },
        "2008-08": {
            "month": "2008-08",
            "price": "47.32",
            "revenue": 40447
        },
        "2008-09": {
            "month": "2008-09",
            "price": "37.38",
            "revenue": 36818
        },
        "2008-10": {
            "month": "2008-10",
            "price": "29.95",
            "revenue": 39783
        },
        "2008-11": {
            "month": "2008-11",
            "price": "22.68",
            "revenue": 28618
        },
        "2008-12": {
            "month": "2008-12",
            "price": "22.92",
            "revenue": 22795
        },
        "2009-01": {
            "month": "2009-01",
            "price": "24.04",
            "revenue": 39098
        },
        "2009-02": {
            "month": "2009-02",
            "price": "23.40",
            "revenue": 21622
        },
        "2009-03": {
            "month": "2009-03",
            "price": "25.78",
            "revenue": 24041
        },
        "2009-04": {
            "month": "2009-04",
            "price": "26.28",
            "revenue": 12886
        },
        "2009-05": {
            "month": "2009-05",
            "price": "25.06",
            "revenue": 7442
        },
        "2009-06": {
            "month": "2009-06",
            "price": "25.57",
            "revenue": 13361
        },
        "2009-07": {
            "month": "2009-07",
            "price": "24.48",
            "revenue": 27227
        },
        "2009-08": {
            "month": "2009-08",
            "price": "23.48",
            "revenue": 28348
        },
        "2009-09": {
            "month": "2009-09",
            "price": "26.19",
            "revenue": 22345
        },
        "2009-10": {
            "month": "2009-10",
            "price": "29.08",
            "revenue": 32703
        },
        "2009-11": {
            "month": "2009-11",
            "price": "29.19",
            "revenue": 32900
        },
        "2009-12": {
            "month": "2009-12",
            "price": "32.94",
            "revenue": 60972
        },
        "2010-01": {
            "month": "2010-01",
            "price": "43.78",
            "revenue": 14753
        },
        "2010-02": {
            "month": "2010-02",
            "price": "37.29",
            "revenue": 30456
        },
        "2010-03": {
            "month": "2010-03",
            "price": "43.83",
            "revenue": 27245
        },
        "2010-04": {
            "month": "2010-04",
            "price": "45.10",
            "revenue": 42862
        },
        "2010-05": {
            "month": "2010-05",
            "price": "40.92",
            "revenue": 61384
        },
        "2010-06": {
            "month": "2010-06",
            "price": "41.74",
            "revenue": 80900
        },
        "2010-07": {
            "month": "2010-07",
            "price": "45.96",
            "revenue": 60115
        },
        "2010-08": {
            "month": "2010-08",
            "price": "45.10",
            "revenue": 60027
        },
        "2010-09": {
            "month": "2010-09",
            "price": "43.70",
            "revenue": 60782
        },
        "2010-10": {
            "month": "2010-10",
            "price": "41.34",
            "revenue": 50013
        },
        "2010-11": {
            "month": "2010-11",
            "price": "38.45",
            "revenue": 80709
        },
        "2010-12": {
            "month": "2010-12",
            "price": "41.36",
            "revenue": 82832
        },
        "2011-01": {
            "month": "2011-01",
            "price": "43.92",
            "revenue": 57730
        },
        "2011-02": {
            "month": "2011-02",
            "price": "40.75",
            "revenue": 36651
        },
        "2011-03": {
            "month": "2011-03",
            "price": "40.55",
            "revenue": 64508
        },
        "2011-04": {
            "month": "2011-04",
            "price": "41.88",
            "revenue": 33288
        },
        "2011-05": {
            "month": "2011-05",
            "price": "40.71",
            "revenue": 45271
        },
        "2011-06": {
            "month": "2011-06",
            "price": "38.77",
            "revenue": 20059
        },
        "2011-07": {
            "month": "2011-07",
            "price": "35.35",
            "revenue": 40839
        },
        "2011-08": {
            "month": "2011-08",
            "price": "27.43",
            "revenue": 32379
        },
        "2011-09": {
            "month": "2011-09",
            "price": "20.28",
            "revenue": 42837
        },
        "2011-10": {
            "month": "2011-10",
            "price": "20.02",
            "revenue": 40282
        },
        "2011-11": {
            "month": "2011-11",
            "price": "18.87",
            "revenue": 48295
        },
        "2011-12": {
            "month": "2011-12",
            "price": "17.37",
            "revenue": 87035
        },
        "2012-01": {
            "month": "2012-01",
            "price": "18.01",
            "revenue": 53117
        },
        "2012-02": {
            "month": "2012-02",
            "price": "22.01",
            "revenue": 30914
        },
        "2012-03": {
            "month": "2012-03",
            "price": "23.20",
            "revenue": 36923
        },
        "2012-04": {
            "month": "2012-04",
            "price": "21.67",
            "revenue": 15990
        },
        "2012-05": {
            "month": "2012-05",
            "price": "21.67",
            "revenue": 36708
        },
        "2012-06": {
            "month": "2012-06",
            "price": "22.05",
            "revenue": 24280
        },
        "2012-07": {
            "month": "2012-07",
            "price": "21.07",
            "revenue": 27828
        },
        "2012-08": {
            "month": "2012-08",
            "price": "20.13",
            "revenue": 21773
        },
        "2012-09": {
            "month": "2012-09",
            "price": "19.28",
            "revenue": 47149
        },
        "2012-10": {
            "month": "2012-10",
            "price": "18.10",
            "revenue": 37943
        },
        "2012-11": {
            "month": "2012-11",
            "price": "16.42",
            "revenue": 20166
        },
        "2012-12": {
            "month": "2012-12",
            "price": "16.53",
            "revenue": 27758
        },
        "2013-01": {
            "month": "2013-01",
            "price": "17.59",
            "revenue": 14693
        },
        "2013-02": {
            "month": "2013-02",
            "price": "18.37",
            "revenue": 12679
        },
        "2013-03": {
            "month": "2013-03",
            "price": "18.37",
            "revenue": 31191
        },
        "2013-04": {
            "month": "2013-04",
            "price": "20.71",
            "revenue": 33065
        },
        "2013-05": {
            "month": "2013-05",
            "price": "27.93",
            "revenue": 37425
        },
        "2013-06": {
            "month": "2013-06",
            "price": "29.69",
            "revenue": 19749
        },
        "2013-07": {
            "month": "2013-07",
            "price": "27.02",
            "revenue": 32422
        },
        "2013-08": {
            "month": "2013-08",
            "price": "26.16",
            "revenue": 25874
        },
        "2013-09": {
            "month": "2013-09",
            "price": "24.98",
            "revenue": 29849
        },
        "2013-10": {
            "month": "2013-10",
            "price": "25.90",
            "revenue": 37222
        },
        "2013-11": {
            "month": "2013-11",
            "price": "24.40",
            "revenue": 61610
        },
        "2013-12": {
            "month": "2013-12",
            "price": "23.92",
            "revenue": 53445
        },
        "2014-01": {
            "month": "2014-01",
            "price": "25.16",
            "revenue": 54844
        },
        "2014-02": {
            "month": "2014-02",
            "price": "30.14",
            "revenue": 34708
        },
        "2014-03": {
            "month": "2014-03",
            "price": "39.18",
            "revenue": 38169
        },
        "2014-04": {
            "month": "2014-04",
            "price": "41.18",
            "revenue": 46801
        },
        "2014-05": {
            "month": "2014-05",
            "price": "44.80",
            "revenue": 74711
        },
        "2014-06": {
            "month": "2014-06",
            "price": "44.30",
            "revenue": 214279
        },
        "2014-07": {
            "month": "2014-07",
            "price": "68.46",
            "revenue": 212339
        },
        "2014-08": {
            "month": "2014-08",
            "price": "87.90",
            "revenue": 246454
        },
        "2014-09": {
            "month": "2014-09",
            "price": "136.44",
            "revenue": 252834
        },
        "2014-10": {
            "month": "2014-10",
            "price": "145.66",
            "revenue": 289820
        },
        "2014-11": {
            "month": "2014-11",
            "price": "117.32",
            "revenue": 292025
        },
        "2014-12": {
            "month": "2014-12",
            "price": "122.17",
            "revenue": 169833
        },
        "2015-01": {
            "month": "2015-01",
            "price": "119.42",
            "revenue": 175103
        },
        "2015-02": {
            "month": "2015-02",
            "price": "124.38",
            "revenue": 178239
        },
        "2015-03": {
            "month": "2015-03",
            "price": "149.23",
            "revenue": 213393
        },
        "2015-04": {
            "month": "2015-04",
            "price": "136.85",
            "revenue": 257571
        },
        "2015-05": {
            "month": "2015-05",
            "price": "132.55",
            "revenue": 266012
        },
        "2015-06": {
            "month": "2015-06",
            "price": "130.31",
            "revenue": 268099
        },
        "2015-07": {
            "month": "2015-07",
            "price": "106.20",
            "revenue": 194750
        },
        "2015-08": {
            "month": "2015-08",
            "price": "75.01",
            "revenue": 150034
        },
        "2015-09": {
            "month": "2015-09",
            "price": "80.56",
            "revenue": 142307
        },
        "2015-10": {
            "month": "2015-10",
            "price": "84.84",
            "revenue": 163722
        },
        "2015-11": {
            "month": "2015-11",
            "price": "82.62",
            "revenue": 155184
        },
        "2015-12": {
            "month": "2015-12",
            "price": "70.47",
            "revenue": 185514
        },
        "2016-01": {
            "month": "2016-01",
            "price": "68.84",
            "revenue": 114436
        },
        "2016-02": {
            "month": "2016-02",
            "price": "69.13",
            "revenue": 72583
        },
        "2016-03": {
            "month": "2016-03",
            "price": "70.53",
            "revenue": 103903
        },
        "2016-04": {
            "month": "2016-04",
            "price": "66.20",
            "revenue": 94022
        },
        "2016-05": {
            "month": "2016-05",
            "price": "64.10",
            "revenue": 67747
        },
        "2016-06": {
            "month": "2016-06",
            "price": "57.65",
            "revenue": 39721
        },
        "2016-07": {
            "month": "2016-07",
            "price": "44.60",
            "revenue": 40024
        },
        "2016-08": {
            "month": "2016-08",
            "price": "44.50",
            "revenue": 37610
        },
        "2016-09": {
            "month": "2016-09",
            "price": "44.71",
            "revenue": 36890
        },
        "2016-10": {
            "month": "2016-10",
            "price": "34.94",
            "revenue": 36770
        },
        "2016-11": {
            "month": "2016-11",
            "price": "32.46",
            "revenue": 35945
        },
        "2016-12": {
            "month": "2016-12",
            "price": "39.64",
            "revenue": 37589
        },
        "2017-01": {
            "month": "2017-01",
            "price": "39.08",
            "revenue": 21815
        },
        "2017-02": {
            "month": "2017-02",
            "price": "40.67",
            "revenue": 26734
        },
        "2017-03": {
            "month": "2017-03",
            "price": "39.75",
            "revenue": 37408
        },
        "2017-04": {
            "month": "2017-04",
            "price": "36.21",
            "revenue": 34031
        },
        "2017-05": {
            "month": "2017-05",
            "price": "34.28",
            "revenue": 30992
        },
        "2017-06": {
            "month": "2017-06",
            "price": "32.74",
            "revenue": 38816
        },
        "2017-07": {
            "month": "2017-07",
            "price": "30.97",
            "revenue": 26444
        },
        "2017-08": {
            "month": "2017-08",
            "price": "28.15",
            "revenue": 36933
        },
        "2017-09": {
            "month": "2017-09",
            "price": "30.74",
            "revenue": 45405
        },
        "2017-10": {
            "month": "2017-10",
            "price": "32.76",
            "revenue": 41319
        },
        "2017-11": {
            "month": "2017-11",
            "price": "30.32",
            "revenue": 34410
        },
        "2017-12": {
            "month": "2017-12",
            "price": "29.10",
            "revenue": 42715
        },
        "2018-01": {
            "month": "2018-01",
            "price": "28.09",
            "revenue": 39647
        },
        "2018-02": {
            "month": "2018-02",
            "price": "25.16",
            "revenue": 24618
        },
        "2018-03": {
            "month": "2018-03",
            "price": "26.43",
            "revenue": 40573
        },
        "2018-04": {
            "month": "2018-04",
            "price": "25.54",
            "revenue": 43229
        },
        "2018-05": {
            "month": "2018-05",
            "price": "24.07",
            "revenue": 47193
        },
        "2018-06": {
            "month": "2018-06",
            "price": "25.79",
            "revenue": 38315
        },
        "2018-07": {
            "month": "2018-07",
            "price": "23.68",
            "revenue": 38067
        },
        "2018-08": {
            "month": "2018-08",
            "price": "23.18",
            "revenue": 42063
        },
        "2018-09": {
            "month": "2018-09",
            "price": "20.63",
            "revenue": 48558
        },
        "2018-10": {
            "month": "2018-10",
            "price": "18.29",
            "revenue": 34802
        },
        "2018-11": {
            "month": "2018-11",
            "price": "16.65",
            "revenue": 33683
        },
        "2018-12": {
            "month": "2018-12",
            "price": "16.68",
            "revenue": 40603
        },
        "2019-01": {
            "month": "2019-01",
            "price": "16.50",
            "revenue": 26911
        },
        "2019-02": {
            "month": "2019-02",
            "price": "17.33",
            "revenue": 34372
        },
        "2019-03": {
            "month": "2019-03",
            "price": "18.10",
            "revenue": 35297
        },
        "2019-04": {
            "month": "2019-04",
            "price": "22.18",
            "revenue": 29749
        },
        "2019-05": {
            "month": "2019-05",
            "price": "22.51",
            "revenue": 27557
        },
        "2019-06": {
            "month": "2019-06",
            "price": "20.86",
            "revenue": 24153
        },
        "2019-07": {
            "month": "2019-07",
            "price": "22.29",
            "revenue": 30773
        },
        "2019-08": {
            "month": "2019-08",
            "price": "21.01",
            "revenue": 26225
        },
        "2019-09": {
            "month": "2019-09",
            "price": "22.52",
            "revenue": 18145
        },
        "2019-10": {
            "month": "2019-10",
            "price": "25.33",
            "revenue": 20508
        },
        "2019-11": {
            "month": "2019-11",
            "price": "23.42",
            "revenue": 18402
        },
        "2019-12": {
            "month": "2019-12",
            "price": "22.31",
            "revenue": 37841
        },
        "2020-01": {
            "month": "2020-01",
            "price": "21.56",
            "revenue": 20341
        },
        "2020-02": {
            "month": "2020-02",
            "price": "18.89",
            "revenue": 26488
        },
        "2020-03": {
            "month": "2020-03",
            "price": "16.60",
            "revenue": 37532
        },
        "2020-04": {
            "month": "2020-04",
            "price": "16.44",
            "revenue": 30966
        },
        "2020-05": {
            "month": "2020-05",
            "price": "19.93",
            "revenue": 31461
        },
        "2020-06": {
            "month": "2020-06",
            "price": "20.33",
            "revenue": 34247
        },
        "2020-07": {
            "month": "2020-07",
            "price": "20.53",
            "revenue": 35939
        },
        "2020-08": {
            "month": "2020-08",
            "price": "23.11",
            "revenue": 36939
        },
        "2020-09": {
            "month": "2020-09",
            "price": "27.65",
            "revenue": 42967
        },
        "2020-10": {
            "month": "2020-10",
            "price": "30.37",
            "revenue": 42259
        },
        "2020-11": {
            "month": "2020-11",
            "price": "30.98",
            "revenue": 45039
        },
        "2020-12": {
            "month": "2020-12",
            "price": "32.38",
            "revenue": 66328
        },
        "2021-01": {
            "month": "2021-01",
            "price": "31.13",
            "revenue": 43056
        },
        "2021-02": {
            "month": "2021-02",
            "price": "31.23",
            "revenue": 14859
        },
        "2021-03": {
            "month": "2021-03",
            "price": "31.10",
            "revenue": 32644
        },
        "2021-04": {
            "month": "2021-04",
            "price": "30.41",
            "revenue": 42795
        },
        "2021-05": {
            "month": "2021-05",
            "price": "24.23",
            "revenue": 37764
        },
        "2021-06": {
            "month": "2021-06",
            "price": "25.25",
            "revenue": 50937
        },
        "2021-07": {
            "month": "2021-07",
            "price": "26.99",
            "revenue": 42595
        },
        "2021-08": {
            "month": "2021-08",
            "price": "25.16",
            "revenue": 49803
        },
        "2021-09": {
            "month": "2021-09",
            "price": "24.90",
            "revenue": 67582
        },
        "2021-10": {
            "month": "2021-10",
            "price": "25.34",
            "revenue": 43901
        },
        "2021-11": {
            "month": "2021-11",
            "price": "29.96",
            "revenue": 49217
        },
        "2021-12": {
            "month": "2021-12",
            "price": "33.30",
            "revenue": 49997
        },
        "2022-01": {
            "month": "2022-01",
            "price": "30.78",
            "revenue": 41403
        },
        "2022-02": {
            "month": "2022-02",
            "price": "29.78",
            "revenue": 52204
        },
        "2022-03": {
            "month": "2022-03",
            "price": "31.05",
            "revenue": 59104
        },
        "2022-04": {
            "month": "2022-04",
            "price": "29.85",
            "revenue": 34413
        },
        "2022-05": {
            "month": "2022-05",
            "price": "27.62",
            "revenue": 46249
        },
        "2022-06": {
            "month": "2022-06",
            "price": "27.25",
            "revenue": 43294
        },
        "2022-07": {
            "month": "2022-07",
            "price": "23.14",
            "revenue": 44806
        },
        "2022-08": {
            "month": "2022-08",
            "price": "24.05",
            "revenue": 42725
        },
        "2022-09": {
            "month": "2022-09",
            "price": "24.81",
            "revenue": 35905
        },
        "2022-10": {
            "month": "2022-10",
            "price": "24.22",
            "revenue": 26953
        },
        "2022-11": {
            "month": "2022-11",
            "price": "24.22",
            "revenue": 54740
        },
        "2022-12": {
            "month": "2022-12",
            "price": "24.96",
            "revenue": 50110
        },
        "2023-01": {
            "month": "2023-01",
            "price": "24.37",
            "revenue": 27680
        },
        "2023-02": {
            "month": "2023-02",
            "price": "25.12",
            "revenue": 30812
        },
        "2023-03": {
            "month": "2023-03",
            "price": "25.59",
            "revenue": 27856
        },
        "2023-04": {
            "month": "2023-04",
            "price": "27.56",
            "revenue": 26624
        },
        "2023-05": {
            "month": "2023-05",
            "price": "25.80",
            "revenue": 28936
        },
        "2023-06": {
            "month": "2023-06",
            "price": "25.92",
            "revenue": 26877
        },
        "2023-07": {
            "month": "2023-07",
            "price": "25.30",
            "revenue": 31031
        },
        "2023-08": {
            "month": "2023-08",
            "price": "23.68",
            "revenue": 35136
        },
        "2023-09": {
            "month": "2023-09",
            "price": "23.98",
            "revenue": 30375
        },
        "2023-10": {
            "month": "2023-10",
            "price": "23.45",
            "revenue": 29259
        },
        "2023-11": {
            "month": "2023-11",
            "price": "23.22",
            "revenue": 25288
        },
        "2023-12": {
            "month": "2023-12",
            "price": "23.32",
            "revenue": 25034
        }
    }
}
