{
    "summary": {
        "stock_name": "昇達科",
        "stock_id": "3491",
        "category": "通信網路",
        "main_business": "微波高頻通訊元件-濾波器、雙工器之設計研發與製造。<br>微波高頻通訊元件-天線及其他被動元件之設計研發與製造。",
        "website_url": "http://www.umt-tw.com",
        "ceo": "吳東義",
        "pe_ratio": 50,
        "report_year_from": 2004,
        "report_year_to": 2023,
        "age": 20,
        "eps_negative_percentage": 0,
        "eps_growth_avg": {
            "last_all": 10.05,
            "last_2y": 24.56,
            "last_4y": 5.99,
            "last_8y": 5.03,
            "last_12y": 10.37,
            "last_16y": 10.05,
            "last_20y": null,
            "at_2006_last_3y": null,
            "at_2007_last_3y": null,
            "at_2008_last_3y": null,
            "at_2009_last_3y": null,
            "at_2010_last_3y": 9.01,
            "at_2011_last_3y": -20.74,
            "at_2012_last_3y": -4.61,
            "at_2013_last_3y": 9.51,
            "at_2014_last_3y": 22.39,
            "at_2015_last_3y": 33.79,
            "at_2016_last_3y": 8.18,
            "at_2017_last_3y": 3.53,
            "at_2018_last_3y": 3.83,
            "at_2019_last_3y": -0.68,
            "at_2020_last_3y": -12.38,
            "at_2021_last_3y": 12.95,
            "at_2022_last_3y": 14.14,
            "at_2023_last_3y": 5.34,
            "at_2024_last_3y": 5.34,
            "at_2006_last_all": null,
            "at_2007_last_all": null,
            "at_2008_last_all": 66.2,
            "at_2009_last_all": 26.36,
            "at_2010_last_all": 9.01,
            "at_2011_last_all": 3.41,
            "at_2012_last_all": 18.99,
            "at_2013_last_all": 16.73,
            "at_2014_last_all": 15.7,
            "at_2015_last_all": 16.91,
            "at_2016_last_all": 14.67,
            "at_2017_last_all": 11.93,
            "at_2018_last_all": 11.74,
            "at_2019_last_all": 11.5,
            "at_2020_last_all": 6.94,
            "at_2021_last_all": 12.2,
            "at_2022_last_all": 12.34,
            "at_2023_last_all": 10.05,
            "at_2024_last_all": 10.05
        },
        "latest_eps": 3.18,
        "latest_price": 158,
        "latest_roe": 9.95,
        "latest_gross_margin": 46.38,
        "latest_equity": 2463031,
        "latest_revenue": 408041,
        "latest_gross_profit": 189231,
        "latest_net_income": 57281,
        "latest_debt_ratio": 27.56,
        "latest_current_ratio": 245.11,
        "latest_account_receivable_turnover_ratio": 0.94,
        "latest_inventory_turnover_ratio": 1.31,
        "latest_reinvestment_rate": -14.12,
        "latest_research_to_sale_ratio": 11.28
    },
    "eps_dividends": {
        "2001": {
            "cash": 0,
            "stock": 0,
            "eps": 0
        },
        "2002": {
            "cash": 0,
            "stock": 0,
            "eps": 0
        },
        "2003": {
            "cash": 0,
            "stock": 0,
            "eps": 0
        },
        "2004": {
            "cash": 0,
            "stock": 0,
            "eps": 0
        },
        "2005": {
            "cash": 0,
            "stock": 0,
            "eps": 0
        },
        "2006": {
            "cash": 1,
            "stock": 2,
            "eps": 2.57
        },
        "2007": {
            "cash": 2,
            "stock": 1.35,
            "eps": 5.68
        },
        "2008": {
            "cash": 0.5,
            "stock": 3,
            "eps": 7.52
        },
        "2009": {
            "cash": 1.5,
            "stock": 3,
            "eps": 3.51
        },
        "2010": {
            "cash": 2.5,
            "stock": 0.5,
            "eps": 2
        },
        "2011": {
            "cash": 2.19,
            "stock": 0,
            "eps": 1.62
        },
        "2012": {
            "cash": 1.23,
            "stock": 0,
            "eps": 3.19
        },
        "2013": {
            "cash": 2.4,
            "stock": 0,
            "eps": 3.29
        },
        "2014": {
            "cash": 2.55,
            "stock": 0,
            "eps": 3.57
        },
        "2015": {
            "cash": 4.09,
            "stock": 0,
            "eps": 4.52
        },
        "2016": {
            "cash": 4.3,
            "stock": 0,
            "eps": 4.27
        },
        "2017": {
            "cash": 4,
            "stock": 0,
            "eps": 3.61
        },
        "2018": {
            "cash": 3.85,
            "stock": 0,
            "eps": 3.96
        },
        "2019": {
            "cash": 3.4,
            "stock": 0.6,
            "eps": 4.3
        },
        "2020": {
            "cash": 4,
            "stock": 0,
            "eps": 2.05
        },
        "2021": {
            "cash": 2.5,
            "stock": 0,
            "eps": 3.81
        },
        "2022": {
            "cash": 4,
            "stock": 0,
            "eps": 4.36
        },
        "2023": {
            "cash": 4,
            "stock": 0,
            "eps": 3.2
        },
        "2024": {
            "cash": 3.36,
            "stock": 0,
            "eps": 0
        }
    },
    "dividends": {
        "2006-04-07": {
            "cash": 1,
            "stock": 2
        },
        "2007-04-11": {
            "cash": 2,
            "stock": 1.35
        },
        "2008-03-18": {
            "cash": 0.5,
            "stock": 3
        },
        "2009-03-19": {
            "cash": 1.5,
            "stock": 3
        },
        "2010-03-18": {
            "cash": 2.5,
            "stock": 0.5
        },
        "2011-03-24": {
            "cash": 2.19,
            "stock": 0
        },
        "2012-06-21": {
            "cash": 1.23,
            "stock": 0
        },
        "2013-06-13": {
            "cash": 2.4,
            "stock": 0
        },
        "2014-06-12": {
            "cash": 2.55,
            "stock": 0
        },
        "2015-08-07": {
            "cash": 4.09,
            "stock": 0
        },
        "2016-08-05": {
            "cash": 4.3,
            "stock": 0
        },
        "2017-08-04": {
            "cash": 4,
            "stock": 0
        },
        "2018-08-21": {
            "cash": 3.85,
            "stock": 0
        },
        "2019-09-06": {
            "cash": 3.4,
            "stock": 0.6
        },
        "2020-08-12": {
            "cash": 4,
            "stock": 0
        },
        "2021-08-23": {
            "cash": 2.5,
            "stock": 0
        },
        "2022-07-29": {
            "cash": 4,
            "stock": 0
        },
        "2023-08-15": {
            "cash": 4,
            "stock": 0
        },
        "2024-03-27": {
            "cash": 3.36,
            "stock": 0
        }
    },
    "prices": {
        "200101": "無",
        "200102": "無",
        "200103": "無",
        "200104": "無",
        "200105": "無",
        "200106": "無",
        "200107": "無",
        "200108": "無",
        "200109": "無",
        "200110": "無",
        "200111": "無",
        "200112": "無",
        "200201": "無",
        "200202": "無",
        "200203": "無",
        "200204": "無",
        "200205": "無",
        "200206": "無",
        "200207": "無",
        "200208": "無",
        "200209": "無",
        "200210": "無",
        "200211": "無",
        "200212": "無",
        "200301": "無",
        "200302": "無",
        "200303": "無",
        "200304": "無",
        "200305": "無",
        "200306": "無",
        "200307": "無",
        "200308": "無",
        "200309": "無",
        "200310": "無",
        "200311": "無",
        "200312": "無",
        "200401": "無",
        "200402": "無",
        "200403": "無",
        "200404": "無",
        "200405": "無",
        "200406": "無",
        "200407": "無",
        "200408": "無",
        "200409": "無",
        "200410": "無",
        "200411": "無",
        "200412": "無",
        "200501": "無",
        "200502": "無",
        "200503": "無",
        "200504": "無",
        "200505": "無",
        "200506": "無",
        "200507": "無",
        "200508": "無",
        "200509": "無",
        "200510": "無",
        "200511": "無",
        "200512": "無",
        "200601": "無",
        "200602": "無",
        "200603": "無",
        "200604": "無",
        "200605": "無",
        "200606": "無",
        "200607": "無",
        "200608": "無",
        "200609": "無",
        "200610": "無",
        "200611": "57.48",
        "200612": "58.08",
        "200701": "62.91",
        "200702": "69.03",
        "200703": "71.00",
        "200704": "73.54",
        "200705": "74.25",
        "200706": "96.06",
        "200707": "113.01",
        "200708": "115.37",
        "200709": "112.15",
        "200710": "102.02",
        "200711": "97.47",
        "200712": "96.49",
        "200801": "92.05",
        "200802": "88.96",
        "200803": "91.22",
        "200804": "105.45",
        "200805": "148.60",
        "200806": "154.50",
        "200807": "126.59",
        "200808": "120.83",
        "200809": "106.19",
        "200810": "90.35",
        "200811": "85.80",
        "200812": "73.54",
        "200901": "79.30",
        "200902": "73.44",
        "200903": "85.17",
        "200904": "88.17",
        "200905": "86.84",
        "200906": "81.87",
        "200907": "83.12",
        "200908": "78.22",
        "200909": "75.34",
        "200910": "75.39",
        "200911": "74.58",
        "200912": "82.67",
        "201001": "79.68",
        "201002": "70.59",
        "201003": "75.66",
        "201004": "76.44",
        "201005": "65.94",
        "201006": "58.76",
        "201007": "61.68",
        "201008": "58.09",
        "201009": "51.43",
        "201010": "51.99",
        "201011": "48.52",
        "201012": "55.91",
        "201101": "53.97",
        "201102": "48.57",
        "201103": "49.65",
        "201104": "56.88",
        "201105": "64.83",
        "201106": "68.07",
        "201107": "64.25",
        "201108": "46.12",
        "201109": "38.41",
        "201110": "39.35",
        "201111": "32.58",
        "201112": "26.28",
        "201201": "27.27",
        "201202": "33.89",
        "201203": "45.08",
        "201204": "41.46",
        "201205": "40.46",
        "201206": "36.83",
        "201207": "43.95",
        "201208": "46.75",
        "201209": "46.22",
        "201210": "45.60",
        "201211": "44.74",
        "201212": "49.51",
        "201301": "52.80",
        "201302": "54.50",
        "201303": "53.01",
        "201304": "53.08",
        "201305": "51.99",
        "201306": "54.97",
        "201307": "61.84",
        "201308": "58.13",
        "201309": "57.90",
        "201310": "54.54",
        "201311": "52.30",
        "201312": "55.89",
        "201401": "66.70",
        "201402": "71.49",
        "201403": "69.12",
        "201404": "78.24",
        "201405": "74.87",
        "201406": "77.90",
        "201407": "74.84",
        "201408": "71.64",
        "201409": "71.54",
        "201410": "73.47",
        "201411": "69.08",
        "201412": "65.82",
        "201501": "63.08",
        "201502": "65.43",
        "201503": "71.94",
        "201504": "78.54",
        "201505": "79.44",
        "201506": "84.08",
        "201507": "75.77",
        "201508": "61.21",
        "201509": "64.60",
        "201510": "78.33",
        "201511": "76.04",
        "201512": "70.12",
        "201601": "62.78",
        "201602": "68.21",
        "201603": "73.67",
        "201604": "70.37",
        "201605": "63.86",
        "201606": "63.68",
        "201607": "61.31",
        "201608": "59.30",
        "201609": "60.97",
        "201610": "57.40",
        "201611": "56.08",
        "201612": "63.34",
        "201701": "71.79",
        "201702": "74.61",
        "201703": "74.65",
        "201704": "75.37",
        "201705": "78.44",
        "201706": "82.63",
        "201707": "84.84",
        "201708": "82.37",
        "201709": "80.20",
        "201710": "79.37",
        "201711": "71.45",
        "201712": "72.82",
        "201801": "76.36",
        "201802": "75.53",
        "201803": "72.68",
        "201804": "67.31",
        "201805": "65.57",
        "201806": "77.14",
        "201807": "77.80",
        "201808": "70.97",
        "201809": "70.76",
        "201810": "71.75",
        "201811": "72.08",
        "201812": "77.76",
        "201901": "77.95",
        "201902": "81.88",
        "201903": "80.84",
        "201904": "92.33",
        "201905": "96.17",
        "201906": "93.04",
        "201907": "97.61",
        "201908": "106.73",
        "201909": "104.63",
        "201910": "96.51",
        "201911": "91.20",
        "201912": "92.36",
        "202001": "89.69",
        "202002": "81.06",
        "202003": "69.51",
        "202004": "71.56",
        "202005": "74.52",
        "202006": "81.42",
        "202007": "83.17",
        "202008": "79.28",
        "202009": "74.08",
        "202010": "70.60",
        "202011": "71.09",
        "202012": "73.10",
        "202101": "72.71",
        "202102": "74.32",
        "202103": "74.54",
        "202104": "74.06",
        "202105": "65.55",
        "202106": "66.74",
        "202107": "69.26",
        "202108": "69.40",
        "202109": "74.83",
        "202110": "88.20",
        "202111": "161.09",
        "202112": "195.61",
        "202201": "191.81",
        "202202": "160.77",
        "202203": "165.87",
        "202204": "171.16",
        "202205": "143.38",
        "202206": "164.79",
        "202207": "150.40",
        "202208": "169.54",
        "202209": "155.76",
        "202210": "123.18",
        "202211": "125.70",
        "202212": "138.70",
        "202301": "134.38",
        "202302": "142.06",
        "202303": "165.09",
        "202304": "173.68",
        "202305": "167.14",
        "202306": "166.32",
        "202307": "154.31",
        "202308": "145.00",
        "202309": "154.88",
        "202310": "164.60",
        "202311": "166.61",
        "202312": "164.07",
        "202401": "159.68",
        "202402": "159.85",
        "202403": "159.48",
        "202404": "無"
    },
    "quarters": {
        "20011": {
            "year_quarter": 20011,
            "year": 2001,
            "quarter": 1,
            "eps": null,
            "eps_growth_year": null,
            "eps_4q": null,
            "eps_4q_growth_year": null,
            "roe": null,
            "roe_4q": 0,
            "gross_profit": null,
            "gross_margin": null,
            "gross_margin_4q_avg": 0,
            "net_income": null,
            "net_income_4q": null,
            "revenue": null,
            "revenue_4q": null,
            "common_shares": null,
            "book_valuer_per_share": null,
            "book_valuer_per_share_4q_avg": 0,
            "equity": null,
            "current_ratio": null,
            "debt_ratio": null,
            "inventory_turnover_ratio": null,
            "account_receivable_turnover_ratio": null,
            "reinvestment_rate": null,
            "research_to_sale_ratio": null,
            "price_fair": 0,
            "eps_avg_yearly": 0,
            "eps_latest_yearly": 0,
            "eps_growth_yearly": 0
        },
        "20012": {
            "year_quarter": 20012,
            "year": 2001,
            "quarter": 2,
            "eps": null,
            "eps_growth_year": null,
            "eps_4q": null,
            "eps_4q_growth_year": null,
            "roe": null,
            "roe_4q": 0,
            "gross_profit": null,
            "gross_margin": null,
            "gross_margin_4q_avg": 0,
            "net_income": null,
            "net_income_4q": null,
            "revenue": null,
            "revenue_4q": null,
            "common_shares": null,
            "book_valuer_per_share": null,
            "book_valuer_per_share_4q_avg": 0,
            "equity": null,
            "current_ratio": null,
            "debt_ratio": null,
            "inventory_turnover_ratio": null,
            "account_receivable_turnover_ratio": null,
            "reinvestment_rate": null,
            "research_to_sale_ratio": null,
            "price_fair": 0,
            "eps_avg_yearly": 0,
            "eps_latest_yearly": 0,
            "eps_growth_yearly": 0
        },
        "20013": {
            "year_quarter": 20013,
            "year": 2001,
            "quarter": 3,
            "eps": null,
            "eps_growth_year": null,
            "eps_4q": null,
            "eps_4q_growth_year": null,
            "roe": null,
            "roe_4q": 0,
            "gross_profit": null,
            "gross_margin": null,
            "gross_margin_4q_avg": 0,
            "net_income": null,
            "net_income_4q": null,
            "revenue": null,
            "revenue_4q": null,
            "common_shares": null,
            "book_valuer_per_share": null,
            "book_valuer_per_share_4q_avg": 0,
            "equity": null,
            "current_ratio": null,
            "debt_ratio": null,
            "inventory_turnover_ratio": null,
            "account_receivable_turnover_ratio": null,
            "reinvestment_rate": null,
            "research_to_sale_ratio": null,
            "price_fair": 0,
            "eps_avg_yearly": 0,
            "eps_latest_yearly": 0,
            "eps_growth_yearly": 0
        },
        "20014": {
            "year_quarter": 20014,
            "year": 2001,
            "quarter": 4,
            "eps": null,
            "eps_growth_year": null,
            "eps_4q": null,
            "eps_4q_growth_year": null,
            "roe": null,
            "roe_4q": 0,
            "gross_profit": null,
            "gross_margin": null,
            "gross_margin_4q_avg": 0,
            "net_income": null,
            "net_income_4q": null,
            "revenue": null,
            "revenue_4q": null,
            "common_shares": null,
            "book_valuer_per_share": null,
            "book_valuer_per_share_4q_avg": 0,
            "equity": null,
            "current_ratio": null,
            "debt_ratio": null,
            "inventory_turnover_ratio": null,
            "account_receivable_turnover_ratio": null,
            "reinvestment_rate": null,
            "research_to_sale_ratio": null,
            "price_fair": 0,
            "eps_avg_yearly": 0,
            "eps_latest_yearly": 0,
            "eps_growth_yearly": 0
        },
        "20021": {
            "year_quarter": 20021,
            "year": 2002,
            "quarter": 1,
            "eps": null,
            "eps_growth_year": null,
            "eps_4q": null,
            "eps_4q_growth_year": null,
            "roe": null,
            "roe_4q": 0,
            "gross_profit": null,
            "gross_margin": null,
            "gross_margin_4q_avg": 0,
            "net_income": null,
            "net_income_4q": null,
            "revenue": null,
            "revenue_4q": null,
            "common_shares": null,
            "book_valuer_per_share": null,
            "book_valuer_per_share_4q_avg": 0,
            "equity": null,
            "current_ratio": null,
            "debt_ratio": null,
            "inventory_turnover_ratio": null,
            "account_receivable_turnover_ratio": null,
            "reinvestment_rate": null,
            "research_to_sale_ratio": null,
            "price_fair": 0,
            "eps_avg_yearly": 0,
            "eps_latest_yearly": 0,
            "eps_growth_yearly": 0
        },
        "20022": {
            "year_quarter": 20022,
            "year": 2002,
            "quarter": 2,
            "eps": null,
            "eps_growth_year": null,
            "eps_4q": null,
            "eps_4q_growth_year": null,
            "roe": null,
            "roe_4q": 0,
            "gross_profit": null,
            "gross_margin": null,
            "gross_margin_4q_avg": 0,
            "net_income": null,
            "net_income_4q": null,
            "revenue": null,
            "revenue_4q": null,
            "common_shares": null,
            "book_valuer_per_share": null,
            "book_valuer_per_share_4q_avg": 0,
            "equity": null,
            "current_ratio": null,
            "debt_ratio": null,
            "inventory_turnover_ratio": null,
            "account_receivable_turnover_ratio": null,
            "reinvestment_rate": null,
            "research_to_sale_ratio": null,
            "price_fair": 0,
            "eps_avg_yearly": 0,
            "eps_latest_yearly": 0,
            "eps_growth_yearly": 0
        },
        "20023": {
            "year_quarter": 20023,
            "year": 2002,
            "quarter": 3,
            "eps": null,
            "eps_growth_year": null,
            "eps_4q": null,
            "eps_4q_growth_year": null,
            "roe": null,
            "roe_4q": 0,
            "gross_profit": null,
            "gross_margin": null,
            "gross_margin_4q_avg": 0,
            "net_income": null,
            "net_income_4q": null,
            "revenue": null,
            "revenue_4q": null,
            "common_shares": null,
            "book_valuer_per_share": null,
            "book_valuer_per_share_4q_avg": 0,
            "equity": null,
            "current_ratio": null,
            "debt_ratio": null,
            "inventory_turnover_ratio": null,
            "account_receivable_turnover_ratio": null,
            "reinvestment_rate": null,
            "research_to_sale_ratio": null,
            "price_fair": 0,
            "eps_avg_yearly": 0,
            "eps_latest_yearly": 0,
            "eps_growth_yearly": 0
        },
        "20024": {
            "year_quarter": 20024,
            "year": 2002,
            "quarter": 4,
            "eps": null,
            "eps_growth_year": null,
            "eps_4q": null,
            "eps_4q_growth_year": null,
            "roe": null,
            "roe_4q": 0,
            "gross_profit": null,
            "gross_margin": null,
            "gross_margin_4q_avg": 0,
            "net_income": null,
            "net_income_4q": null,
            "revenue": null,
            "revenue_4q": null,
            "common_shares": 95000,
            "book_valuer_per_share": 5.71,
            "book_valuer_per_share_4q_avg": 1.43,
            "equity": 54268,
            "current_ratio": 430.63,
            "debt_ratio": 14.88,
            "inventory_turnover_ratio": null,
            "account_receivable_turnover_ratio": null,
            "reinvestment_rate": null,
            "research_to_sale_ratio": null,
            "price_fair": 0,
            "eps_avg_yearly": 0,
            "eps_latest_yearly": 0,
            "eps_growth_yearly": 0
        },
        "20031": {
            "year_quarter": 20031,
            "year": 2003,
            "quarter": 1,
            "eps": null,
            "eps_growth_year": null,
            "eps_4q": null,
            "eps_4q_growth_year": null,
            "roe": null,
            "roe_4q": 0,
            "gross_profit": null,
            "gross_margin": null,
            "gross_margin_4q_avg": 0,
            "net_income": null,
            "net_income_4q": null,
            "revenue": null,
            "revenue_4q": null,
            "common_shares": null,
            "book_valuer_per_share": null,
            "book_valuer_per_share_4q_avg": 1.43,
            "equity": null,
            "current_ratio": null,
            "debt_ratio": null,
            "inventory_turnover_ratio": null,
            "account_receivable_turnover_ratio": null,
            "reinvestment_rate": null,
            "research_to_sale_ratio": null,
            "price_fair": 0,
            "eps_avg_yearly": 0,
            "eps_latest_yearly": 0,
            "eps_growth_yearly": 0
        },
        "20032": {
            "year_quarter": 20032,
            "year": 2003,
            "quarter": 2,
            "eps": null,
            "eps_growth_year": null,
            "eps_4q": null,
            "eps_4q_growth_year": null,
            "roe": null,
            "roe_4q": 0,
            "gross_profit": null,
            "gross_margin": null,
            "gross_margin_4q_avg": 0,
            "net_income": null,
            "net_income_4q": null,
            "revenue": null,
            "revenue_4q": null,
            "common_shares": null,
            "book_valuer_per_share": null,
            "book_valuer_per_share_4q_avg": 1.43,
            "equity": null,
            "current_ratio": null,
            "debt_ratio": null,
            "inventory_turnover_ratio": null,
            "account_receivable_turnover_ratio": null,
            "reinvestment_rate": null,
            "research_to_sale_ratio": null,
            "price_fair": 0,
            "eps_avg_yearly": 0,
            "eps_latest_yearly": 0,
            "eps_growth_yearly": 0
        },
        "20033": {
            "year_quarter": 20033,
            "year": 2003,
            "quarter": 3,
            "eps": null,
            "eps_growth_year": null,
            "eps_4q": null,
            "eps_4q_growth_year": null,
            "roe": null,
            "roe_4q": 0,
            "gross_profit": null,
            "gross_margin": null,
            "gross_margin_4q_avg": 0,
            "net_income": null,
            "net_income_4q": null,
            "revenue": null,
            "revenue_4q": null,
            "common_shares": null,
            "book_valuer_per_share": null,
            "book_valuer_per_share_4q_avg": 1.43,
            "equity": null,
            "current_ratio": null,
            "debt_ratio": null,
            "inventory_turnover_ratio": null,
            "account_receivable_turnover_ratio": null,
            "reinvestment_rate": null,
            "research_to_sale_ratio": null,
            "price_fair": 0,
            "eps_avg_yearly": 0,
            "eps_latest_yearly": 0,
            "eps_growth_yearly": 0
        },
        "20034": {
            "year_quarter": 20034,
            "year": 2003,
            "quarter": 4,
            "eps": null,
            "eps_growth_year": null,
            "eps_4q": null,
            "eps_4q_growth_year": null,
            "roe": null,
            "roe_4q": 0,
            "gross_profit": null,
            "gross_margin": null,
            "gross_margin_4q_avg": 0,
            "net_income": null,
            "net_income_4q": null,
            "revenue": null,
            "revenue_4q": null,
            "common_shares": 95000,
            "book_valuer_per_share": 9.23,
            "book_valuer_per_share_4q_avg": 2.31,
            "equity": 87724,
            "current_ratio": 438.47,
            "debt_ratio": 16.05,
            "inventory_turnover_ratio": null,
            "account_receivable_turnover_ratio": null,
            "reinvestment_rate": null,
            "research_to_sale_ratio": null,
            "price_fair": 0,
            "eps_avg_yearly": 0,
            "eps_latest_yearly": 0,
            "eps_growth_yearly": 0
        },
        "20041": {
            "year_quarter": 20041,
            "year": 2004,
            "quarter": 1,
            "eps": null,
            "eps_growth_year": null,
            "eps_4q": null,
            "eps_4q_growth_year": null,
            "roe": null,
            "roe_4q": 0,
            "gross_profit": null,
            "gross_margin": null,
            "gross_margin_4q_avg": 0,
            "net_income": null,
            "net_income_4q": null,
            "revenue": null,
            "revenue_4q": null,
            "common_shares": null,
            "book_valuer_per_share": null,
            "book_valuer_per_share_4q_avg": 2.31,
            "equity": null,
            "current_ratio": null,
            "debt_ratio": null,
            "inventory_turnover_ratio": null,
            "account_receivable_turnover_ratio": null,
            "reinvestment_rate": null,
            "research_to_sale_ratio": null,
            "price_fair": 0,
            "eps_avg_yearly": 0,
            "eps_latest_yearly": 0,
            "eps_growth_yearly": 0
        },
        "20042": {
            "year_quarter": 20042,
            "year": 2004,
            "quarter": 2,
            "eps": null,
            "eps_growth_year": null,
            "eps_4q": null,
            "eps_4q_growth_year": null,
            "roe": null,
            "roe_4q": 0,
            "gross_profit": null,
            "gross_margin": null,
            "gross_margin_4q_avg": 0,
            "net_income": null,
            "net_income_4q": null,
            "revenue": null,
            "revenue_4q": null,
            "common_shares": null,
            "book_valuer_per_share": null,
            "book_valuer_per_share_4q_avg": 2.31,
            "equity": null,
            "current_ratio": null,
            "debt_ratio": null,
            "inventory_turnover_ratio": null,
            "account_receivable_turnover_ratio": null,
            "reinvestment_rate": null,
            "research_to_sale_ratio": null,
            "price_fair": 0,
            "eps_avg_yearly": 0,
            "eps_latest_yearly": 0,
            "eps_growth_yearly": 0
        },
        "20043": {
            "year_quarter": 20043,
            "year": 2004,
            "quarter": 3,
            "eps": null,
            "eps_growth_year": null,
            "eps_4q": null,
            "eps_4q_growth_year": null,
            "roe": null,
            "roe_4q": 0,
            "gross_profit": null,
            "gross_margin": null,
            "gross_margin_4q_avg": 0,
            "net_income": null,
            "net_income_4q": null,
            "revenue": null,
            "revenue_4q": null,
            "common_shares": null,
            "book_valuer_per_share": null,
            "book_valuer_per_share_4q_avg": 2.31,
            "equity": null,
            "current_ratio": null,
            "debt_ratio": null,
            "inventory_turnover_ratio": null,
            "account_receivable_turnover_ratio": null,
            "reinvestment_rate": null,
            "research_to_sale_ratio": null,
            "price_fair": 0,
            "eps_avg_yearly": 0,
            "eps_latest_yearly": 0,
            "eps_growth_yearly": 0
        },
        "20044": {
            "year_quarter": 20044,
            "year": 2004,
            "quarter": 4,
            "eps": null,
            "eps_growth_year": null,
            "eps_4q": null,
            "eps_4q_growth_year": null,
            "roe": null,
            "roe_4q": 0,
            "gross_profit": null,
            "gross_margin": null,
            "gross_margin_4q_avg": 0,
            "net_income": null,
            "net_income_4q": null,
            "revenue": null,
            "revenue_4q": null,
            "common_shares": 112970,
            "book_valuer_per_share": 13.29,
            "book_valuer_per_share_4q_avg": 3.32,
            "equity": 150092,
            "current_ratio": 680.37,
            "debt_ratio": 11.88,
            "inventory_turnover_ratio": null,
            "account_receivable_turnover_ratio": null,
            "reinvestment_rate": null,
            "research_to_sale_ratio": null,
            "price_fair": 0,
            "eps_avg_yearly": 0,
            "eps_latest_yearly": 0,
            "eps_growth_yearly": 0
        },
        "20051": {
            "year_quarter": 20051,
            "year": 2005,
            "quarter": 1,
            "eps": null,
            "eps_growth_year": null,
            "eps_4q": null,
            "eps_4q_growth_year": null,
            "roe": null,
            "roe_4q": 0,
            "gross_profit": null,
            "gross_margin": null,
            "gross_margin_4q_avg": 0,
            "net_income": null,
            "net_income_4q": null,
            "revenue": null,
            "revenue_4q": null,
            "common_shares": null,
            "book_valuer_per_share": null,
            "book_valuer_per_share_4q_avg": 3.32,
            "equity": null,
            "current_ratio": null,
            "debt_ratio": null,
            "inventory_turnover_ratio": null,
            "account_receivable_turnover_ratio": null,
            "reinvestment_rate": null,
            "research_to_sale_ratio": null,
            "price_fair": 0,
            "eps_avg_yearly": 0,
            "eps_latest_yearly": 0,
            "eps_growth_yearly": 0
        },
        "20052": {
            "year_quarter": 20052,
            "year": 2005,
            "quarter": 2,
            "eps": null,
            "eps_growth_year": null,
            "eps_4q": null,
            "eps_4q_growth_year": null,
            "roe": null,
            "roe_4q": 0,
            "gross_profit": null,
            "gross_margin": null,
            "gross_margin_4q_avg": 0,
            "net_income": null,
            "net_income_4q": null,
            "revenue": null,
            "revenue_4q": null,
            "common_shares": null,
            "book_valuer_per_share": null,
            "book_valuer_per_share_4q_avg": 3.32,
            "equity": null,
            "current_ratio": null,
            "debt_ratio": null,
            "inventory_turnover_ratio": null,
            "account_receivable_turnover_ratio": null,
            "reinvestment_rate": null,
            "research_to_sale_ratio": null,
            "price_fair": 0,
            "eps_avg_yearly": 0,
            "eps_latest_yearly": 0,
            "eps_growth_yearly": 0
        },
        "20053": {
            "year_quarter": 20053,
            "year": 2005,
            "quarter": 3,
            "eps": null,
            "eps_growth_year": null,
            "eps_4q": null,
            "eps_4q_growth_year": null,
            "roe": null,
            "roe_4q": 0,
            "gross_profit": null,
            "gross_margin": null,
            "gross_margin_4q_avg": 0,
            "net_income": null,
            "net_income_4q": null,
            "revenue": null,
            "revenue_4q": null,
            "common_shares": null,
            "book_valuer_per_share": null,
            "book_valuer_per_share_4q_avg": 3.32,
            "equity": null,
            "current_ratio": null,
            "debt_ratio": null,
            "inventory_turnover_ratio": null,
            "account_receivable_turnover_ratio": null,
            "reinvestment_rate": null,
            "research_to_sale_ratio": null,
            "price_fair": 0,
            "eps_avg_yearly": 0,
            "eps_latest_yearly": 0,
            "eps_growth_yearly": 0
        },
        "20054": {
            "year_quarter": 20054,
            "year": 2005,
            "quarter": 4,
            "eps": null,
            "eps_growth_year": null,
            "eps_4q": null,
            "eps_4q_growth_year": null,
            "roe": null,
            "roe_4q": 0,
            "gross_profit": null,
            "gross_margin": null,
            "gross_margin_4q_avg": 0,
            "net_income": null,
            "net_income_4q": null,
            "revenue": null,
            "revenue_4q": null,
            "common_shares": 118210,
            "book_valuer_per_share": 15.1,
            "book_valuer_per_share_4q_avg": 3.78,
            "equity": 178552,
            "current_ratio": 452.3,
            "debt_ratio": 16.38,
            "inventory_turnover_ratio": null,
            "account_receivable_turnover_ratio": null,
            "reinvestment_rate": null,
            "research_to_sale_ratio": null,
            "price_fair": 0,
            "eps_avg_yearly": 0,
            "eps_latest_yearly": 0,
            "eps_growth_yearly": 0
        },
        "20061": {
            "year_quarter": 20061,
            "year": 2006,
            "quarter": 1,
            "eps": null,
            "eps_growth_year": null,
            "eps_4q": null,
            "eps_4q_growth_year": null,
            "roe": null,
            "roe_4q": 0,
            "gross_profit": null,
            "gross_margin": null,
            "gross_margin_4q_avg": 0,
            "net_income": null,
            "net_income_4q": null,
            "revenue": null,
            "revenue_4q": null,
            "common_shares": null,
            "book_valuer_per_share": null,
            "book_valuer_per_share_4q_avg": 3.78,
            "equity": null,
            "current_ratio": null,
            "debt_ratio": null,
            "inventory_turnover_ratio": null,
            "account_receivable_turnover_ratio": null,
            "reinvestment_rate": null,
            "research_to_sale_ratio": null,
            "price_fair": 0,
            "eps_avg_yearly": 0,
            "eps_latest_yearly": 0,
            "eps_growth_yearly": 0
        },
        "20062": {
            "year_quarter": 20062,
            "year": 2006,
            "quarter": 2,
            "eps": null,
            "eps_growth_year": null,
            "eps_4q": null,
            "eps_4q_growth_year": null,
            "roe": null,
            "roe_4q": 0,
            "gross_profit": null,
            "gross_margin": null,
            "gross_margin_4q_avg": 0,
            "net_income": null,
            "net_income_4q": null,
            "revenue": null,
            "revenue_4q": null,
            "common_shares": null,
            "book_valuer_per_share": null,
            "book_valuer_per_share_4q_avg": 3.78,
            "equity": null,
            "current_ratio": null,
            "debt_ratio": null,
            "inventory_turnover_ratio": null,
            "account_receivable_turnover_ratio": null,
            "reinvestment_rate": null,
            "research_to_sale_ratio": null,
            "price_fair": 0,
            "eps_avg_yearly": 0,
            "eps_latest_yearly": 0,
            "eps_growth_yearly": 0
        },
        "20063": {
            "year_quarter": 20063,
            "year": 2006,
            "quarter": 3,
            "eps": 1.15,
            "eps_growth_year": null,
            "eps_4q": null,
            "eps_4q_growth_year": null,
            "roe": 7.09,
            "roe_4q": 7.09,
            "gross_profit": 39230,
            "gross_margin": 55.65,
            "gross_margin_4q_avg": 13.91,
            "net_income": 19602,
            "net_income_4q": null,
            "revenue": 70493,
            "revenue_4q": null,
            "common_shares": 145922,
            "book_valuer_per_share": 18.94,
            "book_valuer_per_share_4q_avg": 8.51,
            "equity": 276435,
            "current_ratio": 164.1,
            "debt_ratio": 31.43,
            "inventory_turnover_ratio": 1.61,
            "account_receivable_turnover_ratio": null,
            "reinvestment_rate": null,
            "research_to_sale_ratio": null,
            "price_fair": 0,
            "eps_avg_yearly": 0,
            "eps_latest_yearly": 0,
            "eps_growth_yearly": 0
        },
        "20064": {
            "year_quarter": 20064,
            "year": 2006,
            "quarter": 4,
            "eps": 1.42,
            "eps_growth_year": null,
            "eps_4q": null,
            "eps_4q_growth_year": null,
            "roe": 7.21,
            "roe_4q": 14.3,
            "gross_profit": 41873,
            "gross_margin": 56.37,
            "gross_margin_4q_avg": 28.01,
            "net_income": 21464,
            "net_income_4q": null,
            "revenue": 74278,
            "revenue_4q": null,
            "common_shares": 165922,
            "book_valuer_per_share": 19.24,
            "book_valuer_per_share_4q_avg": 9.55,
            "equity": 319248,
            "current_ratio": 285.39,
            "debt_ratio": 16.66,
            "inventory_turnover_ratio": 1.6,
            "account_receivable_turnover_ratio": null,
            "reinvestment_rate": null,
            "research_to_sale_ratio": null,
            "price_fair": 198.8,
            "eps_avg_yearly": 5.68,
            "eps_latest_yearly": 5.68,
            "eps_growth_yearly": 93.91
        },
        "20071": {
            "year_quarter": 20071,
            "year": 2007,
            "quarter": 1,
            "eps": 1.12,
            "eps_growth_year": null,
            "eps_4q": null,
            "eps_4q_growth_year": null,
            "roe": 5.79,
            "roe_4q": 20.09,
            "gross_profit": 35817,
            "gross_margin": 52.97,
            "gross_margin_4q_avg": 41.25,
            "net_income": 19175,
            "net_income_4q": null,
            "revenue": 67615,
            "revenue_4q": null,
            "common_shares": 170602,
            "book_valuer_per_share": 20.13,
            "book_valuer_per_share_4q_avg": 14.58,
            "equity": 343410,
            "current_ratio": 333.55,
            "debt_ratio": 14.21,
            "inventory_turnover_ratio": 1.51,
            "account_receivable_turnover_ratio": null,
            "reinvestment_rate": null,
            "research_to_sale_ratio": null,
            "price_fair": 74.69,
            "eps_avg_yearly": 5.08,
            "eps_latest_yearly": 4.48,
            "eps_growth_yearly": 4.7
        },
        "20072": {
            "year_quarter": 20072,
            "year": 2007,
            "quarter": 2,
            "eps": 1.05,
            "eps_growth_year": null,
            "eps_4q": 4.63,
            "eps_4q_growth_year": null,
            "roe": 5.28,
            "roe_4q": 25.37,
            "gross_profit": 36484,
            "gross_margin": 51.45,
            "gross_margin_4q_avg": 54.11,
            "net_income": 17653,
            "net_income_4q": null,
            "revenue": 70917,
            "revenue_4q": null,
            "common_shares": 170602,
            "book_valuer_per_share": 19.04,
            "book_valuer_per_share_4q_avg": 19.34,
            "equity": 324889,
            "current_ratio": 229.88,
            "debt_ratio": 21.51,
            "inventory_turnover_ratio": 1.74,
            "account_receivable_turnover_ratio": null,
            "reinvestment_rate": null,
            "research_to_sale_ratio": null,
            "price_fair": 14.36,
            "eps_avg_yearly": 4.79,
            "eps_latest_yearly": 4.2,
            "eps_growth_yearly": -5.2
        },
        "20073": {
            "year_quarter": 20073,
            "year": 2007,
            "quarter": 3,
            "eps": 1.38,
            "eps_growth_year": 20,
            "eps_4q": 4.34,
            "eps_4q_growth_year": null,
            "roe": 8.02,
            "roe_4q": 26.3,
            "gross_profit": 48571,
            "gross_margin": 51.06,
            "gross_margin_4q_avg": 52.96,
            "net_income": 27220,
            "net_income_4q": null,
            "revenue": 95134,
            "revenue_4q": null,
            "common_shares": 202000,
            "book_valuer_per_share": 17.54,
            "book_valuer_per_share_4q_avg": 18.99,
            "equity": 354234,
            "current_ratio": 194.17,
            "debt_ratio": 26.16,
            "inventory_turnover_ratio": 2.02,
            "account_receivable_turnover_ratio": null,
            "reinvestment_rate": null,
            "research_to_sale_ratio": null,
            "price_fair": 173.95,
            "eps_avg_yearly": 4.97,
            "eps_latest_yearly": 5.52,
            "eps_growth_yearly": 27.53
        },
        "20074": {
            "year_quarter": 20074,
            "year": 2007,
            "quarter": 4,
            "eps": 2.13,
            "eps_growth_year": 50,
            "eps_4q": 5.35,
            "eps_4q_growth_year": null,
            "roe": 9.21,
            "roe_4q": 28.3,
            "gross_profit": 67473,
            "gross_margin": 49.61,
            "gross_margin_4q_avg": 51.27,
            "net_income": 42392,
            "net_income_4q": null,
            "revenue": 136018,
            "revenue_4q": null,
            "common_shares": 227000,
            "book_valuer_per_share": 24.96,
            "book_valuer_per_share_4q_avg": 20.42,
            "equity": 566499,
            "current_ratio": 315.98,
            "debt_ratio": 19.28,
            "inventory_turnover_ratio": 2.49,
            "account_receivable_turnover_ratio": null,
            "reinvestment_rate": null,
            "research_to_sale_ratio": null,
            "price_fair": 198.8,
            "eps_avg_yearly": 5.68,
            "eps_latest_yearly": 8.52,
            "eps_growth_yearly": 65.5
        },
        "20081": {
            "year_quarter": 20081,
            "year": 2008,
            "quarter": 1,
            "eps": 1.5,
            "eps_growth_year": 33.93,
            "eps_4q": 5.36,
            "eps_4q_growth_year": null,
            "roe": 5.83,
            "roe_4q": 28.340000000000003,
            "gross_profit": 66320,
            "gross_margin": 51.52,
            "gross_margin_4q_avg": 50.91,
            "net_income": 33953,
            "net_income_4q": null,
            "revenue": 128723,
            "revenue_4q": null,
            "common_shares": 227000,
            "book_valuer_per_share": 26.32,
            "book_valuer_per_share_4q_avg": 21.97,
            "equity": 597355,
            "current_ratio": 324.28,
            "debt_ratio": 16.35,
            "inventory_turnover_ratio": 2.04,
            "account_receivable_turnover_ratio": null,
            "reinvestment_rate": null,
            "research_to_sale_ratio": null,
            "price_fair": 200.67,
            "eps_avg_yearly": 5.73,
            "eps_latest_yearly": 6,
            "eps_growth_yearly": 34.87
        },
        "20082": {
            "year_quarter": 20082,
            "year": 2008,
            "quarter": 2,
            "eps": 1.71,
            "eps_growth_year": 62.86,
            "eps_4q": 5.11,
            "eps_4q_growth_year": 10.2,
            "roe": 8.5,
            "roe_4q": 31.56,
            "gross_profit": 83659,
            "gross_margin": 48.36,
            "gross_margin_4q_avg": 50.14,
            "net_income": 52152,
            "net_income_4q": null,
            "revenue": 173005,
            "revenue_4q": null,
            "common_shares": 227000,
            "book_valuer_per_share": 27.77,
            "book_valuer_per_share_4q_avg": 24.15,
            "equity": 630444,
            "current_ratio": 228.28,
            "debt_ratio": 21.03,
            "inventory_turnover_ratio": 1.99,
            "account_receivable_turnover_ratio": null,
            "reinvestment_rate": null,
            "research_to_sale_ratio": null,
            "price_fair": 206.2,
            "eps_avg_yearly": 5.89,
            "eps_latest_yearly": 6.84,
            "eps_growth_yearly": 37.89
        },
        "20083": {
            "year_quarter": 20083,
            "year": 2008,
            "quarter": 3,
            "eps": 2.14,
            "eps_growth_year": 55.07,
            "eps_4q": 6.34,
            "eps_4q_growth_year": 46.32,
            "roe": 9.87,
            "roe_4q": 33.41,
            "gross_profit": 107082,
            "gross_margin": 50.31,
            "gross_margin_4q_avg": 49.95,
            "net_income": 65421,
            "net_income_4q": null,
            "revenue": 212834,
            "revenue_4q": null,
            "common_shares": 305000,
            "book_valuer_per_share": 22.8,
            "book_valuer_per_share_4q_avg": 25.46,
            "equity": 695368,
            "current_ratio": 239.31,
            "debt_ratio": 21.87,
            "inventory_turnover_ratio": 1.76,
            "account_receivable_turnover_ratio": null,
            "reinvestment_rate": null,
            "research_to_sale_ratio": null,
            "price_fair": 217.88,
            "eps_avg_yearly": 6.23,
            "eps_latest_yearly": 8.56,
            "eps_growth_yearly": 45.72
        },
        "20084": {
            "year_quarter": 20084,
            "year": 2008,
            "quarter": 4,
            "eps": 2.17,
            "eps_growth_year": 1.88,
            "eps_4q": 7.13,
            "eps_4q_growth_year": 33.41,
            "roe": 9.09,
            "roe_4q": 33.29,
            "gross_profit": 97756,
            "gross_margin": 49.54,
            "gross_margin_4q_avg": 49.93,
            "net_income": 66229,
            "net_income_4q": null,
            "revenue": 197309,
            "revenue_4q": null,
            "common_shares": 305000,
            "book_valuer_per_share": 24.99,
            "book_valuer_per_share_4q_avg": 25.47,
            "equity": 762136,
            "current_ratio": 280,
            "debt_ratio": 18.3,
            "inventory_turnover_ratio": 1.72,
            "account_receivable_turnover_ratio": 3.71,
            "reinvestment_rate": null,
            "research_to_sale_ratio": null,
            "price_fair": 227.42,
            "eps_avg_yearly": 6.5,
            "eps_latest_yearly": 8.68,
            "eps_growth_yearly": 41.27
        },
        "20091": {
            "year_quarter": 20091,
            "year": 2009,
            "quarter": 1,
            "eps": 0.91,
            "eps_growth_year": -39.33,
            "eps_4q": 6.91,
            "eps_4q_growth_year": 28.98,
            "roe": 3.59,
            "roe_4q": 31.049999999999997,
            "gross_profit": 54391,
            "gross_margin": 49.71,
            "gross_margin_4q_avg": 49.48,
            "net_income": 27890,
            "net_income_4q": null,
            "revenue": 109420,
            "revenue_4q": null,
            "common_shares": 305000,
            "book_valuer_per_share": 25.9,
            "book_valuer_per_share_4q_avg": 25.37,
            "equity": 790026,
            "current_ratio": 366.91,
            "debt_ratio": 13.31,
            "inventory_turnover_ratio": 1.12,
            "account_receivable_turnover_ratio": 1.19,
            "reinvestment_rate": null,
            "research_to_sale_ratio": null,
            "price_fair": 148.55,
            "eps_avg_yearly": 6.21,
            "eps_latest_yearly": 3.64,
            "eps_growth_yearly": 13.91
        },
        "20092": {
            "year_quarter": 20092,
            "year": 2009,
            "quarter": 2,
            "eps": 0.87,
            "eps_growth_year": -49.12,
            "eps_4q": 6.08,
            "eps_4q_growth_year": 19.07,
            "roe": 3.36,
            "roe_4q": 25.909999999999997,
            "gross_profit": 63276,
            "gross_margin": 50.89,
            "gross_margin_4q_avg": 50.11,
            "net_income": 26644,
            "net_income_4q": null,
            "revenue": 124338,
            "revenue_4q": null,
            "common_shares": 305000,
            "book_valuer_per_share": 26.16,
            "book_valuer_per_share_4q_avg": 24.96,
            "equity": 797920,
            "current_ratio": 374.56,
            "debt_ratio": 13.3,
            "inventory_turnover_ratio": 1.56,
            "account_receivable_turnover_ratio": 1.51,
            "reinvestment_rate": null,
            "research_to_sale_ratio": null,
            "price_fair": 125.54,
            "eps_avg_yearly": 5.96,
            "eps_latest_yearly": 3.48,
            "eps_growth_yearly": 11.05
        },
        "20093": {
            "year_quarter": 20093,
            "year": 2009,
            "quarter": 3,
            "eps": 0.91,
            "eps_growth_year": -57.48,
            "eps_4q": 3.96,
            "eps_4q_growth_year": -37.65,
            "roe": 4.42,
            "roe_4q": 20.46,
            "gross_profit": 72670,
            "gross_margin": 50.58,
            "gross_margin_4q_avg": 50.18,
            "net_income": 36087,
            "net_income_4q": null,
            "revenue": 143673,
            "revenue_4q": null,
            "common_shares": 402599,
            "book_valuer_per_share": 20.78,
            "book_valuer_per_share_4q_avg": 24.46,
            "equity": 836506,
            "current_ratio": 405.51,
            "debt_ratio": 11.36,
            "inventory_turnover_ratio": 2.36,
            "account_receivable_turnover_ratio": 1.57,
            "reinvestment_rate": null,
            "research_to_sale_ratio": null,
            "price_fair": 124.99,
            "eps_avg_yearly": 5.77,
            "eps_latest_yearly": 3.64,
            "eps_growth_yearly": 11.66
        },
        "20094": {
            "year_quarter": 20094,
            "year": 2009,
            "quarter": 4,
            "eps": 0.82,
            "eps_growth_year": -62.21,
            "eps_4q": 3.07,
            "eps_4q_growth_year": -56.98,
            "roe": 3.86,
            "roe_4q": 15.229999999999999,
            "gross_profit": 75049,
            "gross_margin": 49.19,
            "gross_margin_4q_avg": 50.09,
            "net_income": 32947,
            "net_income_4q": null,
            "revenue": 152579,
            "revenue_4q": null,
            "common_shares": 402599,
            "book_valuer_per_share": 21.59,
            "book_valuer_per_share_4q_avg": 23.61,
            "equity": 869231,
            "current_ratio": 320.53,
            "debt_ratio": 13.79,
            "inventory_turnover_ratio": 2.74,
            "account_receivable_turnover_ratio": 2.56,
            "reinvestment_rate": null,
            "research_to_sale_ratio": null,
            "price_fair": 98.86,
            "eps_avg_yearly": 5.58,
            "eps_latest_yearly": 3.28,
            "eps_growth_yearly": 7.72
        },
        "20101": {
            "year_quarter": 20101,
            "year": 2010,
            "quarter": 1,
            "eps": 0.65,
            "eps_growth_year": -28.57,
            "eps_4q": 3.02,
            "eps_4q_growth_year": -56.26,
            "roe": 2.97,
            "roe_4q": 14.61,
            "gross_profit": 64501,
            "gross_margin": 48.19,
            "gross_margin_4q_avg": 49.71,
            "net_income": 26251,
            "net_income_4q": null,
            "revenue": 133838,
            "revenue_4q": null,
            "common_shares": 403579,
            "book_valuer_per_share": 22.27,
            "book_valuer_per_share_4q_avg": 22.7,
            "equity": 898779,
            "current_ratio": 317.36,
            "debt_ratio": 13.38,
            "inventory_turnover_ratio": 2,
            "account_receivable_turnover_ratio": 1.22,
            "reinvestment_rate": null,
            "research_to_sale_ratio": 11.04,
            "price_fair": 60.35,
            "eps_avg_yearly": 5.37,
            "eps_latest_yearly": 2.6,
            "eps_growth_yearly": 1.25
        },
        "20102": {
            "year_quarter": 20102,
            "year": 2010,
            "quarter": 2,
            "eps": 0.5,
            "eps_growth_year": -43.08,
            "eps_4q": 2.73,
            "eps_4q_growth_year": -55.11,
            "roe": 2.44,
            "roe_4q": 13.69,
            "gross_profit": 65904,
            "gross_margin": 49.47,
            "gross_margin_4q_avg": 49.36,
            "net_income": 21126,
            "net_income_4q": null,
            "revenue": 133224,
            "revenue_4q": null,
            "common_shares": 403945,
            "book_valuer_per_share": 20.66,
            "book_valuer_per_share_4q_avg": 21.33,
            "equity": 834484,
            "current_ratio": 205.21,
            "debt_ratio": 20,
            "inventory_turnover_ratio": 1.4,
            "account_receivable_turnover_ratio": 1.32,
            "reinvestment_rate": 121.7,
            "research_to_sale_ratio": 9.97,
            "price_fair": 15.42,
            "eps_avg_yearly": 5.14,
            "eps_latest_yearly": 2,
            "eps_growth_yearly": -4.99
        },
        "20103": {
            "year_quarter": 20103,
            "year": 2010,
            "quarter": 3,
            "eps": 0.63,
            "eps_growth_year": -30.4,
            "eps_4q": 2.51,
            "eps_4q_growth_year": -36.62,
            "roe": 3.2,
            "roe_4q": 12.47,
            "gross_profit": 62425,
            "gross_margin": 45.41,
            "gross_margin_4q_avg": 48.07,
            "net_income": 27157,
            "net_income_4q": null,
            "revenue": 137458,
            "revenue_4q": null,
            "common_shares": 428773,
            "book_valuer_per_share": 20.15,
            "book_valuer_per_share_4q_avg": 21.17,
            "equity": 864178,
            "current_ratio": 279.41,
            "debt_ratio": 12.16,
            "inventory_turnover_ratio": 1.25,
            "account_receivable_turnover_ratio": 1.25,
            "reinvestment_rate": 92.8,
            "research_to_sale_ratio": 10.76,
            "price_fair": 58.84,
            "eps_avg_yearly": 4.98,
            "eps_latest_yearly": 2.52,
            "eps_growth_yearly": 1.82
        },
        "20104": {
            "year_quarter": 20104,
            "year": 2010,
            "quarter": 4,
            "eps": 0.22,
            "eps_growth_year": -73.69,
            "eps_4q": 1.95,
            "eps_4q_growth_year": -36.46,
            "roe": 1.06,
            "roe_4q": 9.67,
            "gross_profit": 58553,
            "gross_margin": 38.76,
            "gross_margin_4q_avg": 45.46,
            "net_income": 9270,
            "net_income_4q": null,
            "revenue": 151056,
            "revenue_4q": null,
            "common_shares": 429735,
            "book_valuer_per_share": 20.63,
            "book_valuer_per_share_4q_avg": 20.93,
            "equity": 886448,
            "current_ratio": 372.17,
            "debt_ratio": 34.14,
            "inventory_turnover_ratio": 1.39,
            "account_receivable_turnover_ratio": 1.27,
            "reinvestment_rate": 98.61,
            "research_to_sale_ratio": 9.16,
            "price_fair": 14.03,
            "eps_avg_yearly": 4.68,
            "eps_latest_yearly": 0.88,
            "eps_growth_yearly": -20.32
        },
        "20111": {
            "year_quarter": 20111,
            "year": 2011,
            "quarter": 1,
            "eps": 0.38,
            "eps_growth_year": -41.54,
            "eps_4q": 1.71,
            "eps_4q_growth_year": -43.27,
            "roe": 1.81,
            "roe_4q": 8.51,
            "gross_profit": 44068,
            "gross_margin": 37.02,
            "gross_margin_4q_avg": 42.67,
            "net_income": 16231,
            "net_income_4q": null,
            "revenue": 119044,
            "revenue_4q": null,
            "common_shares": 430505,
            "book_valuer_per_share": 21.04,
            "book_valuer_per_share_4q_avg": 20.62,
            "equity": 905673,
            "current_ratio": 387.76,
            "debt_ratio": 33.59,
            "inventory_turnover_ratio": 1.09,
            "account_receivable_turnover_ratio": 1.1,
            "reinvestment_rate": 97.28,
            "research_to_sale_ratio": 11.43,
            "price_fair": 59.06,
            "eps_avg_yearly": 4.49,
            "eps_latest_yearly": 1.52,
            "eps_growth_yearly": 3.15
        },
        "20112": {
            "year_quarter": 20112,
            "year": 2011,
            "quarter": 2,
            "eps": 0.35,
            "eps_growth_year": -28.78,
            "eps_4q": 1.54,
            "eps_4q_growth_year": -43.39,
            "roe": 1.74,
            "roe_4q": 7.81,
            "gross_profit": 61212,
            "gross_margin": 35.25,
            "gross_margin_4q_avg": 39.11,
            "net_income": 15579,
            "net_income_4q": null,
            "revenue": 173659,
            "revenue_4q": null,
            "common_shares": 441720,
            "book_valuer_per_share": 19.89,
            "book_valuer_per_share_4q_avg": 20.43,
            "equity": 889380,
            "current_ratio": 164.15,
            "debt_ratio": 40.23,
            "inventory_turnover_ratio": 1.15,
            "account_receivable_turnover_ratio": 1.13,
            "reinvestment_rate": 165.71,
            "research_to_sale_ratio": 8.49,
            "price_fair": 54.98,
            "eps_avg_yearly": 4.32,
            "eps_latest_yearly": 1.4,
            "eps_growth_yearly": 2.73
        },
        "20113": {
            "year_quarter": 20113,
            "year": 2011,
            "quarter": 3,
            "eps": 0.45,
            "eps_growth_year": -28.89,
            "eps_4q": 1.38,
            "eps_4q_growth_year": -45.13,
            "roe": 2.24,
            "roe_4q": 6.850000000000001,
            "gross_profit": 77199,
            "gross_margin": 31.29,
            "gross_margin_4q_avg": 35.58,
            "net_income": 20439,
            "net_income_4q": null,
            "revenue": 246760,
            "revenue_4q": null,
            "common_shares": 444127,
            "book_valuer_per_share": 20.85,
            "book_valuer_per_share_4q_avg": 20.6,
            "equity": 937777,
            "current_ratio": 193.94,
            "debt_ratio": 35.78,
            "inventory_turnover_ratio": 1.34,
            "account_receivable_turnover_ratio": 1.07,
            "reinvestment_rate": 171.16,
            "research_to_sale_ratio": 5.81,
            "price_fair": 49.1,
            "eps_avg_yearly": 4.09,
            "eps_latest_yearly": 1.8,
            "eps_growth_yearly": 2.02
        },
        "20114": {
            "year_quarter": 20114,
            "year": 2011,
            "quarter": 4,
            "eps": 0.44,
            "eps_growth_year": 105.28,
            "eps_4q": 1.61,
            "eps_4q_growth_year": -17.49,
            "roe": 2.16,
            "roe_4q": 7.950000000000001,
            "gross_profit": 70953,
            "gross_margin": 31.42,
            "gross_margin_4q_avg": 33.75,
            "net_income": 20457,
            "net_income_4q": null,
            "revenue": 225832,
            "revenue_4q": null,
            "common_shares": 444317,
            "book_valuer_per_share": 21.33,
            "book_valuer_per_share_4q_avg": 20.78,
            "equity": 960443,
            "current_ratio": 211.61,
            "debt_ratio": 35.26,
            "inventory_turnover_ratio": 1.22,
            "account_receivable_turnover_ratio": 0.93,
            "reinvestment_rate": 170.66,
            "research_to_sale_ratio": 5.96,
            "price_fair": 10.99,
            "eps_avg_yearly": 3.66,
            "eps_latest_yearly": 1.76,
            "eps_growth_yearly": -12.12
        },
        "20121": {
            "year_quarter": 20121,
            "year": 2012,
            "quarter": 1,
            "eps": 0.42,
            "eps_growth_year": 10.53,
            "eps_4q": 1.66,
            "eps_4q_growth_year": -3.15,
            "roe": 1.99,
            "roe_4q": 8.13,
            "gross_profit": 70826,
            "gross_margin": 30.15,
            "gross_margin_4q_avg": 32.03,
            "net_income": 19300,
            "net_income_4q": null,
            "revenue": 234878,
            "revenue_4q": null,
            "common_shares": 445106,
            "book_valuer_per_share": 21.63,
            "book_valuer_per_share_4q_avg": 20.93,
            "equity": 976010,
            "current_ratio": 265.23,
            "debt_ratio": 31.73,
            "inventory_turnover_ratio": 1.23,
            "account_receivable_turnover_ratio": 1.02,
            "reinvestment_rate": 179.14,
            "research_to_sale_ratio": 5.95,
            "price_fair": 10.18,
            "eps_avg_yearly": 3.39,
            "eps_latest_yearly": 1.68,
            "eps_growth_yearly": -5.86
        },
        "20122": {
            "year_quarter": 20122,
            "year": 2012,
            "quarter": 2,
            "eps": 0.84,
            "eps_growth_year": 139.04,
            "eps_4q": 2.15,
            "eps_4q_growth_year": 39.21,
            "roe": 3.97,
            "roe_4q": 10.360000000000001,
            "gross_profit": 98125,
            "gross_margin": 34.16,
            "gross_margin_4q_avg": 31.76,
            "net_income": 38557,
            "net_income_4q": null,
            "revenue": 287288,
            "revenue_4q": null,
            "common_shares": 445954,
            "book_valuer_per_share": 21.34,
            "book_valuer_per_share_4q_avg": 21.29,
            "equity": 965975,
            "current_ratio": 122.95,
            "debt_ratio": 35.47,
            "inventory_turnover_ratio": 1.45,
            "account_receivable_turnover_ratio": 1.2,
            "reinvestment_rate": 170.22,
            "research_to_sale_ratio": 5.73,
            "price_fair": 81.39,
            "eps_avg_yearly": 3.18,
            "eps_latest_yearly": 3.36,
            "eps_growth_yearly": 15.64
        },
        "20123": {
            "year_quarter": 20123,
            "year": 2012,
            "quarter": 3,
            "eps": 0.93,
            "eps_growth_year": 107.06,
            "eps_4q": 2.62,
            "eps_4q_growth_year": 90.82,
            "roe": 4.31,
            "roe_4q": 12.43,
            "gross_profit": 90468,
            "gross_margin": 31.2,
            "gross_margin_4q_avg": 31.73,
            "net_income": 42470,
            "net_income_4q": null,
            "revenue": 289944,
            "revenue_4q": null,
            "common_shares": 448608,
            "book_valuer_per_share": 22.09,
            "book_valuer_per_share_4q_avg": 21.6,
            "equity": 1005678,
            "current_ratio": 135.13,
            "debt_ratio": 32.57,
            "inventory_turnover_ratio": 1.68,
            "account_receivable_turnover_ratio": 1.07,
            "reinvestment_rate": 175.84,
            "research_to_sale_ratio": 4.69,
            "price_fair": 63.28,
            "eps_avg_yearly": 2.87,
            "eps_latest_yearly": 3.72,
            "eps_growth_yearly": 12.03
        },
        "20124": {
            "year_quarter": 20124,
            "year": 2012,
            "quarter": 4,
            "eps": 1,
            "eps_growth_year": 126.08,
            "eps_4q": 3.17,
            "eps_4q_growth_year": 97.32,
            "roe": 4.42,
            "roe_4q": 14.690000000000001,
            "gross_profit": 105838,
            "gross_margin": 36.63,
            "gross_margin_4q_avg": 33.04,
            "net_income": 45660,
            "net_income_4q": null,
            "revenue": 288936,
            "revenue_4q": null,
            "common_shares": 451123,
            "book_valuer_per_share": 23.17,
            "book_valuer_per_share_4q_avg": 22.06,
            "equity": 1060265,
            "current_ratio": 149.66,
            "debt_ratio": 31.52,
            "inventory_turnover_ratio": 1.59,
            "account_receivable_turnover_ratio": 0.97,
            "reinvestment_rate": 176.42,
            "research_to_sale_ratio": 5.46,
            "price_fair": 60.78,
            "eps_avg_yearly": 2.58,
            "eps_latest_yearly": 4,
            "eps_growth_yearly": 13.56
        },
        "20131": {
            "year_quarter": 20131,
            "year": 2013,
            "quarter": 1,
            "eps": 0.74,
            "eps_growth_year": 76.19,
            "eps_4q": 3.46,
            "eps_4q_growth_year": 108.42,
            "roe": 3.11,
            "roe_4q": 15.81,
            "gross_profit": 83896,
            "gross_margin": 34.09,
            "gross_margin_4q_avg": 34.02,
            "net_income": 34072,
            "net_income_4q": null,
            "revenue": 246097,
            "revenue_4q": null,
            "common_shares": 457293,
            "book_valuer_per_share": 24.31,
            "book_valuer_per_share_4q_avg": 22.73,
            "equity": 1127426,
            "current_ratio": 159.73,
            "debt_ratio": 30.49,
            "inventory_turnover_ratio": 1.27,
            "account_receivable_turnover_ratio": 0.86,
            "reinvestment_rate": 72.92,
            "research_to_sale_ratio": 5.98,
            "price_fair": 80.12,
            "eps_avg_yearly": 2.54,
            "eps_latest_yearly": 2.96,
            "eps_growth_yearly": 21.58
        },
        "20132": {
            "year_quarter": 20132,
            "year": 2013,
            "quarter": 2,
            "eps": 1.23,
            "eps_growth_year": 45.9,
            "eps_4q": 3.83,
            "eps_4q_growth_year": 78.06,
            "roe": 5.05,
            "roe_4q": 16.89,
            "gross_profit": 121782,
            "gross_margin": 40.11,
            "gross_margin_4q_avg": 35.51,
            "net_income": 56159,
            "net_income_4q": null,
            "revenue": 303584,
            "revenue_4q": null,
            "common_shares": 460243,
            "book_valuer_per_share": 23.42,
            "book_valuer_per_share_4q_avg": 23.25,
            "equity": 1094521,
            "current_ratio": 140.43,
            "debt_ratio": 35.87,
            "inventory_turnover_ratio": 1.25,
            "account_receivable_turnover_ratio": 1.02,
            "reinvestment_rate": 72.74,
            "research_to_sale_ratio": 5.72,
            "price_fair": 91.96,
            "eps_avg_yearly": 2.63,
            "eps_latest_yearly": 4.92,
            "eps_growth_yearly": 39.23
        },
        "20133": {
            "year_quarter": 20133,
            "year": 2013,
            "quarter": 3,
            "eps": 0.54,
            "eps_growth_year": -42.1,
            "eps_4q": 3.25,
            "eps_4q_growth_year": 23.77,
            "roe": 2.2,
            "roe_4q": 14.78,
            "gross_profit": 83508,
            "gross_margin": 33.52,
            "gross_margin_4q_avg": 36.09,
            "net_income": 26072,
            "net_income_4q": null,
            "revenue": 249138,
            "revenue_4q": null,
            "common_shares": 492583,
            "book_valuer_per_share": 25.31,
            "book_valuer_per_share_4q_avg": 24.05,
            "equity": 1272168,
            "current_ratio": 235.29,
            "debt_ratio": 20.34,
            "inventory_turnover_ratio": 1.06,
            "account_receivable_turnover_ratio": 0.83,
            "reinvestment_rate": 65.02,
            "research_to_sale_ratio": 6.92,
            "price_fair": 86.33,
            "eps_avg_yearly": 2.54,
            "eps_latest_yearly": 2.16,
            "eps_growth_yearly": 24.05
        },
        "20134": {
            "year_quarter": 20134,
            "year": 2013,
            "quarter": 4,
            "eps": 0.78,
            "eps_growth_year": -21.84,
            "eps_4q": 3.05,
            "eps_4q_growth_year": -3.81,
            "roe": 3.06,
            "roe_4q": 13.419999999999998,
            "gross_profit": 98985,
            "gross_margin": 34.46,
            "gross_margin_4q_avg": 35.55,
            "net_income": 40619,
            "net_income_4q": null,
            "revenue": 287226,
            "revenue_4q": null,
            "common_shares": 505592,
            "book_valuer_per_share": 26.74,
            "book_valuer_per_share_4q_avg": 24.95,
            "equity": 1378831,
            "current_ratio": 293.82,
            "debt_ratio": 17.69,
            "inventory_turnover_ratio": 1.14,
            "account_receivable_turnover_ratio": 0.97,
            "reinvestment_rate": 36.72,
            "research_to_sale_ratio": 5.98,
            "price_fair": 88.38,
            "eps_avg_yearly": 2.53,
            "eps_latest_yearly": 3.12,
            "eps_growth_yearly": 37.64
        },
        "20141": {
            "year_quarter": 20141,
            "year": 2014,
            "quarter": 1,
            "eps": 0.96,
            "eps_growth_year": 29.73,
            "eps_4q": 3.33,
            "eps_4q_growth_year": -3.78,
            "roe": 3.49,
            "roe_4q": 13.8,
            "gross_profit": 105184,
            "gross_margin": 36.71,
            "gross_margin_4q_avg": 36.2,
            "net_income": 49374,
            "net_income_4q": null,
            "revenue": 286518,
            "revenue_4q": null,
            "common_shares": 508732,
            "book_valuer_per_share": 27.91,
            "book_valuer_per_share_4q_avg": 25.85,
            "equity": 1448081,
            "current_ratio": 323.41,
            "debt_ratio": 16.88,
            "inventory_turnover_ratio": 1.03,
            "account_receivable_turnover_ratio": 0.91,
            "reinvestment_rate": 23.14,
            "research_to_sale_ratio": 5.9,
            "price_fair": 91.09,
            "eps_avg_yearly": 2.6,
            "eps_latest_yearly": 3.84,
            "eps_growth_yearly": 48.59
        },
        "20142": {
            "year_quarter": 20142,
            "year": 2014,
            "quarter": 2,
            "eps": 1.12,
            "eps_growth_year": -8.94,
            "eps_4q": 3.35,
            "eps_4q_growth_year": -12.57,
            "roe": 4.12,
            "roe_4q": 12.870000000000001,
            "gross_profit": 130379,
            "gross_margin": 39.39,
            "gross_margin_4q_avg": 36.02,
            "net_income": 58035,
            "net_income_4q": null,
            "revenue": 330959,
            "revenue_4q": null,
            "common_shares": 509892,
            "book_valuer_per_share": 26.34,
            "book_valuer_per_share_4q_avg": 26.58,
            "equity": 1371861,
            "current_ratio": 236.25,
            "debt_ratio": 23.4,
            "inventory_turnover_ratio": 1.17,
            "account_receivable_turnover_ratio": 1.01,
            "reinvestment_rate": 16.92,
            "research_to_sale_ratio": 6.6,
            "price_fair": 96.51,
            "eps_avg_yearly": 2.76,
            "eps_latest_yearly": 4.48,
            "eps_growth_yearly": 58.53
        },
        "20143": {
            "year_quarter": 20143,
            "year": 2014,
            "quarter": 3,
            "eps": 0.68,
            "eps_growth_year": 25.93,
            "eps_4q": 3.52,
            "eps_4q_growth_year": 8.34,
            "roe": 2.38,
            "roe_4q": 13.05,
            "gross_profit": 104094,
            "gross_margin": 32.51,
            "gross_margin_4q_avg": 35.77,
            "net_income": 33226,
            "net_income_4q": null,
            "revenue": 320223,
            "revenue_4q": null,
            "common_shares": 510132,
            "book_valuer_per_share": 27.19,
            "book_valuer_per_share_4q_avg": 27.05,
            "equity": 1415084,
            "current_ratio": 298.3,
            "debt_ratio": 18.12,
            "inventory_turnover_ratio": 1.39,
            "account_receivable_turnover_ratio": 0.95,
            "reinvestment_rate": 9.56,
            "research_to_sale_ratio": 8.47,
            "price_fair": 96.95,
            "eps_avg_yearly": 2.77,
            "eps_latest_yearly": 2.72,
            "eps_growth_yearly": 42.2
        },
        "20144": {
            "year_quarter": 20144,
            "year": 2014,
            "quarter": 4,
            "eps": 0.81,
            "eps_growth_year": 3.96,
            "eps_4q": 3.56,
            "eps_4q_growth_year": 16.41,
            "roe": 2.84,
            "roe_4q": 12.83,
            "gross_profit": 116596,
            "gross_margin": 36.68,
            "gross_margin_4q_avg": 36.32,
            "net_income": 41139,
            "net_income_4q": null,
            "revenue": 317879,
            "revenue_4q": null,
            "common_shares": 510522,
            "book_valuer_per_share": 28.39,
            "book_valuer_per_share_4q_avg": 27.46,
            "equity": 1478009,
            "current_ratio": 275.61,
            "debt_ratio": 19.81,
            "inventory_turnover_ratio": 1.42,
            "account_receivable_turnover_ratio": 0.94,
            "reinvestment_rate": 13.44,
            "research_to_sale_ratio": 7.31,
            "price_fair": 102.11,
            "eps_avg_yearly": 2.92,
            "eps_latest_yearly": 3.24,
            "eps_growth_yearly": 63.25
        },
        "20151": {
            "year_quarter": 20151,
            "year": 2015,
            "quarter": 1,
            "eps": 0.85,
            "eps_growth_year": -11.46,
            "eps_4q": 3.43,
            "eps_4q_growth_year": 3.18,
            "roe": 2.95,
            "roe_4q": 12.29,
            "gross_profit": 123229,
            "gross_margin": 40.86,
            "gross_margin_4q_avg": 37.36,
            "net_income": 44359,
            "net_income_4q": null,
            "revenue": 301617,
            "revenue_4q": null,
            "common_shares": 513262,
            "book_valuer_per_share": 29.17,
            "book_valuer_per_share_4q_avg": 27.77,
            "equity": 1526620,
            "current_ratio": 303.46,
            "debt_ratio": 18.41,
            "inventory_turnover_ratio": 1.33,
            "account_receivable_turnover_ratio": 0.87,
            "reinvestment_rate": 14.28,
            "research_to_sale_ratio": 7.36,
            "price_fair": 106.23,
            "eps_avg_yearly": 3.04,
            "eps_latest_yearly": 3.4,
            "eps_growth_yearly": 46.31
        },
        "20152": {
            "year_quarter": 20152,
            "year": 2015,
            "quarter": 2,
            "eps": 1.24,
            "eps_growth_year": 10.71,
            "eps_4q": 3.55,
            "eps_4q_growth_year": 6.16,
            "roe": 4.24,
            "roe_4q": 12.41,
            "gross_profit": 148791,
            "gross_margin": 40.32,
            "gross_margin_4q_avg": 37.59,
            "net_income": 66142,
            "net_income_4q": null,
            "revenue": 369000,
            "revenue_4q": null,
            "common_shares": 514312,
            "book_valuer_per_share": 27.15,
            "book_valuer_per_share_4q_avg": 27.98,
            "equity": 1589873,
            "current_ratio": 227.45,
            "debt_ratio": 27.45,
            "inventory_turnover_ratio": 1.66,
            "account_receivable_turnover_ratio": 1.01,
            "reinvestment_rate": -47.56,
            "research_to_sale_ratio": 7.65,
            "price_fair": 114.01,
            "eps_avg_yearly": 3.26,
            "eps_latest_yearly": 4.96,
            "eps_growth_yearly": 59.75
        },
        "20153": {
            "year_quarter": 20153,
            "year": 2015,
            "quarter": 3,
            "eps": 1.49,
            "eps_growth_year": 119.12,
            "eps_4q": 4.37,
            "eps_4q_growth_year": 24.29,
            "roe": 5.4,
            "roe_4q": 15.43,
            "gross_profit": 160644,
            "gross_margin": 41.77,
            "gross_margin_4q_avg": 39.91,
            "net_income": 88952,
            "net_income_4q": null,
            "revenue": 384576,
            "revenue_4q": null,
            "common_shares": 514572,
            "book_valuer_per_share": 28.97,
            "book_valuer_per_share_4q_avg": 28.42,
            "equity": 1703278,
            "current_ratio": 260.85,
            "debt_ratio": 24.64,
            "inventory_turnover_ratio": 1.68,
            "account_receivable_turnover_ratio": 0.99,
            "reinvestment_rate": -46.61,
            "research_to_sale_ratio": 7.05,
            "price_fair": 123.11,
            "eps_avg_yearly": 3.52,
            "eps_latest_yearly": 5.96,
            "eps_growth_yearly": 57.65
        },
        "20154": {
            "year_quarter": 20154,
            "year": 2015,
            "quarter": 4,
            "eps": 0.94,
            "eps_growth_year": 15.33,
            "eps_4q": 4.5,
            "eps_4q_growth_year": 26.67,
            "roe": 2.86,
            "roe_4q": 15.45,
            "gross_profit": 128269,
            "gross_margin": 34.91,
            "gross_margin_4q_avg": 39.47,
            "net_income": 50593,
            "net_income_4q": null,
            "revenue": 367380,
            "revenue_4q": null,
            "common_shares": 514872,
            "book_valuer_per_share": 29.87,
            "book_valuer_per_share_4q_avg": 28.79,
            "equity": 1837453,
            "current_ratio": 243.57,
            "debt_ratio": 24.1,
            "inventory_turnover_ratio": 1.55,
            "account_receivable_turnover_ratio": 0.95,
            "reinvestment_rate": -26.51,
            "research_to_sale_ratio": 6.79,
            "price_fair": 127.49,
            "eps_avg_yearly": 3.64,
            "eps_latest_yearly": 3.76,
            "eps_growth_yearly": 48.98
        },
        "20161": {
            "year_quarter": 20161,
            "year": 2016,
            "quarter": 1,
            "eps": 0.71,
            "eps_growth_year": -16.47,
            "eps_4q": 4.37,
            "eps_4q_growth_year": 27.2,
            "roe": 1.96,
            "roe_4q": 14.46,
            "gross_profit": 118581,
            "gross_margin": 33.65,
            "gross_margin_4q_avg": 37.66,
            "net_income": 36342,
            "net_income_4q": null,
            "revenue": 352401,
            "revenue_4q": null,
            "common_shares": 515812,
            "book_valuer_per_share": 30.45,
            "book_valuer_per_share_4q_avg": 29.11,
            "equity": 1865080,
            "current_ratio": 257.56,
            "debt_ratio": 22.74,
            "inventory_turnover_ratio": 1.32,
            "account_receivable_turnover_ratio": 0.91,
            "reinvestment_rate": -29.64,
            "research_to_sale_ratio": 5.76,
            "price_fair": 130.03,
            "eps_avg_yearly": 3.72,
            "eps_latest_yearly": 2.84,
            "eps_growth_yearly": 44
        },
        "20162": {
            "year_quarter": 20162,
            "year": 2016,
            "quarter": 2,
            "eps": 1,
            "eps_growth_year": -19.35,
            "eps_4q": 4.14,
            "eps_4q_growth_year": 16.47,
            "roe": 3.14,
            "roe_4q": 13.36,
            "gross_profit": 124667,
            "gross_margin": 32.33,
            "gross_margin_4q_avg": 35.67,
            "net_income": 55517,
            "net_income_4q": null,
            "revenue": 385651,
            "revenue_4q": null,
            "common_shares": 515812,
            "book_valuer_per_share": 27.05,
            "book_valuer_per_share_4q_avg": 29.09,
            "equity": 1670574,
            "current_ratio": 184.9,
            "debt_ratio": 31.67,
            "inventory_turnover_ratio": 1.57,
            "account_receivable_turnover_ratio": 0.97,
            "reinvestment_rate": -31.58,
            "research_to_sale_ratio": 5.9,
            "price_fair": 131.43,
            "eps_avg_yearly": 3.76,
            "eps_latest_yearly": 4,
            "eps_growth_yearly": 29.21
        },
        "20163": {
            "year_quarter": 20163,
            "year": 2016,
            "quarter": 3,
            "eps": 1.01,
            "eps_growth_year": -32.21,
            "eps_4q": 3.66,
            "eps_4q_growth_year": -16.29,
            "roe": 3.32,
            "roe_4q": 11.28,
            "gross_profit": 138039,
            "gross_margin": 37.42,
            "gross_margin_4q_avg": 34.58,
            "net_income": 56030,
            "net_income_4q": null,
            "revenue": 368917,
            "revenue_4q": null,
            "common_shares": 515812,
            "book_valuer_per_share": 27.79,
            "book_valuer_per_share_4q_avg": 28.79,
            "equity": 1703608,
            "current_ratio": 233.8,
            "debt_ratio": 22.69,
            "inventory_turnover_ratio": 1.67,
            "account_receivable_turnover_ratio": 0.97,
            "reinvestment_rate": -29.53,
            "research_to_sale_ratio": 5.74,
            "price_fair": 132.13,
            "eps_avg_yearly": 3.78,
            "eps_latest_yearly": 4.04,
            "eps_growth_yearly": 26.78
        },
        "20164": {
            "year_quarter": 20164,
            "year": 2016,
            "quarter": 4,
            "eps": 1.55,
            "eps_growth_year": 64.99,
            "eps_4q": 4.27,
            "eps_4q_growth_year": -5.12,
            "roe": 5.09,
            "roe_4q": 13.510000000000002,
            "gross_profit": 166275,
            "gross_margin": 40.62,
            "gross_margin_4q_avg": 36.01,
            "net_income": 88892,
            "net_income_4q": null,
            "revenue": 409383,
            "revenue_4q": null,
            "common_shares": 515812,
            "book_valuer_per_share": 29.38,
            "book_valuer_per_share_4q_avg": 28.67,
            "equity": 1790978,
            "current_ratio": 240.69,
            "debt_ratio": 23.13,
            "inventory_turnover_ratio": 1.81,
            "account_receivable_turnover_ratio": 1.1,
            "reinvestment_rate": -28.17,
            "research_to_sale_ratio": 6.9,
            "price_fair": 136.94,
            "eps_avg_yearly": 3.91,
            "eps_latest_yearly": 6.2,
            "eps_growth_yearly": 38.26
        },
        "20171": {
            "year_quarter": 20171,
            "year": 2017,
            "quarter": 1,
            "eps": 1.16,
            "eps_growth_year": 63.38,
            "eps_4q": 4.72,
            "eps_4q_growth_year": 8,
            "roe": 3.67,
            "roe_4q": 15.22,
            "gross_profit": 166034,
            "gross_margin": 41.86,
            "gross_margin_4q_avg": 38.06,
            "net_income": 66392,
            "net_income_4q": null,
            "revenue": 396662,
            "revenue_4q": null,
            "common_shares": 515812,
            "book_valuer_per_share": 30.19,
            "book_valuer_per_share_4q_avg": 28.6,
            "equity": 1824940,
            "current_ratio": 235.82,
            "debt_ratio": 22.94,
            "inventory_turnover_ratio": 1.72,
            "account_receivable_turnover_ratio": 0.97,
            "reinvestment_rate": 30.6,
            "research_to_sale_ratio": 6.3,
            "price_fair": 140.61,
            "eps_avg_yearly": 4.02,
            "eps_latest_yearly": 4.64,
            "eps_growth_yearly": 38.47
        },
        "20172": {
            "year_quarter": 20172,
            "year": 2017,
            "quarter": 2,
            "eps": 1.52,
            "eps_growth_year": 52,
            "eps_4q": 5.24,
            "eps_4q_growth_year": 26.53,
            "roe": 4.74,
            "roe_4q": 16.82,
            "gross_profit": 180693,
            "gross_margin": 42.14,
            "gross_margin_4q_avg": 40.51,
            "net_income": 83768,
            "net_income_4q": null,
            "revenue": 428815,
            "revenue_4q": null,
            "common_shares": 515812,
            "book_valuer_per_share": 27.89,
            "book_valuer_per_share_4q_avg": 28.81,
            "equity": 1712960,
            "current_ratio": 181.19,
            "debt_ratio": 30.52,
            "inventory_turnover_ratio": 2.03,
            "account_receivable_turnover_ratio": 0.97,
            "reinvestment_rate": 27.82,
            "research_to_sale_ratio": 7.26,
            "price_fair": 143.15,
            "eps_avg_yearly": 4.09,
            "eps_latest_yearly": 6.08,
            "eps_growth_yearly": 29.68
        },
        "20173": {
            "year_quarter": 20173,
            "year": 2017,
            "quarter": 3,
            "eps": 0.64,
            "eps_growth_year": -36.63,
            "eps_4q": 4.87,
            "eps_4q_growth_year": 32.94,
            "roe": 2.03,
            "roe_4q": 15.53,
            "gross_profit": 117875,
            "gross_margin": 34.27,
            "gross_margin_4q_avg": 39.72,
            "net_income": 35314,
            "net_income_4q": null,
            "revenue": 343949,
            "revenue_4q": null,
            "common_shares": 515812,
            "book_valuer_per_share": 28.65,
            "book_valuer_per_share_4q_avg": 29.03,
            "equity": 1757805,
            "current_ratio": 196.08,
            "debt_ratio": 28.24,
            "inventory_turnover_ratio": 1.95,
            "account_receivable_turnover_ratio": 0.78,
            "reinvestment_rate": 28.16,
            "research_to_sale_ratio": 7.59,
            "price_fair": 144.03,
            "eps_avg_yearly": 4.12,
            "eps_latest_yearly": 2.56,
            "eps_growth_yearly": 29.23
        },
        "20174": {
            "year_quarter": 20174,
            "year": 2017,
            "quarter": 4,
            "eps": 0.29,
            "eps_growth_year": -81.23,
            "eps_4q": 3.61,
            "eps_4q_growth_year": -15.51,
            "roe": 1.1,
            "roe_4q": 11.54,
            "gross_profit": 105468,
            "gross_margin": 33.69,
            "gross_margin_4q_avg": 37.99,
            "net_income": 19764,
            "net_income_4q": null,
            "revenue": 313088,
            "revenue_4q": null,
            "common_shares": 515812,
            "book_valuer_per_share": 28.98,
            "book_valuer_per_share_4q_avg": 28.93,
            "equity": 1832827,
            "current_ratio": 187.18,
            "debt_ratio": 27.97,
            "inventory_turnover_ratio": 1.53,
            "account_receivable_turnover_ratio": 0.83,
            "reinvestment_rate": 36.95,
            "research_to_sale_ratio": 8.23,
            "price_fair": 57.67,
            "eps_avg_yearly": 3.99,
            "eps_latest_yearly": 1.16,
            "eps_growth_yearly": 4.44
        },
        "20181": {
            "year_quarter": 20181,
            "year": 2018,
            "quarter": 1,
            "eps": 0.58,
            "eps_growth_year": -50,
            "eps_4q": 2.8,
            "eps_4q_growth_year": -40.73,
            "roe": 1.7,
            "roe_4q": 9.57,
            "gross_profit": 136309,
            "gross_margin": 32.76,
            "gross_margin_4q_avg": 35.72,
            "net_income": 34208,
            "net_income_4q": null,
            "revenue": 416049,
            "revenue_4q": null,
            "common_shares": 560812,
            "book_valuer_per_share": 32.89,
            "book_valuer_per_share_4q_avg": 29.6,
            "equity": 2198218,
            "current_ratio": 241.96,
            "debt_ratio": 24.16,
            "inventory_turnover_ratio": 1.61,
            "account_receivable_turnover_ratio": 1.12,
            "reinvestment_rate": 25.43,
            "research_to_sale_ratio": 6.31,
            "price_fair": 131.25,
            "eps_avg_yearly": 3.9,
            "eps_latest_yearly": 2.32,
            "eps_growth_yearly": 23.68
        },
        "20182": {
            "year_quarter": 20182,
            "year": 2018,
            "quarter": 2,
            "eps": 1.44,
            "eps_growth_year": -5.26,
            "eps_4q": 2.84,
            "eps_4q_growth_year": -45.79,
            "roe": 4.61,
            "roe_4q": 9.44,
            "gross_profit": 160091,
            "gross_margin": 33.73,
            "gross_margin_4q_avg": 33.61,
            "net_income": 98423,
            "net_income_4q": null,
            "revenue": 474673,
            "revenue_4q": null,
            "common_shares": 560812,
            "book_valuer_per_share": 30.67,
            "book_valuer_per_share_4q_avg": 30.3,
            "equity": 2075520,
            "current_ratio": 195.54,
            "debt_ratio": 29.79,
            "inventory_turnover_ratio": 1.64,
            "account_receivable_turnover_ratio": 1,
            "reinvestment_rate": 29.47,
            "research_to_sale_ratio": 6.4,
            "price_fair": 139.21,
            "eps_avg_yearly": 3.98,
            "eps_latest_yearly": 5.76,
            "eps_growth_yearly": 56.58
        },
        "20183": {
            "year_quarter": 20183,
            "year": 2018,
            "quarter": 3,
            "eps": 0.89,
            "eps_growth_year": 39.06,
            "eps_4q": 3.14,
            "eps_4q_growth_year": -35.41,
            "roe": 2.96,
            "roe_4q": 10.37,
            "gross_profit": 158169,
            "gross_margin": 35.8,
            "gross_margin_4q_avg": 34,
            "net_income": 62024,
            "net_income_4q": null,
            "revenue": 441751,
            "revenue_4q": null,
            "common_shares": 560812,
            "book_valuer_per_share": 31.37,
            "book_valuer_per_share_4q_avg": 30.98,
            "equity": 2119086,
            "current_ratio": 241.33,
            "debt_ratio": 23.32,
            "inventory_turnover_ratio": 1.49,
            "account_receivable_turnover_ratio": 0.8,
            "reinvestment_rate": 27.49,
            "research_to_sale_ratio": 5.96,
            "price_fair": 141.05,
            "eps_avg_yearly": 4.03,
            "eps_latest_yearly": 3.56,
            "eps_growth_yearly": 56.85
        },
        "20184": {
            "year_quarter": 20184,
            "year": 2018,
            "quarter": 4,
            "eps": 1.05,
            "eps_growth_year": 261.27,
            "eps_4q": 3.9,
            "eps_4q_growth_year": 7.99,
            "roe": 3.04,
            "roe_4q": 12.309999999999999,
            "gross_profit": 177319,
            "gross_margin": 41.8,
            "gross_margin_4q_avg": 36.02,
            "net_income": 66093,
            "net_income_4q": null,
            "revenue": 424191,
            "revenue_4q": null,
            "common_shares": 566223,
            "book_valuer_per_share": 32.73,
            "book_valuer_per_share_4q_avg": 31.92,
            "equity": 2222010,
            "current_ratio": 297.87,
            "debt_ratio": 19.11,
            "inventory_turnover_ratio": 1.3,
            "account_receivable_turnover_ratio": 0.78,
            "reinvestment_rate": 20.27,
            "research_to_sale_ratio": 8.04,
            "price_fair": 143.15,
            "eps_avg_yearly": 4.09,
            "eps_latest_yearly": 4.2,
            "eps_growth_yearly": 56.57
        },
        "20191": {
            "year_quarter": 20191,
            "year": 2019,
            "quarter": 1,
            "eps": 1.09,
            "eps_growth_year": 87.93,
            "eps_4q": 4.44,
            "eps_4q_growth_year": 58.89,
            "roe": 3.15,
            "roe_4q": 13.759999999999998,
            "gross_profit": 173529,
            "gross_margin": 38.57,
            "gross_margin_4q_avg": 37.48,
            "net_income": 71344,
            "net_income_4q": null,
            "revenue": 449923,
            "revenue_4q": null,
            "common_shares": 566993,
            "book_valuer_per_share": 33.98,
            "book_valuer_per_share_4q_avg": 32.19,
            "equity": 2310230,
            "current_ratio": 279.47,
            "debt_ratio": 21.33,
            "inventory_turnover_ratio": 1.26,
            "account_receivable_turnover_ratio": 0.81,
            "reinvestment_rate": 22,
            "research_to_sale_ratio": 6.42,
            "price_fair": 145.25,
            "eps_avg_yearly": 4.15,
            "eps_latest_yearly": 4.36,
            "eps_growth_yearly": 56.28
        },
        "20192": {
            "year_quarter": 20192,
            "year": 2019,
            "quarter": 2,
            "eps": 1.43,
            "eps_growth_year": -0.69,
            "eps_4q": 4.19,
            "eps_4q_growth_year": 47.64,
            "roe": 4.23,
            "roe_4q": 13.380000000000003,
            "gross_profit": 219772,
            "gross_margin": 40.3,
            "gross_margin_4q_avg": 39.12,
            "net_income": 95602,
            "net_income_4q": null,
            "revenue": 545281,
            "revenue_4q": null,
            "common_shares": 567338,
            "book_valuer_per_share": 32.11,
            "book_valuer_per_share_4q_avg": 32.55,
            "equity": 2212546,
            "current_ratio": 212.44,
            "debt_ratio": 28.99,
            "inventory_turnover_ratio": 1.32,
            "account_receivable_turnover_ratio": 0.84,
            "reinvestment_rate": 23.16,
            "research_to_sale_ratio": 6.74,
            "price_fair": 146.91,
            "eps_avg_yearly": 4.2,
            "eps_latest_yearly": 5.72,
            "eps_growth_yearly": 52.61
        },
        "20193": {
            "year_quarter": 20193,
            "year": 2019,
            "quarter": 3,
            "eps": 1.4,
            "eps_growth_year": 57.3,
            "eps_4q": 4.76,
            "eps_4q_growth_year": 51.36,
            "roe": 5.53,
            "roe_4q": 15.950000000000003,
            "gross_profit": 153828,
            "gross_margin": 36.76,
            "gross_margin_4q_avg": 39.36,
            "net_income": 124396,
            "net_income_4q": null,
            "revenue": 418455,
            "revenue_4q": null,
            "common_shares": 601517,
            "book_valuer_per_share": 31.52,
            "book_valuer_per_share_4q_avg": 32.59,
            "equity": 2285543,
            "current_ratio": 243.3,
            "debt_ratio": 24.41,
            "inventory_turnover_ratio": 1.18,
            "account_receivable_turnover_ratio": 0.61,
            "reinvestment_rate": 29.72,
            "research_to_sale_ratio": 7.4,
            "price_fair": 146.13,
            "eps_avg_yearly": 4.18,
            "eps_latest_yearly": 5.6,
            "eps_growth_yearly": 47.05
        },
        "20194": {
            "year_quarter": 20194,
            "year": 2019,
            "quarter": 4,
            "eps": 0.38,
            "eps_growth_year": -63.44,
            "eps_4q": 4.12,
            "eps_4q_growth_year": 5.67,
            "roe": 1.29,
            "roe_4q": 14.200000000000001,
            "gross_profit": 132336,
            "gross_margin": 38.88,
            "gross_margin_4q_avg": 38.63,
            "net_income": 29917,
            "net_income_4q": null,
            "revenue": 340406,
            "revenue_4q": null,
            "common_shares": 607118,
            "book_valuer_per_share": 32.31,
            "book_valuer_per_share_4q_avg": 32.48,
            "equity": 2354912,
            "current_ratio": 301.24,
            "debt_ratio": 19.31,
            "inventory_turnover_ratio": 1.04,
            "account_receivable_turnover_ratio": 0.6,
            "reinvestment_rate": 16.6,
            "research_to_sale_ratio": 9.88,
            "price_fair": 141.23,
            "eps_avg_yearly": 4.04,
            "eps_latest_yearly": 1.52,
            "eps_growth_yearly": 38.06
        },
        "20201": {
            "year_quarter": 20201,
            "year": 2020,
            "quarter": 1,
            "eps": -0.08,
            "eps_growth_year": -107.34,
            "eps_4q": 3.01,
            "eps_4q_growth_year": -32.15,
            "roe": -0.12,
            "roe_4q": 10.93,
            "gross_profit": 100750,
            "gross_margin": 36.55,
            "gross_margin_4q_avg": 38.12,
            "net_income": -2774,
            "net_income_4q": null,
            "revenue": 275619,
            "revenue_4q": null,
            "common_shares": 608518,
            "book_valuer_per_share": 32.05,
            "book_valuer_per_share_4q_avg": 32,
            "equity": 2346053,
            "current_ratio": 279.41,
            "debt_ratio": 21.24,
            "inventory_turnover_ratio": 0.85,
            "account_receivable_turnover_ratio": 0.59,
            "reinvestment_rate": 16.07,
            "research_to_sale_ratio": 9.87,
            "price_fair": 144.01,
            "eps_avg_yearly": 4.11,
            "eps_latest_yearly": 1.52,
            "eps_growth_yearly": 47.12
        },
        "20202": {
            "year_quarter": 20202,
            "year": 2020,
            "quarter": 2,
            "eps": 1.43,
            "eps_growth_year": 0,
            "eps_4q": 3.11,
            "eps_4q_growth_year": -25.87,
            "roe": 4.5,
            "roe_4q": 11.2,
            "gross_profit": 173121,
            "gross_margin": 40.49,
            "gross_margin_4q_avg": 38.17,
            "net_income": 101668,
            "net_income_4q": null,
            "revenue": 427549,
            "revenue_4q": null,
            "common_shares": 608638,
            "book_valuer_per_share": 29.75,
            "book_valuer_per_share_4q_avg": 31.41,
            "equity": 2174384,
            "current_ratio": 198.45,
            "debt_ratio": 29.83,
            "inventory_turnover_ratio": 1.14,
            "account_receivable_turnover_ratio": 0.9,
            "reinvestment_rate": 14.66,
            "research_to_sale_ratio": 8.33,
            "price_fair": 144.3,
            "eps_avg_yearly": 4.12,
            "eps_latest_yearly": 1.52,
            "eps_growth_yearly": 38.82
        },
        "20203": {
            "year_quarter": 20203,
            "year": 2020,
            "quarter": 3,
            "eps": 0.45,
            "eps_growth_year": -67.86,
            "eps_4q": 2.17,
            "eps_4q_growth_year": -54.4,
            "roe": 1.52,
            "roe_4q": 7.1899999999999995,
            "gross_profit": 145791,
            "gross_margin": 37.5,
            "gross_margin_4q_avg": 38.36,
            "net_income": 33421,
            "net_income_4q": null,
            "revenue": 388778,
            "revenue_4q": null,
            "common_shares": 608718,
            "book_valuer_per_share": 30.32,
            "book_valuer_per_share_4q_avg": 31.11,
            "equity": 2219251,
            "current_ratio": 213.62,
            "debt_ratio": 27.43,
            "inventory_turnover_ratio": 1.09,
            "account_receivable_turnover_ratio": 0.82,
            "reinvestment_rate": 11.83,
            "research_to_sale_ratio": 9.13,
            "price_fair": 114.73,
            "eps_avg_yearly": 3.96,
            "eps_latest_yearly": 1.8,
            "eps_growth_yearly": 18.95
        },
        "20204": {
            "year_quarter": 20204,
            "year": 2020,
            "quarter": 4,
            "eps": 0.25,
            "eps_growth_year": -35.39,
            "eps_4q": 2,
            "eps_4q_growth_year": -51.5,
            "roe": 1.05,
            "roe_4q": 6.95,
            "gross_profit": 136554,
            "gross_margin": 35.06,
            "gross_margin_4q_avg": 37.4,
            "net_income": 23847,
            "net_income_4q": null,
            "revenue": 389529,
            "revenue_4q": null,
            "common_shares": 621586,
            "book_valuer_per_share": 30.9,
            "book_valuer_per_share_4q_avg": 30.76,
            "equity": 2310741,
            "current_ratio": 223.43,
            "debt_ratio": 27.6,
            "inventory_turnover_ratio": 1.19,
            "account_receivable_turnover_ratio": 0.86,
            "reinvestment_rate": 9.12,
            "research_to_sale_ratio": 8.44,
            "price_fair": 10.77,
            "eps_avg_yearly": 3.59,
            "eps_latest_yearly": 1,
            "eps_growth_yearly": -9.02
        },
        "20211": {
            "year_quarter": 20211,
            "year": 2021,
            "quarter": 1,
            "eps": 0.45,
            "eps_growth_year": null,
            "eps_4q": 2.53,
            "eps_4q_growth_year": -16.09,
            "roe": 1.66,
            "roe_4q": 8.73,
            "gross_profit": 125824,
            "gross_margin": 34.37,
            "gross_margin_4q_avg": 36.86,
            "net_income": 38696,
            "net_income_4q": null,
            "revenue": 366081,
            "revenue_4q": null,
            "common_shares": 621586,
            "book_valuer_per_share": 31.29,
            "book_valuer_per_share_4q_avg": 30.57,
            "equity": 2344447,
            "current_ratio": 296.86,
            "debt_ratio": 20.34,
            "inventory_turnover_ratio": 1.17,
            "account_receivable_turnover_ratio": 0.78,
            "reinvestment_rate": 0.97,
            "research_to_sale_ratio": 7.96,
            "price_fair": 105.13,
            "eps_avg_yearly": 3.39,
            "eps_latest_yearly": 1.8,
            "eps_growth_yearly": 21.02
        },
        "20212": {
            "year_quarter": 20212,
            "year": 2021,
            "quarter": 2,
            "eps": 1.59,
            "eps_growth_year": 11.19,
            "eps_4q": 2.72,
            "eps_4q_growth_year": -12.36,
            "roe": 4.66,
            "roe_4q": 8.89,
            "gross_profit": 152995,
            "gross_margin": 37.55,
            "gross_margin_4q_avg": 36.12,
            "net_income": 109713,
            "net_income_4q": null,
            "revenue": 407423,
            "revenue_4q": null,
            "common_shares": 621586,
            "book_valuer_per_share": 32.11,
            "book_valuer_per_share_4q_avg": 31.16,
            "equity": 2368228,
            "current_ratio": 231.78,
            "debt_ratio": 27.22,
            "inventory_turnover_ratio": 1.19,
            "account_receivable_turnover_ratio": 0.89,
            "reinvestment_rate": -6.57,
            "research_to_sale_ratio": 9.08,
            "price_fair": 119.3,
            "eps_avg_yearly": 3.41,
            "eps_latest_yearly": 6.36,
            "eps_growth_yearly": 84.54
        },
        "20213": {
            "year_quarter": 20213,
            "year": 2021,
            "quarter": 3,
            "eps": 0.89,
            "eps_growth_year": 97.78,
            "eps_4q": 3.18,
            "eps_4q_growth_year": 46.36,
            "roe": 2.98,
            "roe_4q": 10.350000000000001,
            "gross_profit": 182309,
            "gross_margin": 38.09,
            "gross_margin_4q_avg": 36.27,
            "net_income": 69222,
            "net_income_4q": null,
            "revenue": 478643,
            "revenue_4q": null,
            "common_shares": 621586,
            "book_valuer_per_share": 30.52,
            "book_valuer_per_share_4q_avg": 31.21,
            "equity": 2271562,
            "current_ratio": 207.6,
            "debt_ratio": 30.64,
            "inventory_turnover_ratio": 1.29,
            "account_receivable_turnover_ratio": 0.98,
            "reinvestment_rate": -8.58,
            "research_to_sale_ratio": 8.01,
            "price_fair": 121.8,
            "eps_avg_yearly": 3.48,
            "eps_latest_yearly": 3.56,
            "eps_growth_yearly": 88.5
        },
        "20214": {
            "year_quarter": 20214,
            "year": 2021,
            "quarter": 4,
            "eps": 0.88,
            "eps_growth_year": 254.69,
            "eps_4q": 3.81,
            "eps_4q_growth_year": 90.54,
            "roe": 2.79,
            "roe_4q": 12.09,
            "gross_profit": 194188,
            "gross_margin": 38.36,
            "gross_margin_4q_avg": 37.09,
            "net_income": 64959,
            "net_income_4q": null,
            "revenue": 506242,
            "revenue_4q": null,
            "common_shares": 621586,
            "book_valuer_per_share": 32.05,
            "book_valuer_per_share_4q_avg": 31.49,
            "equity": 2379746,
            "current_ratio": 202.2,
            "debt_ratio": 32.59,
            "inventory_turnover_ratio": 1.19,
            "account_receivable_turnover_ratio": 0.9,
            "reinvestment_rate": -15.94,
            "research_to_sale_ratio": 8.21,
            "price_fair": 127.7,
            "eps_avg_yearly": 3.65,
            "eps_latest_yearly": 3.52,
            "eps_growth_yearly": 103.8
        },
        "20221": {
            "year_quarter": 20221,
            "year": 2022,
            "quarter": 1,
            "eps": 0.71,
            "eps_growth_year": 57.78,
            "eps_4q": 4.07,
            "eps_4q_growth_year": 60.99,
            "roe": 2.22,
            "roe_4q": 12.65,
            "gross_profit": 158357,
            "gross_margin": 35.83,
            "gross_margin_4q_avg": 37.46,
            "net_income": 53705,
            "net_income_4q": null,
            "revenue": 441990,
            "revenue_4q": null,
            "common_shares": 621586,
            "book_valuer_per_share": 32.93,
            "book_valuer_per_share_4q_avg": 31.9,
            "equity": 2456324,
            "current_ratio": 235.53,
            "debt_ratio": 28.07,
            "inventory_turnover_ratio": 0.97,
            "account_receivable_turnover_ratio": 0.77,
            "reinvestment_rate": -6.44,
            "research_to_sale_ratio": 8.61,
            "price_fair": 129,
            "eps_avg_yearly": 3.69,
            "eps_latest_yearly": 2.84,
            "eps_growth_yearly": 69.71
        },
        "20222": {
            "year_quarter": 20222,
            "year": 2022,
            "quarter": 2,
            "eps": 1.47,
            "eps_growth_year": -7.55,
            "eps_4q": 3.95,
            "eps_4q_growth_year": 44.99,
            "roe": 4.63,
            "roe_4q": 12.620000000000001,
            "gross_profit": 196055,
            "gross_margin": 41.11,
            "gross_margin_4q_avg": 38.35,
            "net_income": 108350,
            "net_income_4q": null,
            "revenue": 476900,
            "revenue_4q": null,
            "common_shares": 621586,
            "book_valuer_per_share": 29.73,
            "book_valuer_per_share_4q_avg": 31.31,
            "equity": 2219612,
            "current_ratio": 185.75,
            "debt_ratio": 36.18,
            "inventory_turnover_ratio": 0.97,
            "account_receivable_turnover_ratio": 0.79,
            "reinvestment_rate": -9.22,
            "research_to_sale_ratio": 8.03,
            "price_fair": 129.3,
            "eps_avg_yearly": 3.69,
            "eps_latest_yearly": 5.88,
            "eps_growth_yearly": 57.93
        },
        "20223": {
            "year_quarter": 20223,
            "year": 2022,
            "quarter": 3,
            "eps": 1.41,
            "eps_growth_year": 58.43,
            "eps_4q": 4.47,
            "eps_4q_growth_year": 40.85,
            "roe": 4.86,
            "roe_4q": 14.5,
            "gross_profit": 211666,
            "gross_margin": 41.68,
            "gross_margin_4q_avg": 39.25,
            "net_income": 111167,
            "net_income_4q": null,
            "revenue": 507833,
            "revenue_4q": null,
            "common_shares": 621586,
            "book_valuer_per_share": 31.1,
            "book_valuer_per_share_4q_avg": 31.45,
            "equity": 2353568,
            "current_ratio": 224.01,
            "debt_ratio": 30.62,
            "inventory_turnover_ratio": 1.11,
            "account_receivable_turnover_ratio": 0.77,
            "reinvestment_rate": -8.01,
            "research_to_sale_ratio": 7.69,
            "price_fair": 134.5,
            "eps_avg_yearly": 3.84,
            "eps_latest_yearly": 5.64,
            "eps_growth_yearly": 67.68
        },
        "20224": {
            "year_quarter": 20224,
            "year": 2022,
            "quarter": 4,
            "eps": 0.77,
            "eps_growth_year": -12.87,
            "eps_4q": 4.36,
            "eps_4q_growth_year": 14.52,
            "roe": 2.17,
            "roe_4q": 13.88,
            "gross_profit": 184818,
            "gross_margin": 44.97,
            "gross_margin_4q_avg": 40.9,
            "net_income": 51348,
            "net_income_4q": null,
            "revenue": 410942,
            "revenue_4q": null,
            "common_shares": 621586,
            "book_valuer_per_share": 31.66,
            "book_valuer_per_share_4q_avg": 31.36,
            "equity": 2387028,
            "current_ratio": 222.54,
            "debt_ratio": 30.84,
            "inventory_turnover_ratio": 0.93,
            "account_receivable_turnover_ratio": 0.67,
            "reinvestment_rate": -4.84,
            "research_to_sale_ratio": 8.64,
            "price_fair": 131.7,
            "eps_avg_yearly": 3.76,
            "eps_latest_yearly": 3.08,
            "eps_growth_yearly": 49.57
        },
        "20231": {
            "year_quarter": 20231,
            "year": 2023,
            "quarter": 1,
            "eps": 0.89,
            "eps_growth_year": 25.35,
            "eps_4q": 4.54,
            "eps_4q_growth_year": 11.38,
            "roe": 2.6,
            "roe_4q": 14.259999999999998,
            "gross_profit": 168318,
            "gross_margin": 39.6,
            "gross_margin_4q_avg": 41.84,
            "net_income": 59707,
            "net_income_4q": null,
            "revenue": 425087,
            "revenue_4q": null,
            "common_shares": 621586,
            "book_valuer_per_share": 29.55,
            "book_valuer_per_share_4q_avg": 30.51,
            "equity": 2214319,
            "current_ratio": 192.24,
            "debt_ratio": 34.44,
            "inventory_turnover_ratio": 1.2,
            "account_receivable_turnover_ratio": 0.81,
            "reinvestment_rate": -5.79,
            "research_to_sale_ratio": 7.65,
            "price_fair": 129.7,
            "eps_avg_yearly": 3.71,
            "eps_latest_yearly": 3.56,
            "eps_growth_yearly": 52.94
        },
        "20232": {
            "year_quarter": 20232,
            "year": 2023,
            "quarter": 2,
            "eps": 0.92,
            "eps_growth_year": -37.42,
            "eps_4q": 3.96,
            "eps_4q_growth_year": 0.24,
            "roe": 3.21,
            "roe_4q": 12.84,
            "gross_profit": 135455,
            "gross_margin": 35.97,
            "gross_margin_4q_avg": 40.56,
            "net_income": 72497,
            "net_income_4q": null,
            "revenue": 376553,
            "revenue_4q": null,
            "common_shares": 626027,
            "book_valuer_per_share": 30.59,
            "book_valuer_per_share_4q_avg": 30.73,
            "equity": 2298081,
            "current_ratio": 215.07,
            "debt_ratio": 30.83,
            "inventory_turnover_ratio": 1.2,
            "account_receivable_turnover_ratio": 0.83,
            "reinvestment_rate": -7.46,
            "research_to_sale_ratio": 9.67,
            "price_fair": 124.6,
            "eps_avg_yearly": 3.56,
            "eps_latest_yearly": 3.68,
            "eps_growth_yearly": 44.99
        },
        "20233": {
            "year_quarter": 20233,
            "year": 2023,
            "quarter": 3,
            "eps": 0.73,
            "eps_growth_year": -48.23,
            "eps_4q": 3.27,
            "eps_4q_growth_year": -26.79,
            "roe": 2.21,
            "roe_4q": 10.19,
            "gross_profit": 148123,
            "gross_margin": 39.44,
            "gross_margin_4q_avg": 40,
            "net_income": 51842,
            "net_income_4q": null,
            "revenue": 375527,
            "revenue_4q": null,
            "common_shares": 629042,
            "book_valuer_per_share": 31.79,
            "book_valuer_per_share_4q_avg": 30.9,
            "equity": 2400837,
            "current_ratio": 244.7,
            "debt_ratio": 26.96,
            "inventory_turnover_ratio": 1.18,
            "account_receivable_turnover_ratio": 0.87,
            "reinvestment_rate": -10.57,
            "research_to_sale_ratio": 9.5,
            "price_fair": 117.9,
            "eps_avg_yearly": 3.37,
            "eps_latest_yearly": 2.92,
            "eps_growth_yearly": 39.69
        },
        "20234": {
            "year_quarter": 20234,
            "year": 2023,
            "quarter": 4,
            "eps": 0.66,
            "eps_growth_year": -13.42,
            "eps_4q": 3.18,
            "eps_4q_growth_year": -27.06,
            "roe": 2.36,
            "roe_4q": 10.38,
            "gross_profit": 189231,
            "gross_margin": 46.38,
            "gross_margin_4q_avg": 40.35,
            "net_income": 57281,
            "net_income_4q": null,
            "revenue": 408041,
            "revenue_4q": null,
            "common_shares": 629312,
            "book_valuer_per_share": 32.71,
            "book_valuer_per_share_4q_avg": 31.16,
            "equity": 2463031,
            "current_ratio": 245.11,
            "debt_ratio": 27.56,
            "inventory_turnover_ratio": 1.31,
            "account_receivable_turnover_ratio": 0.94,
            "reinvestment_rate": -14.12,
            "research_to_sale_ratio": 11.28,
            "price_fair": 120.7,
            "eps_avg_yearly": 3.45,
            "eps_latest_yearly": 2.64,
            "eps_growth_yearly": 57.76
        }
    },
    "months": {
        "2006-11": {
            "month": "2006-11",
            "price": "57.48",
            "revenue": 24746
        },
        "2006-12": {
            "month": "2006-12",
            "price": "58.08",
            "revenue": 24738
        },
        "2007-01": {
            "month": "2007-01",
            "price": "62.91",
            "revenue": 26232
        },
        "2007-02": {
            "month": "2007-02",
            "price": "69.03",
            "revenue": 17142
        },
        "2007-03": {
            "month": "2007-03",
            "price": "71.00",
            "revenue": 24241
        },
        "2007-04": {
            "month": "2007-04",
            "price": "73.54",
            "revenue": 22402
        },
        "2007-05": {
            "month": "2007-05",
            "price": "74.25",
            "revenue": 23322
        },
        "2007-06": {
            "month": "2007-06",
            "price": "96.06",
            "revenue": 25193
        },
        "2007-07": {
            "month": "2007-07",
            "price": "113.01",
            "revenue": 30619
        },
        "2007-08": {
            "month": "2007-08",
            "price": "115.37",
            "revenue": 31132
        },
        "2007-09": {
            "month": "2007-09",
            "price": "112.15",
            "revenue": 33381
        },
        "2007-10": {
            "month": "2007-10",
            "price": "102.02",
            "revenue": 40670
        },
        "2007-11": {
            "month": "2007-11",
            "price": "97.47",
            "revenue": 50700
        },
        "2007-12": {
            "month": "2007-12",
            "price": "96.49",
            "revenue": 44651
        },
        "2008-01": {
            "month": "2008-01",
            "price": "92.05",
            "revenue": 47226
        },
        "2008-02": {
            "month": "2008-02",
            "price": "88.96",
            "revenue": 35043
        },
        "2008-03": {
            "month": "2008-03",
            "price": "91.22",
            "revenue": 46454
        },
        "2008-04": {
            "month": "2008-04",
            "price": "105.45",
            "revenue": 52464
        },
        "2008-05": {
            "month": "2008-05",
            "price": "148.60",
            "revenue": 56647
        },
        "2008-06": {
            "month": "2008-06",
            "price": "154.50",
            "revenue": 63894
        },
        "2008-07": {
            "month": "2008-07",
            "price": "126.59",
            "revenue": 67720
        },
        "2008-08": {
            "month": "2008-08",
            "price": "120.83",
            "revenue": 70259
        },
        "2008-09": {
            "month": "2008-09",
            "price": "106.19",
            "revenue": 74855
        },
        "2008-10": {
            "month": "2008-10",
            "price": "90.35",
            "revenue": 75305
        },
        "2008-11": {
            "month": "2008-11",
            "price": "85.80",
            "revenue": 71440
        },
        "2008-12": {
            "month": "2008-12",
            "price": "73.54",
            "revenue": 50564
        },
        "2009-01": {
            "month": "2009-01",
            "price": "79.30",
            "revenue": 27555
        },
        "2009-02": {
            "month": "2009-02",
            "price": "73.44",
            "revenue": 34519
        },
        "2009-03": {
            "month": "2009-03",
            "price": "85.17",
            "revenue": 47346
        },
        "2009-04": {
            "month": "2009-04",
            "price": "88.17",
            "revenue": 41058
        },
        "2009-05": {
            "month": "2009-05",
            "price": "86.84",
            "revenue": 41193
        },
        "2009-06": {
            "month": "2009-06",
            "price": "81.87",
            "revenue": 42088
        },
        "2009-07": {
            "month": "2009-07",
            "price": "83.12",
            "revenue": 47644
        },
        "2009-08": {
            "month": "2009-08",
            "price": "78.22",
            "revenue": 45613
        },
        "2009-09": {
            "month": "2009-09",
            "price": "75.34",
            "revenue": 50415
        },
        "2009-10": {
            "month": "2009-10",
            "price": "75.39",
            "revenue": 51368
        },
        "2009-11": {
            "month": "2009-11",
            "price": "74.58",
            "revenue": 49786
        },
        "2009-12": {
            "month": "2009-12",
            "price": "82.67",
            "revenue": 51424
        },
        "2010-01": {
            "month": "2010-01",
            "price": "79.68",
            "revenue": 43674
        },
        "2010-02": {
            "month": "2010-02",
            "price": "70.59",
            "revenue": 40452
        },
        "2010-03": {
            "month": "2010-03",
            "price": "75.66",
            "revenue": 50725
        },
        "2010-04": {
            "month": "2010-04",
            "price": "76.44",
            "revenue": 45455
        },
        "2010-05": {
            "month": "2010-05",
            "price": "65.94",
            "revenue": 42862
        },
        "2010-06": {
            "month": "2010-06",
            "price": "58.76",
            "revenue": 44071
        },
        "2010-07": {
            "month": "2010-07",
            "price": "61.68",
            "revenue": 46811
        },
        "2010-08": {
            "month": "2010-08",
            "price": "58.09",
            "revenue": 49722
        },
        "2010-09": {
            "month": "2010-09",
            "price": "51.43",
            "revenue": 41167
        },
        "2010-10": {
            "month": "2010-10",
            "price": "51.99",
            "revenue": 44659
        },
        "2010-11": {
            "month": "2010-11",
            "price": "48.52",
            "revenue": 52188
        },
        "2010-12": {
            "month": "2010-12",
            "price": "55.91",
            "revenue": 53199
        },
        "2011-01": {
            "month": "2011-01",
            "price": "53.97",
            "revenue": 44239
        },
        "2011-02": {
            "month": "2011-02",
            "price": "48.57",
            "revenue": 26440
        },
        "2011-03": {
            "month": "2011-03",
            "price": "49.65",
            "revenue": 45808
        },
        "2011-04": {
            "month": "2011-04",
            "price": "56.88",
            "revenue": 45178
        },
        "2011-05": {
            "month": "2011-05",
            "price": "64.83",
            "revenue": 45980
        },
        "2011-06": {
            "month": "2011-06",
            "price": "68.07",
            "revenue": 81308
        },
        "2011-07": {
            "month": "2011-07",
            "price": "64.25",
            "revenue": 77565
        },
        "2011-08": {
            "month": "2011-08",
            "price": "46.12",
            "revenue": 89390
        },
        "2011-09": {
            "month": "2011-09",
            "price": "38.41",
            "revenue": 80377
        },
        "2011-10": {
            "month": "2011-10",
            "price": "39.35",
            "revenue": 70088
        },
        "2011-11": {
            "month": "2011-11",
            "price": "32.58",
            "revenue": 78506
        },
        "2011-12": {
            "month": "2011-12",
            "price": "26.28",
            "revenue": 79719
        },
        "2012-01": {
            "month": "2012-01",
            "price": "27.27",
            "revenue": 66657
        },
        "2012-02": {
            "month": "2012-02",
            "price": "33.89",
            "revenue": 73059
        },
        "2012-03": {
            "month": "2012-03",
            "price": "45.08",
            "revenue": 94673
        },
        "2012-04": {
            "month": "2012-04",
            "price": "41.46",
            "revenue": 99117
        },
        "2012-05": {
            "month": "2012-05",
            "price": "40.46",
            "revenue": 96360
        },
        "2012-06": {
            "month": "2012-06",
            "price": "36.83",
            "revenue": 91604
        },
        "2012-07": {
            "month": "2012-07",
            "price": "43.95",
            "revenue": 95658
        },
        "2012-08": {
            "month": "2012-08",
            "price": "46.75",
            "revenue": 91252
        },
        "2012-09": {
            "month": "2012-09",
            "price": "46.22",
            "revenue": 100907
        },
        "2012-10": {
            "month": "2012-10",
            "price": "45.60",
            "revenue": 102963
        },
        "2012-11": {
            "month": "2012-11",
            "price": "44.74",
            "revenue": 104055
        },
        "2012-12": {
            "month": "2012-12",
            "price": "49.51",
            "revenue": 82681
        },
        "2013-01": {
            "month": "2013-01",
            "price": "52.80",
            "revenue": 84255
        },
        "2013-02": {
            "month": "2013-02",
            "price": "54.50",
            "revenue": 59253
        },
        "2013-03": {
            "month": "2013-03",
            "price": "53.01",
            "revenue": 102743
        },
        "2013-04": {
            "month": "2013-04",
            "price": "53.08",
            "revenue": 99309
        },
        "2013-05": {
            "month": "2013-05",
            "price": "51.99",
            "revenue": 103238
        },
        "2013-06": {
            "month": "2013-06",
            "price": "54.97",
            "revenue": 101083
        },
        "2013-07": {
            "month": "2013-07",
            "price": "61.84",
            "revenue": 76964
        },
        "2013-08": {
            "month": "2013-08",
            "price": "58.13",
            "revenue": 81174
        },
        "2013-09": {
            "month": "2013-09",
            "price": "57.90",
            "revenue": 90787
        },
        "2013-10": {
            "month": "2013-10",
            "price": "54.54",
            "revenue": 88340
        },
        "2013-11": {
            "month": "2013-11",
            "price": "52.30",
            "revenue": 102271
        },
        "2013-12": {
            "month": "2013-12",
            "price": "55.89",
            "revenue": 96597
        },
        "2014-01": {
            "month": "2014-01",
            "price": "66.70",
            "revenue": 87390
        },
        "2014-02": {
            "month": "2014-02",
            "price": "71.49",
            "revenue": 82409
        },
        "2014-03": {
            "month": "2014-03",
            "price": "69.12",
            "revenue": 116807
        },
        "2014-04": {
            "month": "2014-04",
            "price": "78.24",
            "revenue": 109607
        },
        "2014-05": {
            "month": "2014-05",
            "price": "74.87",
            "revenue": 111783
        },
        "2014-06": {
            "month": "2014-06",
            "price": "77.90",
            "revenue": 109078
        },
        "2014-07": {
            "month": "2014-07",
            "price": "74.84",
            "revenue": 103487
        },
        "2014-08": {
            "month": "2014-08",
            "price": "71.64",
            "revenue": 93380
        },
        "2014-09": {
            "month": "2014-09",
            "price": "71.54",
            "revenue": 122920
        },
        "2014-10": {
            "month": "2014-10",
            "price": "73.47",
            "revenue": 111928
        },
        "2014-11": {
            "month": "2014-11",
            "price": "69.08",
            "revenue": 104870
        },
        "2014-12": {
            "month": "2014-12",
            "price": "65.82",
            "revenue": 100999
        },
        "2015-01": {
            "month": "2015-01",
            "price": "63.08",
            "revenue": 94629
        },
        "2015-02": {
            "month": "2015-02",
            "price": "65.43",
            "revenue": 83747
        },
        "2015-03": {
            "month": "2015-03",
            "price": "71.94",
            "revenue": 122697
        },
        "2015-04": {
            "month": "2015-04",
            "price": "78.54",
            "revenue": 122348
        },
        "2015-05": {
            "month": "2015-05",
            "price": "79.44",
            "revenue": 119039
        },
        "2015-06": {
            "month": "2015-06",
            "price": "84.08",
            "revenue": 127102
        },
        "2015-07": {
            "month": "2015-07",
            "price": "75.77",
            "revenue": 123976
        },
        "2015-08": {
            "month": "2015-08",
            "price": "61.21",
            "revenue": 122716
        },
        "2015-09": {
            "month": "2015-09",
            "price": "64.60",
            "revenue": 137447
        },
        "2015-10": {
            "month": "2015-10",
            "price": "78.33",
            "revenue": 130086
        },
        "2015-11": {
            "month": "2015-11",
            "price": "76.04",
            "revenue": 120076
        },
        "2015-12": {
            "month": "2015-12",
            "price": "70.12",
            "revenue": 114746
        },
        "2016-01": {
            "month": "2016-01",
            "price": "62.78",
            "revenue": 130232
        },
        "2016-02": {
            "month": "2016-02",
            "price": "68.21",
            "revenue": 92506
        },
        "2016-03": {
            "month": "2016-03",
            "price": "73.67",
            "revenue": 129836
        },
        "2016-04": {
            "month": "2016-04",
            "price": "70.37",
            "revenue": 126245
        },
        "2016-05": {
            "month": "2016-05",
            "price": "63.86",
            "revenue": 128763
        },
        "2016-06": {
            "month": "2016-06",
            "price": "63.68",
            "revenue": 130487
        },
        "2016-07": {
            "month": "2016-07",
            "price": "61.31",
            "revenue": 133264
        },
        "2016-08": {
            "month": "2016-08",
            "price": "59.30",
            "revenue": 122375
        },
        "2016-09": {
            "month": "2016-09",
            "price": "60.97",
            "revenue": 113613
        },
        "2016-10": {
            "month": "2016-10",
            "price": "57.40",
            "revenue": 125754
        },
        "2016-11": {
            "month": "2016-11",
            "price": "56.08",
            "revenue": 137294
        },
        "2016-12": {
            "month": "2016-12",
            "price": "63.34",
            "revenue": 145538
        },
        "2017-01": {
            "month": "2017-01",
            "price": "71.79",
            "revenue": 127323
        },
        "2017-02": {
            "month": "2017-02",
            "price": "74.61",
            "revenue": 119155
        },
        "2017-03": {
            "month": "2017-03",
            "price": "74.65",
            "revenue": 150079
        },
        "2017-04": {
            "month": "2017-04",
            "price": "75.37",
            "revenue": 128640
        },
        "2017-05": {
            "month": "2017-05",
            "price": "78.44",
            "revenue": 142276
        },
        "2017-06": {
            "month": "2017-06",
            "price": "82.63",
            "revenue": 157677
        },
        "2017-07": {
            "month": "2017-07",
            "price": "84.84",
            "revenue": 116610
        },
        "2017-08": {
            "month": "2017-08",
            "price": "82.37",
            "revenue": 112965
        },
        "2017-09": {
            "month": "2017-09",
            "price": "80.20",
            "revenue": 113588
        },
        "2017-10": {
            "month": "2017-10",
            "price": "79.37",
            "revenue": 94314
        },
        "2017-11": {
            "month": "2017-11",
            "price": "71.45",
            "revenue": 107299
        },
        "2017-12": {
            "month": "2017-12",
            "price": "72.82",
            "revenue": 112146
        },
        "2018-01": {
            "month": "2018-01",
            "price": "76.36",
            "revenue": 154818
        },
        "2018-02": {
            "month": "2018-02",
            "price": "75.53",
            "revenue": 115839
        },
        "2018-03": {
            "month": "2018-03",
            "price": "72.68",
            "revenue": 143820
        },
        "2018-04": {
            "month": "2018-04",
            "price": "67.31",
            "revenue": 148596
        },
        "2018-05": {
            "month": "2018-05",
            "price": "65.57",
            "revenue": 159415
        },
        "2018-06": {
            "month": "2018-06",
            "price": "77.14",
            "revenue": 166662
        },
        "2018-07": {
            "month": "2018-07",
            "price": "77.80",
            "revenue": 150422
        },
        "2018-08": {
            "month": "2018-08",
            "price": "70.97",
            "revenue": 151236
        },
        "2018-09": {
            "month": "2018-09",
            "price": "70.76",
            "revenue": 140010
        },
        "2018-10": {
            "month": "2018-10",
            "price": "71.75",
            "revenue": 149213
        },
        "2018-11": {
            "month": "2018-11",
            "price": "72.08",
            "revenue": 141956
        },
        "2018-12": {
            "month": "2018-12",
            "price": "77.76",
            "revenue": 132887
        },
        "2019-01": {
            "month": "2019-01",
            "price": "77.95",
            "revenue": 161902
        },
        "2019-02": {
            "month": "2019-02",
            "price": "81.88",
            "revenue": 102028
        },
        "2019-03": {
            "month": "2019-03",
            "price": "80.84",
            "revenue": 185993
        },
        "2019-04": {
            "month": "2019-04",
            "price": "92.33",
            "revenue": 196289
        },
        "2019-05": {
            "month": "2019-05",
            "price": "96.17",
            "revenue": 189057
        },
        "2019-06": {
            "month": "2019-06",
            "price": "93.04",
            "revenue": 159911
        },
        "2019-07": {
            "month": "2019-07",
            "price": "97.61",
            "revenue": 154389
        },
        "2019-08": {
            "month": "2019-08",
            "price": "106.73",
            "revenue": 129857
        },
        "2019-09": {
            "month": "2019-09",
            "price": "104.63",
            "revenue": 134230
        },
        "2019-10": {
            "month": "2019-10",
            "price": "96.51",
            "revenue": 114160
        },
        "2019-11": {
            "month": "2019-11",
            "price": "91.20",
            "revenue": 123416
        },
        "2019-12": {
            "month": "2019-12",
            "price": "92.36",
            "revenue": 102830
        },
        "2020-01": {
            "month": "2020-01",
            "price": "89.69",
            "revenue": 99856
        },
        "2020-02": {
            "month": "2020-02",
            "price": "81.06",
            "revenue": 59930
        },
        "2020-03": {
            "month": "2020-03",
            "price": "69.51",
            "revenue": 115822
        },
        "2020-04": {
            "month": "2020-04",
            "price": "71.56",
            "revenue": 142569
        },
        "2020-05": {
            "month": "2020-05",
            "price": "74.52",
            "revenue": 155535
        },
        "2020-06": {
            "month": "2020-06",
            "price": "81.42",
            "revenue": 129456
        },
        "2020-07": {
            "month": "2020-07",
            "price": "83.17",
            "revenue": 147161
        },
        "2020-08": {
            "month": "2020-08",
            "price": "79.28",
            "revenue": 114897
        },
        "2020-09": {
            "month": "2020-09",
            "price": "74.08",
            "revenue": 126716
        },
        "2020-10": {
            "month": "2020-10",
            "price": "70.60",
            "revenue": 120253
        },
        "2020-11": {
            "month": "2020-11",
            "price": "71.09",
            "revenue": 123174
        },
        "2020-12": {
            "month": "2020-12",
            "price": "73.10",
            "revenue": 146106
        },
        "2021-01": {
            "month": "2021-01",
            "price": "72.71",
            "revenue": 137358
        },
        "2021-02": {
            "month": "2021-02",
            "price": "74.32",
            "revenue": 88989
        },
        "2021-03": {
            "month": "2021-03",
            "price": "74.54",
            "revenue": 139734
        },
        "2021-04": {
            "month": "2021-04",
            "price": "74.06",
            "revenue": 132684
        },
        "2021-05": {
            "month": "2021-05",
            "price": "65.55",
            "revenue": 137799
        },
        "2021-06": {
            "month": "2021-06",
            "price": "66.74",
            "revenue": 136962
        },
        "2021-07": {
            "month": "2021-07",
            "price": "69.26",
            "revenue": 170207
        },
        "2021-08": {
            "month": "2021-08",
            "price": "69.40",
            "revenue": 151188
        },
        "2021-09": {
            "month": "2021-09",
            "price": "74.83",
            "revenue": 156112
        },
        "2021-10": {
            "month": "2021-10",
            "price": "88.20",
            "revenue": 170211
        },
        "2021-11": {
            "month": "2021-11",
            "price": "161.09",
            "revenue": 180560
        },
        "2021-12": {
            "month": "2021-12",
            "price": "195.61",
            "revenue": 156349
        },
        "2022-01": {
            "month": "2022-01",
            "price": "191.81",
            "revenue": 147915
        },
        "2022-02": {
            "month": "2022-02",
            "price": "160.77",
            "revenue": 112583
        },
        "2022-03": {
            "month": "2022-03",
            "price": "165.87",
            "revenue": 180438
        },
        "2022-04": {
            "month": "2022-04",
            "price": "171.16",
            "revenue": 93286
        },
        "2022-05": {
            "month": "2022-05",
            "price": "143.38",
            "revenue": 173140
        },
        "2022-06": {
            "month": "2022-06",
            "price": "164.79",
            "revenue": 211528
        },
        "2022-07": {
            "month": "2022-07",
            "price": "150.40",
            "revenue": 181884
        },
        "2022-08": {
            "month": "2022-08",
            "price": "169.54",
            "revenue": 173809
        },
        "2022-09": {
            "month": "2022-09",
            "price": "155.76",
            "revenue": 152140
        },
        "2022-10": {
            "month": "2022-10",
            "price": "123.18",
            "revenue": 146418
        },
        "2022-11": {
            "month": "2022-11",
            "price": "125.70",
            "revenue": 122925
        },
        "2022-12": {
            "month": "2022-12",
            "price": "138.70",
            "revenue": 141599
        },
        "2023-01": {
            "month": "2023-01",
            "price": "134.38",
            "revenue": 116386
        },
        "2023-02": {
            "month": "2023-02",
            "price": "142.06",
            "revenue": 128151
        },
        "2023-03": {
            "month": "2023-03",
            "price": "165.09",
            "revenue": 180550
        },
        "2023-04": {
            "month": "2023-04",
            "price": "173.68",
            "revenue": 151243
        },
        "2023-05": {
            "month": "2023-05",
            "price": "167.14",
            "revenue": 121269
        },
        "2023-06": {
            "month": "2023-06",
            "price": "166.32",
            "revenue": 104041
        },
        "2023-07": {
            "month": "2023-07",
            "price": "154.31",
            "revenue": 143009
        },
        "2023-08": {
            "month": "2023-08",
            "price": "145.00",
            "revenue": 111592
        },
        "2023-09": {
            "month": "2023-09",
            "price": "154.88",
            "revenue": 120926
        },
        "2023-10": {
            "month": "2023-10",
            "price": "164.60",
            "revenue": 112080
        },
        "2023-11": {
            "month": "2023-11",
            "price": "166.61",
            "revenue": 147784
        },
        "2023-12": {
            "month": "2023-12",
            "price": "164.07",
            "revenue": 148177
        },
        "2024-01": {
            "month": "2024-01",
            "price": "159.68",
            "revenue": 148090
        },
        "2024-02": {
            "month": "2024-02",
            "price": "159.85",
            "revenue": 100799
        }
    }
}
