{
    "summary": {
        "stock_name": "長盛",
        "stock_id": "3492",
        "category": "電子零組件",
        "main_business": "汽車電子連接器製造加工及買賣<br>汽車線組產品製造加工及買賣<br>模具設計製造及買賣",
        "website_url": "http://www.actt.co",
        "ceo": "葉文麒",
        "pe_ratio": 16,
        "report_year_from": 2005,
        "report_year_to": 2023,
        "age": 18,
        "eps_negative_percentage": 0,
        "eps_growth_avg": {
            "last_all": 5.04,
            "last_2y": 18.02,
            "last_4y": 2,
            "last_8y": null,
            "last_12y": null,
            "last_16y": null,
            "last_20y": null,
            "at_2006_last_3y": null,
            "at_2007_last_3y": null,
            "at_2008_last_3y": null,
            "at_2009_last_3y": null,
            "at_2010_last_3y": null,
            "at_2011_last_3y": null,
            "at_2012_last_3y": null,
            "at_2013_last_3y": null,
            "at_2014_last_3y": null,
            "at_2015_last_3y": null,
            "at_2016_last_3y": null,
            "at_2017_last_3y": null,
            "at_2018_last_3y": 23.26,
            "at_2019_last_3y": -11.67,
            "at_2020_last_3y": -33.14,
            "at_2021_last_3y": -22.49,
            "at_2022_last_3y": 3.59,
            "at_2023_last_3y": 3.59,
            "at_2006_last_all": null,
            "at_2007_last_all": null,
            "at_2008_last_all": null,
            "at_2009_last_all": null,
            "at_2010_last_all": null,
            "at_2011_last_all": null,
            "at_2012_last_all": null,
            "at_2013_last_all": null,
            "at_2014_last_all": -28.49,
            "at_2015_last_all": 14.34,
            "at_2016_last_all": 15.98,
            "at_2017_last_all": 8.08,
            "at_2018_last_all": 6.01,
            "at_2019_last_all": -0.52,
            "at_2020_last_all": -8.58,
            "at_2021_last_all": -5.51,
            "at_2022_last_all": 5.04,
            "at_2023_last_all": 5.04
        },
        "latest_eps": 1.26,
        "latest_price": 19.6,
        "latest_roe": 7.84,
        "latest_gross_margin": 27.14,
        "latest_equity": 590103,
        "latest_revenue": 158073,
        "latest_gross_profit": 42900,
        "latest_net_income": 190,
        "latest_debt_ratio": 31.94,
        "latest_current_ratio": 248.31,
        "latest_account_receivable_turnover_ratio": 0.88,
        "latest_inventory_turnover_ratio": 0.85,
        "latest_reinvestment_rate": -14.49,
        "latest_research_to_sale_ratio": 0.93
    },
    "eps_dividends": {
        "2001": {
            "cash": 0,
            "stock": 0,
            "eps": 0
        },
        "2002": {
            "cash": 0,
            "stock": 0,
            "eps": 0
        },
        "2003": {
            "cash": 0,
            "stock": 0,
            "eps": 0
        },
        "2004": {
            "cash": 0,
            "stock": 0,
            "eps": 0
        },
        "2005": {
            "cash": 0,
            "stock": 0,
            "eps": 0
        },
        "2006": {
            "cash": 0,
            "stock": 0,
            "eps": 2.29
        },
        "2007": {
            "cash": 0.4,
            "stock": 1.7,
            "eps": 2.44
        },
        "2008": {
            "cash": 0.47,
            "stock": 1.28,
            "eps": 0
        },
        "2009": {
            "cash": 0,
            "stock": 0,
            "eps": 0
        },
        "2010": {
            "cash": 0.1,
            "stock": 0,
            "eps": 0
        },
        "2011": {
            "cash": 0,
            "stock": 0,
            "eps": 0
        },
        "2012": {
            "cash": 0,
            "stock": 0,
            "eps": 0
        },
        "2013": {
            "cash": 0,
            "stock": 0,
            "eps": 0
        },
        "2014": {
            "cash": 0.5,
            "stock": 0,
            "eps": 0.89
        },
        "2015": {
            "cash": 1,
            "stock": 0,
            "eps": 2.25
        },
        "2016": {
            "cash": 1.3,
            "stock": 0,
            "eps": 2.72
        },
        "2017": {
            "cash": 1.7,
            "stock": 0,
            "eps": 2.08
        },
        "2018": {
            "cash": 1.2,
            "stock": 0,
            "eps": 1.99
        },
        "2019": {
            "cash": 1,
            "stock": 0,
            "eps": 1.2
        },
        "2020": {
            "cash": 0.8,
            "stock": 0,
            "eps": 0.42
        },
        "2021": {
            "cash": 0.28,
            "stock": 0,
            "eps": 0.5
        },
        "2022": {
            "cash": 0.3,
            "stock": 0,
            "eps": 1.44
        },
        "2023": {
            "cash": 1,
            "stock": 0,
            "eps": 0.01
        }
    },
    "dividends": {
        "2007-02-14": {
            "cash": 0.4,
            "stock": 1.7
        },
        "2008-04-07": {
            "cash": 0.47,
            "stock": 1.28
        },
        "2010-04-28": {
            "cash": 0.1,
            "stock": 0
        },
        "2014-04-23": {
            "cash": 0.5,
            "stock": 0
        },
        "2015-09-18": {
            "cash": 1,
            "stock": 0
        },
        "2016-08-18": {
            "cash": 1.3,
            "stock": 0
        },
        "2017-09-28": {
            "cash": 1.7,
            "stock": 0
        },
        "2018-09-27": {
            "cash": 1.2,
            "stock": 0
        },
        "2019-08-23": {
            "cash": 1,
            "stock": 0
        },
        "2020-09-30": {
            "cash": 0.8,
            "stock": 0
        },
        "2021-09-30": {
            "cash": 0.28,
            "stock": 0
        },
        "2022-08-17": {
            "cash": 0.3,
            "stock": 0
        },
        "2023-05-10": {
            "cash": 1,
            "stock": 0
        }
    },
    "prices": {
        "200101": "無",
        "200102": "無",
        "200103": "無",
        "200104": "無",
        "200105": "無",
        "200106": "無",
        "200107": "無",
        "200108": "無",
        "200109": "無",
        "200110": "無",
        "200111": "無",
        "200112": "無",
        "200201": "無",
        "200202": "無",
        "200203": "無",
        "200204": "無",
        "200205": "無",
        "200206": "無",
        "200207": "無",
        "200208": "無",
        "200209": "無",
        "200210": "無",
        "200211": "無",
        "200212": "無",
        "200301": "無",
        "200302": "無",
        "200303": "無",
        "200304": "無",
        "200305": "無",
        "200306": "無",
        "200307": "無",
        "200308": "無",
        "200309": "無",
        "200310": "無",
        "200311": "無",
        "200312": "無",
        "200401": "無",
        "200402": "無",
        "200403": "無",
        "200404": "無",
        "200405": "無",
        "200406": "無",
        "200407": "無",
        "200408": "無",
        "200409": "無",
        "200410": "無",
        "200411": "無",
        "200412": "無",
        "200501": "無",
        "200502": "無",
        "200503": "無",
        "200504": "無",
        "200505": "無",
        "200506": "無",
        "200507": "無",
        "200508": "無",
        "200509": "無",
        "200510": "無",
        "200511": "無",
        "200512": "18.15",
        "200601": "21.21",
        "200602": "18.70",
        "200603": "18.80",
        "200604": "18.26",
        "200605": "19.33",
        "200606": "20.54",
        "200607": "22.51",
        "200608": "23.51",
        "200609": "24.49",
        "200610": "26.78",
        "200611": "32.13",
        "200612": "36.25",
        "200701": "46.99",
        "200702": "45.54",
        "200703": "49.33",
        "200704": "56.80",
        "200705": "61.94",
        "200706": "69.46",
        "200707": "74.40",
        "200708": "57.27",
        "200709": "50.13",
        "200710": "43.27",
        "200711": "28.75",
        "200712": "28.22",
        "200801": "27.09",
        "200802": "24.79",
        "200803": "23.49",
        "200804": "20.94",
        "200805": "19.15",
        "200806": "16.42",
        "200807": "14.56",
        "200808": "11.93",
        "200809": "9.98",
        "200810": "10.26",
        "200811": "7.88",
        "200812": "6.95",
        "200901": "3.74",
        "200902": "3.97",
        "200903": "4.26",
        "200904": "5.83",
        "200905": "5.09",
        "200906": "4.73",
        "200907": "5.12",
        "200908": "6.18",
        "200909": "6.07",
        "200910": "6.34",
        "200911": "6.49",
        "200912": "6.67",
        "201001": "11.66",
        "201002": "8.58",
        "201003": "9.61",
        "201004": "10.14",
        "201005": "9.59",
        "201006": "9.11",
        "201007": "8.92",
        "201008": "8.89",
        "201009": "8.36",
        "201010": "7.75",
        "201011": "7.73",
        "201012": "7.09",
        "201101": "6.54",
        "201102": "6.08",
        "201103": "5.99",
        "201104": "6.40",
        "201105": "6.41",
        "201106": "6.13",
        "201107": "5.55",
        "201108": "5.16",
        "201109": "4.95",
        "201110": "4.21",
        "201111": "3.65",
        "201112": "3.03",
        "201201": "4.07",
        "201202": "3.92",
        "201203": "5.53",
        "201204": "5.63",
        "201205": "4.52",
        "201206": "3.34",
        "201207": "2.92",
        "201208": "2.87",
        "201209": "2.69",
        "201210": "3.92",
        "201211": "7.48",
        "201212": "12.42",
        "201301": "12.57",
        "201302": "16.12",
        "201303": "17.73",
        "201304": "17.79",
        "201305": "22.34",
        "201306": "27.63",
        "201307": "27.06",
        "201308": "28.86",
        "201309": "26.51",
        "201310": "23.67",
        "201311": "21.59",
        "201312": "21.35",
        "201401": "22.53",
        "201402": "25.41",
        "201403": "23.87",
        "201404": "22.86",
        "201405": "22.45",
        "201406": "21.00",
        "201407": "19.06",
        "201408": "14.42",
        "201409": "14.24",
        "201410": "15.04",
        "201411": "15.99",
        "201412": "16.02",
        "201501": "16.26",
        "201502": "17.15",
        "201503": "21.26",
        "201504": "20.47",
        "201505": "17.50",
        "201506": "18.50",
        "201507": "20.15",
        "201508": "17.39",
        "201509": "21.71",
        "201510": "28.95",
        "201511": "34.07",
        "201512": "31.75",
        "201601": "29.24",
        "201602": "40.74",
        "201603": "41.10",
        "201604": "39.72",
        "201605": "36.96",
        "201606": "36.19",
        "201607": "39.24",
        "201608": "38.30",
        "201609": "39.14",
        "201610": "33.15",
        "201611": "26.84",
        "201612": "30.75",
        "201701": "31.41",
        "201702": "32.00",
        "201703": "32.50",
        "201704": "31.82",
        "201705": "35.07",
        "201706": "41.50",
        "201707": "42.34",
        "201708": "41.50",
        "201709": "38.80",
        "201710": "36.78",
        "201711": "33.63",
        "201712": "30.06",
        "201801": "28.65",
        "201802": "26.39",
        "201803": "27.36",
        "201804": "26.19",
        "201805": "24.24",
        "201806": "24.44",
        "201807": "23.91",
        "201808": "22.48",
        "201809": "21.48",
        "201810": "18.04",
        "201811": "17.35",
        "201812": "17.83",
        "201901": "17.33",
        "201902": "19.21",
        "201903": "19.80",
        "201904": "21.91",
        "201905": "20.54",
        "201906": "19.68",
        "201907": "19.41",
        "201908": "18.76",
        "201909": "18.69",
        "201910": "18.39",
        "201911": "18.47",
        "201912": "18.26",
        "202001": "17.98",
        "202002": "17.03",
        "202003": "14.10",
        "202004": "14.17",
        "202005": "15.40",
        "202006": "16.79",
        "202007": "16.15",
        "202008": "15.86",
        "202009": "14.93",
        "202010": "15.37",
        "202011": "15.38",
        "202012": "15.86",
        "202101": "17.59",
        "202102": "18.30",
        "202103": "19.55",
        "202104": "20.09",
        "202105": "17.80",
        "202106": "18.71",
        "202107": "18.99",
        "202108": "20.82",
        "202109": "19.82",
        "202110": "19.08",
        "202111": "19.28",
        "202112": "18.92",
        "202201": "18.58",
        "202202": "20.29",
        "202203": "18.37",
        "202204": "18.03",
        "202205": "17.67",
        "202206": "17.40",
        "202207": "16.59",
        "202208": "17.78",
        "202209": "18.79",
        "202210": "17.05",
        "202211": "18.40",
        "202212": "18.98",
        "202301": "18.41",
        "202302": "19.09",
        "202303": "19.79",
        "202304": "20.28",
        "202305": "19.95",
        "202306": "19.54"
    },
    "quarters": {
        "20011": {
            "year_quarter": 20011,
            "year": 2001,
            "quarter": 1,
            "eps": null,
            "eps_growth_year": null,
            "eps_4q": null,
            "eps_4q_growth_year": null,
            "roe": null,
            "roe_4q": 0,
            "gross_profit": null,
            "gross_margin": null,
            "gross_margin_4q_avg": 0,
            "net_income": null,
            "revenue": null,
            "common_shares": null,
            "book_valuer_per_share": null,
            "book_valuer_per_share_4q_avg": 0,
            "equity": null,
            "current_ratio": null,
            "debt_ratio": null,
            "inventory_turnover_ratio": null,
            "account_receivable_turnover_ratio": null,
            "reinvestment_rate": null,
            "research_to_sale_ratio": null,
            "price_fair": 0,
            "eps_avg_yearly": 0,
            "eps_latest_yearly": 0,
            "eps_growth_yearly": 0
        },
        "20012": {
            "year_quarter": 20012,
            "year": 2001,
            "quarter": 2,
            "eps": null,
            "eps_growth_year": null,
            "eps_4q": null,
            "eps_4q_growth_year": null,
            "roe": null,
            "roe_4q": 0,
            "gross_profit": null,
            "gross_margin": null,
            "gross_margin_4q_avg": 0,
            "net_income": null,
            "revenue": null,
            "common_shares": null,
            "book_valuer_per_share": null,
            "book_valuer_per_share_4q_avg": 0,
            "equity": null,
            "current_ratio": null,
            "debt_ratio": null,
            "inventory_turnover_ratio": null,
            "account_receivable_turnover_ratio": null,
            "reinvestment_rate": null,
            "research_to_sale_ratio": null,
            "price_fair": 0,
            "eps_avg_yearly": 0,
            "eps_latest_yearly": 0,
            "eps_growth_yearly": 0
        },
        "20013": {
            "year_quarter": 20013,
            "year": 2001,
            "quarter": 3,
            "eps": null,
            "eps_growth_year": null,
            "eps_4q": null,
            "eps_4q_growth_year": null,
            "roe": null,
            "roe_4q": 0,
            "gross_profit": null,
            "gross_margin": null,
            "gross_margin_4q_avg": 0,
            "net_income": null,
            "revenue": null,
            "common_shares": null,
            "book_valuer_per_share": null,
            "book_valuer_per_share_4q_avg": 0,
            "equity": null,
            "current_ratio": null,
            "debt_ratio": null,
            "inventory_turnover_ratio": null,
            "account_receivable_turnover_ratio": null,
            "reinvestment_rate": null,
            "research_to_sale_ratio": null,
            "price_fair": 0,
            "eps_avg_yearly": 0,
            "eps_latest_yearly": 0,
            "eps_growth_yearly": 0
        },
        "20014": {
            "year_quarter": 20014,
            "year": 2001,
            "quarter": 4,
            "eps": null,
            "eps_growth_year": null,
            "eps_4q": null,
            "eps_4q_growth_year": null,
            "roe": null,
            "roe_4q": 0,
            "gross_profit": null,
            "gross_margin": null,
            "gross_margin_4q_avg": 0,
            "net_income": null,
            "revenue": null,
            "common_shares": null,
            "book_valuer_per_share": null,
            "book_valuer_per_share_4q_avg": 0,
            "equity": null,
            "current_ratio": null,
            "debt_ratio": null,
            "inventory_turnover_ratio": null,
            "account_receivable_turnover_ratio": null,
            "reinvestment_rate": null,
            "research_to_sale_ratio": null,
            "price_fair": 0,
            "eps_avg_yearly": 0,
            "eps_latest_yearly": 0,
            "eps_growth_yearly": 0
        },
        "20021": {
            "year_quarter": 20021,
            "year": 2002,
            "quarter": 1,
            "eps": null,
            "eps_growth_year": null,
            "eps_4q": null,
            "eps_4q_growth_year": null,
            "roe": null,
            "roe_4q": 0,
            "gross_profit": null,
            "gross_margin": null,
            "gross_margin_4q_avg": 0,
            "net_income": null,
            "revenue": null,
            "common_shares": null,
            "book_valuer_per_share": null,
            "book_valuer_per_share_4q_avg": 0,
            "equity": null,
            "current_ratio": null,
            "debt_ratio": null,
            "inventory_turnover_ratio": null,
            "account_receivable_turnover_ratio": null,
            "reinvestment_rate": null,
            "research_to_sale_ratio": null,
            "price_fair": 0,
            "eps_avg_yearly": 0,
            "eps_latest_yearly": 0,
            "eps_growth_yearly": 0
        },
        "20022": {
            "year_quarter": 20022,
            "year": 2002,
            "quarter": 2,
            "eps": null,
            "eps_growth_year": null,
            "eps_4q": null,
            "eps_4q_growth_year": null,
            "roe": null,
            "roe_4q": 0,
            "gross_profit": null,
            "gross_margin": null,
            "gross_margin_4q_avg": 0,
            "net_income": null,
            "revenue": null,
            "common_shares": null,
            "book_valuer_per_share": null,
            "book_valuer_per_share_4q_avg": 0,
            "equity": null,
            "current_ratio": null,
            "debt_ratio": null,
            "inventory_turnover_ratio": null,
            "account_receivable_turnover_ratio": null,
            "reinvestment_rate": null,
            "research_to_sale_ratio": null,
            "price_fair": 0,
            "eps_avg_yearly": 0,
            "eps_latest_yearly": 0,
            "eps_growth_yearly": 0
        },
        "20023": {
            "year_quarter": 20023,
            "year": 2002,
            "quarter": 3,
            "eps": null,
            "eps_growth_year": null,
            "eps_4q": null,
            "eps_4q_growth_year": null,
            "roe": null,
            "roe_4q": 0,
            "gross_profit": null,
            "gross_margin": null,
            "gross_margin_4q_avg": 0,
            "net_income": null,
            "revenue": null,
            "common_shares": null,
            "book_valuer_per_share": null,
            "book_valuer_per_share_4q_avg": 0,
            "equity": null,
            "current_ratio": null,
            "debt_ratio": null,
            "inventory_turnover_ratio": null,
            "account_receivable_turnover_ratio": null,
            "reinvestment_rate": null,
            "research_to_sale_ratio": null,
            "price_fair": 0,
            "eps_avg_yearly": 0,
            "eps_latest_yearly": 0,
            "eps_growth_yearly": 0
        },
        "20024": {
            "year_quarter": 20024,
            "year": 2002,
            "quarter": 4,
            "eps": null,
            "eps_growth_year": null,
            "eps_4q": null,
            "eps_4q_growth_year": null,
            "roe": null,
            "roe_4q": 0,
            "gross_profit": null,
            "gross_margin": null,
            "gross_margin_4q_avg": 0,
            "net_income": null,
            "revenue": null,
            "common_shares": 190000,
            "book_valuer_per_share": 9.03,
            "book_valuer_per_share_4q_avg": 2.26,
            "equity": 171493,
            "current_ratio": 177.71,
            "debt_ratio": 38.56,
            "inventory_turnover_ratio": null,
            "account_receivable_turnover_ratio": null,
            "reinvestment_rate": null,
            "research_to_sale_ratio": null,
            "price_fair": 0,
            "eps_avg_yearly": 0,
            "eps_latest_yearly": 0,
            "eps_growth_yearly": 0
        },
        "20031": {
            "year_quarter": 20031,
            "year": 2003,
            "quarter": 1,
            "eps": null,
            "eps_growth_year": null,
            "eps_4q": null,
            "eps_4q_growth_year": null,
            "roe": null,
            "roe_4q": 0,
            "gross_profit": null,
            "gross_margin": null,
            "gross_margin_4q_avg": 0,
            "net_income": null,
            "revenue": null,
            "common_shares": null,
            "book_valuer_per_share": null,
            "book_valuer_per_share_4q_avg": 2.26,
            "equity": null,
            "current_ratio": null,
            "debt_ratio": null,
            "inventory_turnover_ratio": null,
            "account_receivable_turnover_ratio": null,
            "reinvestment_rate": null,
            "research_to_sale_ratio": null,
            "price_fair": 0,
            "eps_avg_yearly": 0,
            "eps_latest_yearly": 0,
            "eps_growth_yearly": 0
        },
        "20032": {
            "year_quarter": 20032,
            "year": 2003,
            "quarter": 2,
            "eps": null,
            "eps_growth_year": null,
            "eps_4q": null,
            "eps_4q_growth_year": null,
            "roe": null,
            "roe_4q": 0,
            "gross_profit": null,
            "gross_margin": null,
            "gross_margin_4q_avg": 0,
            "net_income": null,
            "revenue": null,
            "common_shares": null,
            "book_valuer_per_share": null,
            "book_valuer_per_share_4q_avg": 2.26,
            "equity": null,
            "current_ratio": null,
            "debt_ratio": null,
            "inventory_turnover_ratio": null,
            "account_receivable_turnover_ratio": null,
            "reinvestment_rate": null,
            "research_to_sale_ratio": null,
            "price_fair": 0,
            "eps_avg_yearly": 0,
            "eps_latest_yearly": 0,
            "eps_growth_yearly": 0
        },
        "20033": {
            "year_quarter": 20033,
            "year": 2003,
            "quarter": 3,
            "eps": null,
            "eps_growth_year": null,
            "eps_4q": null,
            "eps_4q_growth_year": null,
            "roe": null,
            "roe_4q": 0,
            "gross_profit": null,
            "gross_margin": null,
            "gross_margin_4q_avg": 0,
            "net_income": null,
            "revenue": null,
            "common_shares": null,
            "book_valuer_per_share": null,
            "book_valuer_per_share_4q_avg": 2.26,
            "equity": null,
            "current_ratio": null,
            "debt_ratio": null,
            "inventory_turnover_ratio": null,
            "account_receivable_turnover_ratio": null,
            "reinvestment_rate": null,
            "research_to_sale_ratio": null,
            "price_fair": 0,
            "eps_avg_yearly": 0,
            "eps_latest_yearly": 0,
            "eps_growth_yearly": 0
        },
        "20034": {
            "year_quarter": 20034,
            "year": 2003,
            "quarter": 4,
            "eps": null,
            "eps_growth_year": null,
            "eps_4q": null,
            "eps_4q_growth_year": null,
            "roe": null,
            "roe_4q": 0,
            "gross_profit": null,
            "gross_margin": null,
            "gross_margin_4q_avg": 0,
            "net_income": null,
            "revenue": null,
            "common_shares": 190000,
            "book_valuer_per_share": 10.41,
            "book_valuer_per_share_4q_avg": 2.6,
            "equity": 197841,
            "current_ratio": 125.93,
            "debt_ratio": 54.35,
            "inventory_turnover_ratio": null,
            "account_receivable_turnover_ratio": null,
            "reinvestment_rate": null,
            "research_to_sale_ratio": null,
            "price_fair": 0,
            "eps_avg_yearly": 0,
            "eps_latest_yearly": 0,
            "eps_growth_yearly": 0
        },
        "20041": {
            "year_quarter": 20041,
            "year": 2004,
            "quarter": 1,
            "eps": null,
            "eps_growth_year": null,
            "eps_4q": null,
            "eps_4q_growth_year": null,
            "roe": null,
            "roe_4q": 0,
            "gross_profit": null,
            "gross_margin": null,
            "gross_margin_4q_avg": 0,
            "net_income": null,
            "revenue": null,
            "common_shares": null,
            "book_valuer_per_share": null,
            "book_valuer_per_share_4q_avg": 2.6,
            "equity": null,
            "current_ratio": null,
            "debt_ratio": null,
            "inventory_turnover_ratio": null,
            "account_receivable_turnover_ratio": null,
            "reinvestment_rate": null,
            "research_to_sale_ratio": null,
            "price_fair": 0,
            "eps_avg_yearly": 0,
            "eps_latest_yearly": 0,
            "eps_growth_yearly": 0
        },
        "20042": {
            "year_quarter": 20042,
            "year": 2004,
            "quarter": 2,
            "eps": null,
            "eps_growth_year": null,
            "eps_4q": null,
            "eps_4q_growth_year": null,
            "roe": null,
            "roe_4q": 0,
            "gross_profit": null,
            "gross_margin": null,
            "gross_margin_4q_avg": 0,
            "net_income": null,
            "revenue": null,
            "common_shares": null,
            "book_valuer_per_share": null,
            "book_valuer_per_share_4q_avg": 2.6,
            "equity": null,
            "current_ratio": null,
            "debt_ratio": null,
            "inventory_turnover_ratio": null,
            "account_receivable_turnover_ratio": null,
            "reinvestment_rate": null,
            "research_to_sale_ratio": null,
            "price_fair": 0,
            "eps_avg_yearly": 0,
            "eps_latest_yearly": 0,
            "eps_growth_yearly": 0
        },
        "20043": {
            "year_quarter": 20043,
            "year": 2004,
            "quarter": 3,
            "eps": null,
            "eps_growth_year": null,
            "eps_4q": null,
            "eps_4q_growth_year": null,
            "roe": null,
            "roe_4q": 0,
            "gross_profit": null,
            "gross_margin": null,
            "gross_margin_4q_avg": 0,
            "net_income": null,
            "revenue": null,
            "common_shares": null,
            "book_valuer_per_share": null,
            "book_valuer_per_share_4q_avg": 2.6,
            "equity": null,
            "current_ratio": null,
            "debt_ratio": null,
            "inventory_turnover_ratio": null,
            "account_receivable_turnover_ratio": null,
            "reinvestment_rate": null,
            "research_to_sale_ratio": null,
            "price_fair": 0,
            "eps_avg_yearly": 0,
            "eps_latest_yearly": 0,
            "eps_growth_yearly": 0
        },
        "20044": {
            "year_quarter": 20044,
            "year": 2004,
            "quarter": 4,
            "eps": null,
            "eps_growth_year": null,
            "eps_4q": null,
            "eps_4q_growth_year": null,
            "roe": null,
            "roe_4q": 0,
            "gross_profit": null,
            "gross_margin": null,
            "gross_margin_4q_avg": 0,
            "net_income": null,
            "revenue": null,
            "common_shares": 205000,
            "book_valuer_per_share": 11.4,
            "book_valuer_per_share_4q_avg": 2.85,
            "equity": 233726,
            "current_ratio": 162.76,
            "debt_ratio": 43.45,
            "inventory_turnover_ratio": null,
            "account_receivable_turnover_ratio": null,
            "reinvestment_rate": null,
            "research_to_sale_ratio": null,
            "price_fair": 0,
            "eps_avg_yearly": 0,
            "eps_latest_yearly": 0,
            "eps_growth_yearly": 0
        },
        "20051": {
            "year_quarter": 20051,
            "year": 2005,
            "quarter": 1,
            "eps": null,
            "eps_growth_year": null,
            "eps_4q": null,
            "eps_4q_growth_year": null,
            "roe": null,
            "roe_4q": 0,
            "gross_profit": null,
            "gross_margin": null,
            "gross_margin_4q_avg": 0,
            "net_income": null,
            "revenue": null,
            "common_shares": null,
            "book_valuer_per_share": null,
            "book_valuer_per_share_4q_avg": 2.85,
            "equity": null,
            "current_ratio": null,
            "debt_ratio": null,
            "inventory_turnover_ratio": null,
            "account_receivable_turnover_ratio": null,
            "reinvestment_rate": null,
            "research_to_sale_ratio": null,
            "price_fair": 0,
            "eps_avg_yearly": 0,
            "eps_latest_yearly": 0,
            "eps_growth_yearly": 0
        },
        "20052": {
            "year_quarter": 20052,
            "year": 2005,
            "quarter": 2,
            "eps": null,
            "eps_growth_year": null,
            "eps_4q": null,
            "eps_4q_growth_year": null,
            "roe": null,
            "roe_4q": 0,
            "gross_profit": null,
            "gross_margin": null,
            "gross_margin_4q_avg": 0,
            "net_income": null,
            "revenue": null,
            "common_shares": null,
            "book_valuer_per_share": null,
            "book_valuer_per_share_4q_avg": 2.85,
            "equity": null,
            "current_ratio": null,
            "debt_ratio": null,
            "inventory_turnover_ratio": null,
            "account_receivable_turnover_ratio": null,
            "reinvestment_rate": null,
            "research_to_sale_ratio": null,
            "price_fair": 0,
            "eps_avg_yearly": 0,
            "eps_latest_yearly": 0,
            "eps_growth_yearly": 0
        },
        "20053": {
            "year_quarter": 20053,
            "year": 2005,
            "quarter": 3,
            "eps": null,
            "eps_growth_year": null,
            "eps_4q": null,
            "eps_4q_growth_year": null,
            "roe": null,
            "roe_4q": 0,
            "gross_profit": null,
            "gross_margin": null,
            "gross_margin_4q_avg": 0,
            "net_income": null,
            "revenue": null,
            "common_shares": null,
            "book_valuer_per_share": null,
            "book_valuer_per_share_4q_avg": 2.85,
            "equity": null,
            "current_ratio": null,
            "debt_ratio": null,
            "inventory_turnover_ratio": null,
            "account_receivable_turnover_ratio": null,
            "reinvestment_rate": null,
            "research_to_sale_ratio": null,
            "price_fair": 0,
            "eps_avg_yearly": 0,
            "eps_latest_yearly": 0,
            "eps_growth_yearly": 0
        },
        "20054": {
            "year_quarter": 20054,
            "year": 2005,
            "quarter": 4,
            "eps": null,
            "eps_growth_year": null,
            "eps_4q": null,
            "eps_4q_growth_year": null,
            "roe": null,
            "roe_4q": 0,
            "gross_profit": null,
            "gross_margin": null,
            "gross_margin_4q_avg": 0,
            "net_income": null,
            "revenue": null,
            "common_shares": 250000,
            "book_valuer_per_share": 11.29,
            "book_valuer_per_share_4q_avg": 2.82,
            "equity": 282247,
            "current_ratio": 156.59,
            "debt_ratio": 45.16,
            "inventory_turnover_ratio": null,
            "account_receivable_turnover_ratio": null,
            "reinvestment_rate": null,
            "research_to_sale_ratio": null,
            "price_fair": 0,
            "eps_avg_yearly": 0,
            "eps_latest_yearly": 0,
            "eps_growth_yearly": 0
        },
        "20061": {
            "year_quarter": 20061,
            "year": 2006,
            "quarter": 1,
            "eps": 0.26,
            "eps_growth_year": null,
            "eps_4q": null,
            "eps_4q_growth_year": null,
            "roe": 2.28,
            "roe_4q": 2.28,
            "gross_profit": 30865,
            "gross_margin": 30.7,
            "gross_margin_4q_avg": 7.68,
            "net_income": 6495,
            "revenue": 100543,
            "common_shares": 250000,
            "book_valuer_per_share": 11.55,
            "book_valuer_per_share_4q_avg": 5.71,
            "equity": 288742,
            "current_ratio": 135.52,
            "debt_ratio": 41.55,
            "inventory_turnover_ratio": 1.26,
            "account_receivable_turnover_ratio": null,
            "reinvestment_rate": null,
            "research_to_sale_ratio": null,
            "price_fair": 0,
            "eps_avg_yearly": 0,
            "eps_latest_yearly": 0,
            "eps_growth_yearly": 0
        },
        "20062": {
            "year_quarter": 20062,
            "year": 2006,
            "quarter": 2,
            "eps": 1.02,
            "eps_growth_year": null,
            "eps_4q": null,
            "eps_4q_growth_year": null,
            "roe": 8.47,
            "roe_4q": 10.75,
            "gross_profit": 52217,
            "gross_margin": 31.87,
            "gross_margin_4q_avg": 15.64,
            "net_income": 25487,
            "revenue": 163844,
            "common_shares": 250000,
            "book_valuer_per_share": 12.52,
            "book_valuer_per_share_4q_avg": 8.84,
            "equity": 312989,
            "current_ratio": 151.43,
            "debt_ratio": 43.56,
            "inventory_turnover_ratio": 1.95,
            "account_receivable_turnover_ratio": null,
            "reinvestment_rate": null,
            "research_to_sale_ratio": null,
            "price_fair": 142.8,
            "eps_avg_yearly": 4.08,
            "eps_latest_yearly": 4.08,
            "eps_growth_yearly": 1169.23
        },
        "20063": {
            "year_quarter": 20063,
            "year": 2006,
            "quarter": 3,
            "eps": 1.44,
            "eps_growth_year": null,
            "eps_4q": null,
            "eps_4q_growth_year": null,
            "roe": 13.48,
            "roe_4q": 24.230000000000004,
            "gross_profit": 52394,
            "gross_margin": 26.87,
            "gross_margin_4q_avg": 22.36,
            "net_income": 45231,
            "revenue": 194972,
            "common_shares": 250000,
            "book_valuer_per_share": 14.33,
            "book_valuer_per_share_4q_avg": 12.42,
            "equity": 358220,
            "current_ratio": 141.38,
            "debt_ratio": 41.98,
            "inventory_turnover_ratio": 2.16,
            "account_receivable_turnover_ratio": null,
            "reinvestment_rate": null,
            "research_to_sale_ratio": null,
            "price_fair": 172.2,
            "eps_avg_yearly": 4.92,
            "eps_latest_yearly": 5.76,
            "eps_growth_yearly": 666.97
        },
        "20064": {
            "year_quarter": 20064,
            "year": 2006,
            "quarter": 4,
            "eps": -0.43,
            "eps_growth_year": null,
            "eps_4q": 2.66,
            "eps_4q_growth_year": null,
            "roe": -3.03,
            "roe_4q": 21.200000000000003,
            "gross_profit": 36249,
            "gross_margin": 24.7,
            "gross_margin_4q_avg": 28.54,
            "net_income": -10741,
            "revenue": 146762,
            "common_shares": 250000,
            "book_valuer_per_share": 14.07,
            "book_valuer_per_share_4q_avg": 13.12,
            "equity": 351726,
            "current_ratio": 184.02,
            "debt_ratio": 43.58,
            "inventory_turnover_ratio": 1.34,
            "account_receivable_turnover_ratio": null,
            "reinvestment_rate": null,
            "research_to_sale_ratio": null,
            "price_fair": 172.2,
            "eps_avg_yearly": 4.92,
            "eps_latest_yearly": 5.76,
            "eps_growth_yearly": 666.97
        },
        "20071": {
            "year_quarter": 20071,
            "year": 2007,
            "quarter": 1,
            "eps": 1.07,
            "eps_growth_year": 311.54,
            "eps_4q": 3.47,
            "eps_4q_growth_year": null,
            "roe": 7.42,
            "roe_4q": 26.340000000000003,
            "gross_profit": 46738,
            "gross_margin": 24.82,
            "gross_margin_4q_avg": 27.07,
            "net_income": 26790,
            "revenue": 188302,
            "common_shares": 250000,
            "book_valuer_per_share": 14.82,
            "book_valuer_per_share_4q_avg": 13.94,
            "equity": 370616,
            "current_ratio": 125.43,
            "debt_ratio": 45.99,
            "inventory_turnover_ratio": 1.62,
            "account_receivable_turnover_ratio": null,
            "reinvestment_rate": null,
            "research_to_sale_ratio": null,
            "price_fair": 172.2,
            "eps_avg_yearly": 4.92,
            "eps_latest_yearly": 5.76,
            "eps_growth_yearly": 666.97
        },
        "20072": {
            "year_quarter": 20072,
            "year": 2007,
            "quarter": 2,
            "eps": 0.59,
            "eps_growth_year": -42.16,
            "eps_4q": 2.56,
            "eps_4q_growth_year": null,
            "roe": 4.82,
            "roe_4q": 22.69,
            "gross_profit": 48191,
            "gross_margin": 23.63,
            "gross_margin_4q_avg": 25.01,
            "net_income": 18351,
            "revenue": 203976,
            "common_shares": 313500,
            "book_valuer_per_share": 12.47,
            "book_valuer_per_share_4q_avg": 13.92,
            "equity": 391037,
            "current_ratio": 135.29,
            "debt_ratio": 41.46,
            "inventory_turnover_ratio": 2.21,
            "account_receivable_turnover_ratio": null,
            "reinvestment_rate": null,
            "research_to_sale_ratio": null,
            "price_fair": 142.33,
            "eps_avg_yearly": 4.07,
            "eps_latest_yearly": 2.36,
            "eps_growth_yearly": 384.83
        },
        "20073": {
            "year_quarter": 20073,
            "year": 2007,
            "quarter": 3,
            "eps": 0.4,
            "eps_growth_year": -72.22,
            "eps_4q": 1.51,
            "eps_4q_growth_year": null,
            "roe": 3.12,
            "roe_4q": 12.33,
            "gross_profit": 34710,
            "gross_margin": 22.06,
            "gross_margin_4q_avg": 23.8,
            "net_income": 12418,
            "revenue": 157378,
            "common_shares": 313500,
            "book_valuer_per_share": 12.89,
            "book_valuer_per_share_4q_avg": 13.56,
            "equity": 404061,
            "current_ratio": 152,
            "debt_ratio": 33.67,
            "inventory_turnover_ratio": 1.95,
            "account_receivable_turnover_ratio": null,
            "reinvestment_rate": null,
            "research_to_sale_ratio": null,
            "price_fair": 120.75,
            "eps_avg_yearly": 3.45,
            "eps_latest_yearly": 1.6,
            "eps_growth_yearly": 256.42
        },
        "20074": {
            "year_quarter": 20074,
            "year": 2007,
            "quarter": 4,
            "eps": 0.38,
            "eps_growth_year": null,
            "eps_4q": 2.22,
            "eps_4q_growth_year": -16.53,
            "roe": 2.89,
            "roe_4q": 18.25,
            "gross_profit": 35440,
            "gross_margin": 21.1,
            "gross_margin_4q_avg": 22.9,
            "net_income": 11886,
            "revenue": 167949,
            "common_shares": 313500,
            "book_valuer_per_share": 13.38,
            "book_valuer_per_share_4q_avg": 13.39,
            "equity": 419440,
            "current_ratio": 185.96,
            "debt_ratio": 42,
            "inventory_turnover_ratio": 1.52,
            "account_receivable_turnover_ratio": null,
            "reinvestment_rate": null,
            "research_to_sale_ratio": null,
            "price_fair": 107.24,
            "eps_avg_yearly": 3.06,
            "eps_latest_yearly": 1.52,
            "eps_growth_yearly": 201.14
        },
        "20081": {
            "year_quarter": 20081,
            "year": 2008,
            "quarter": 1,
            "eps": null,
            "eps_growth_year": null,
            "eps_4q": null,
            "eps_4q_growth_year": null,
            "roe": null,
            "roe_4q": 10.83,
            "gross_profit": null,
            "gross_margin": null,
            "gross_margin_4q_avg": 16.7,
            "net_income": null,
            "revenue": null,
            "common_shares": null,
            "book_valuer_per_share": null,
            "book_valuer_per_share_4q_avg": 9.69,
            "equity": null,
            "current_ratio": null,
            "debt_ratio": null,
            "inventory_turnover_ratio": null,
            "account_receivable_turnover_ratio": null,
            "reinvestment_rate": null,
            "research_to_sale_ratio": null,
            "price_fair": 107.24,
            "eps_avg_yearly": 3.06,
            "eps_latest_yearly": 1.52,
            "eps_growth_yearly": 201.14
        },
        "20082": {
            "year_quarter": 20082,
            "year": 2008,
            "quarter": 2,
            "eps": null,
            "eps_growth_year": null,
            "eps_4q": null,
            "eps_4q_growth_year": null,
            "roe": null,
            "roe_4q": 6.01,
            "gross_profit": null,
            "gross_margin": null,
            "gross_margin_4q_avg": 10.79,
            "net_income": null,
            "revenue": null,
            "common_shares": null,
            "book_valuer_per_share": null,
            "book_valuer_per_share_4q_avg": 6.57,
            "equity": null,
            "current_ratio": null,
            "debt_ratio": null,
            "inventory_turnover_ratio": null,
            "account_receivable_turnover_ratio": null,
            "reinvestment_rate": null,
            "research_to_sale_ratio": null,
            "price_fair": 107.24,
            "eps_avg_yearly": 3.06,
            "eps_latest_yearly": 1.52,
            "eps_growth_yearly": 201.14
        },
        "20083": {
            "year_quarter": 20083,
            "year": 2008,
            "quarter": 3,
            "eps": null,
            "eps_growth_year": null,
            "eps_4q": null,
            "eps_4q_growth_year": null,
            "roe": null,
            "roe_4q": 2.89,
            "gross_profit": null,
            "gross_margin": null,
            "gross_margin_4q_avg": 5.28,
            "net_income": null,
            "revenue": null,
            "common_shares": null,
            "book_valuer_per_share": null,
            "book_valuer_per_share_4q_avg": 3.35,
            "equity": null,
            "current_ratio": null,
            "debt_ratio": null,
            "inventory_turnover_ratio": null,
            "account_receivable_turnover_ratio": null,
            "reinvestment_rate": null,
            "research_to_sale_ratio": null,
            "price_fair": 107.24,
            "eps_avg_yearly": 3.06,
            "eps_latest_yearly": 1.52,
            "eps_growth_yearly": 201.14
        },
        "20084": {
            "year_quarter": 20084,
            "year": 2008,
            "quarter": 4,
            "eps": null,
            "eps_growth_year": null,
            "eps_4q": null,
            "eps_4q_growth_year": null,
            "roe": null,
            "roe_4q": 0,
            "gross_profit": null,
            "gross_margin": null,
            "gross_margin_4q_avg": 0,
            "net_income": null,
            "revenue": null,
            "common_shares": 368628,
            "book_valuer_per_share": 11.52,
            "book_valuer_per_share_4q_avg": 2.88,
            "equity": 424788,
            "current_ratio": 165.79,
            "debt_ratio": 47.11,
            "inventory_turnover_ratio": null,
            "account_receivable_turnover_ratio": null,
            "reinvestment_rate": null,
            "research_to_sale_ratio": null,
            "price_fair": 107.24,
            "eps_avg_yearly": 3.06,
            "eps_latest_yearly": 1.52,
            "eps_growth_yearly": 201.14
        },
        "20091": {
            "year_quarter": 20091,
            "year": 2009,
            "quarter": 1,
            "eps": null,
            "eps_growth_year": null,
            "eps_4q": null,
            "eps_4q_growth_year": null,
            "roe": null,
            "roe_4q": 0,
            "gross_profit": null,
            "gross_margin": null,
            "gross_margin_4q_avg": 0,
            "net_income": null,
            "revenue": null,
            "common_shares": null,
            "book_valuer_per_share": null,
            "book_valuer_per_share_4q_avg": 2.88,
            "equity": null,
            "current_ratio": null,
            "debt_ratio": null,
            "inventory_turnover_ratio": null,
            "account_receivable_turnover_ratio": null,
            "reinvestment_rate": null,
            "research_to_sale_ratio": null,
            "price_fair": 107.24,
            "eps_avg_yearly": 3.06,
            "eps_latest_yearly": 1.52,
            "eps_growth_yearly": 201.14
        },
        "20092": {
            "year_quarter": 20092,
            "year": 2009,
            "quarter": 2,
            "eps": null,
            "eps_growth_year": null,
            "eps_4q": null,
            "eps_4q_growth_year": null,
            "roe": null,
            "roe_4q": 0,
            "gross_profit": null,
            "gross_margin": null,
            "gross_margin_4q_avg": 0,
            "net_income": null,
            "revenue": null,
            "common_shares": 368628,
            "book_valuer_per_share": null,
            "book_valuer_per_share_4q_avg": 2.88,
            "equity": 410955,
            "current_ratio": null,
            "debt_ratio": null,
            "inventory_turnover_ratio": null,
            "account_receivable_turnover_ratio": null,
            "reinvestment_rate": null,
            "research_to_sale_ratio": null,
            "price_fair": 107.24,
            "eps_avg_yearly": 3.06,
            "eps_latest_yearly": 1.52,
            "eps_growth_yearly": 201.14
        },
        "20093": {
            "year_quarter": 20093,
            "year": 2009,
            "quarter": 3,
            "eps": null,
            "eps_growth_year": null,
            "eps_4q": null,
            "eps_4q_growth_year": null,
            "roe": null,
            "roe_4q": 0,
            "gross_profit": null,
            "gross_margin": null,
            "gross_margin_4q_avg": 0,
            "net_income": null,
            "revenue": null,
            "common_shares": null,
            "book_valuer_per_share": null,
            "book_valuer_per_share_4q_avg": 2.88,
            "equity": null,
            "current_ratio": null,
            "debt_ratio": null,
            "inventory_turnover_ratio": null,
            "account_receivable_turnover_ratio": null,
            "reinvestment_rate": null,
            "research_to_sale_ratio": null,
            "price_fair": 107.24,
            "eps_avg_yearly": 3.06,
            "eps_latest_yearly": 1.52,
            "eps_growth_yearly": 201.14
        },
        "20094": {
            "year_quarter": 20094,
            "year": 2009,
            "quarter": 4,
            "eps": null,
            "eps_growth_year": null,
            "eps_4q": null,
            "eps_4q_growth_year": null,
            "roe": null,
            "roe_4q": 0,
            "gross_profit": null,
            "gross_margin": null,
            "gross_margin_4q_avg": 0,
            "net_income": null,
            "revenue": null,
            "common_shares": 368628,
            "book_valuer_per_share": 11.83,
            "book_valuer_per_share_4q_avg": 2.96,
            "equity": 436012,
            "current_ratio": 239.14,
            "debt_ratio": 34.64,
            "inventory_turnover_ratio": null,
            "account_receivable_turnover_ratio": null,
            "reinvestment_rate": null,
            "research_to_sale_ratio": null,
            "price_fair": 107.24,
            "eps_avg_yearly": 3.06,
            "eps_latest_yearly": 1.52,
            "eps_growth_yearly": 201.14
        },
        "20101": {
            "year_quarter": 20101,
            "year": 2010,
            "quarter": 1,
            "eps": null,
            "eps_growth_year": null,
            "eps_4q": null,
            "eps_4q_growth_year": null,
            "roe": null,
            "roe_4q": 0,
            "gross_profit": null,
            "gross_margin": null,
            "gross_margin_4q_avg": 0,
            "net_income": null,
            "revenue": null,
            "common_shares": null,
            "book_valuer_per_share": null,
            "book_valuer_per_share_4q_avg": 2.96,
            "equity": null,
            "current_ratio": null,
            "debt_ratio": null,
            "inventory_turnover_ratio": null,
            "account_receivable_turnover_ratio": null,
            "reinvestment_rate": null,
            "research_to_sale_ratio": null,
            "price_fair": 107.24,
            "eps_avg_yearly": 3.06,
            "eps_latest_yearly": 1.52,
            "eps_growth_yearly": 201.14
        },
        "20102": {
            "year_quarter": 20102,
            "year": 2010,
            "quarter": 2,
            "eps": null,
            "eps_growth_year": null,
            "eps_4q": null,
            "eps_4q_growth_year": null,
            "roe": null,
            "roe_4q": 0,
            "gross_profit": null,
            "gross_margin": null,
            "gross_margin_4q_avg": 0,
            "net_income": null,
            "revenue": null,
            "common_shares": 368628,
            "book_valuer_per_share": 11.77,
            "book_valuer_per_share_4q_avg": 5.9,
            "equity": 433788,
            "current_ratio": 230.97,
            "debt_ratio": 34.49,
            "inventory_turnover_ratio": null,
            "account_receivable_turnover_ratio": null,
            "reinvestment_rate": null,
            "research_to_sale_ratio": null,
            "price_fair": 8.43,
            "eps_avg_yearly": 2.81,
            "eps_latest_yearly": 1.52,
            "eps_growth_yearly": -40.89
        },
        "20103": {
            "year_quarter": 20103,
            "year": 2010,
            "quarter": 3,
            "eps": null,
            "eps_growth_year": null,
            "eps_4q": null,
            "eps_4q_growth_year": null,
            "roe": null,
            "roe_4q": 0,
            "gross_profit": null,
            "gross_margin": null,
            "gross_margin_4q_avg": 0,
            "net_income": null,
            "revenue": null,
            "common_shares": null,
            "book_valuer_per_share": null,
            "book_valuer_per_share_4q_avg": 5.9,
            "equity": null,
            "current_ratio": null,
            "debt_ratio": null,
            "inventory_turnover_ratio": null,
            "account_receivable_turnover_ratio": null,
            "reinvestment_rate": null,
            "research_to_sale_ratio": null,
            "price_fair": 5.48,
            "eps_avg_yearly": 1.83,
            "eps_latest_yearly": 1.52,
            "eps_growth_yearly": -109.42
        },
        "20104": {
            "year_quarter": 20104,
            "year": 2010,
            "quarter": 4,
            "eps": null,
            "eps_growth_year": null,
            "eps_4q": null,
            "eps_4q_growth_year": null,
            "roe": null,
            "roe_4q": 0,
            "gross_profit": null,
            "gross_margin": null,
            "gross_margin_4q_avg": 0,
            "net_income": null,
            "revenue": null,
            "common_shares": 368628,
            "book_valuer_per_share": 10.6,
            "book_valuer_per_share_4q_avg": 5.59,
            "equity": 390755,
            "current_ratio": 253.29,
            "debt_ratio": 31.67,
            "inventory_turnover_ratio": null,
            "account_receivable_turnover_ratio": null,
            "reinvestment_rate": null,
            "research_to_sale_ratio": null,
            "price_fair": 5.48,
            "eps_avg_yearly": 1.83,
            "eps_latest_yearly": 1.52,
            "eps_growth_yearly": -109.42
        },
        "20111": {
            "year_quarter": 20111,
            "year": 2011,
            "quarter": 1,
            "eps": null,
            "eps_growth_year": null,
            "eps_4q": null,
            "eps_4q_growth_year": null,
            "roe": null,
            "roe_4q": 0,
            "gross_profit": null,
            "gross_margin": null,
            "gross_margin_4q_avg": 0,
            "net_income": null,
            "revenue": null,
            "common_shares": null,
            "book_valuer_per_share": null,
            "book_valuer_per_share_4q_avg": 5.59,
            "equity": null,
            "current_ratio": null,
            "debt_ratio": null,
            "inventory_turnover_ratio": null,
            "account_receivable_turnover_ratio": null,
            "reinvestment_rate": null,
            "research_to_sale_ratio": null,
            "price_fair": 5.48,
            "eps_avg_yearly": 1.83,
            "eps_latest_yearly": 1.52,
            "eps_growth_yearly": -109.42
        },
        "20112": {
            "year_quarter": 20112,
            "year": 2011,
            "quarter": 2,
            "eps": null,
            "eps_growth_year": null,
            "eps_4q": null,
            "eps_4q_growth_year": null,
            "roe": null,
            "roe_4q": 0,
            "gross_profit": null,
            "gross_margin": null,
            "gross_margin_4q_avg": 0,
            "net_income": null,
            "revenue": null,
            "common_shares": 368628,
            "book_valuer_per_share": 9.89,
            "book_valuer_per_share_4q_avg": 5.12,
            "equity": 364450,
            "current_ratio": 198.07,
            "debt_ratio": 37.71,
            "inventory_turnover_ratio": null,
            "account_receivable_turnover_ratio": null,
            "reinvestment_rate": null,
            "research_to_sale_ratio": null,
            "price_fair": 4.68,
            "eps_avg_yearly": 1.56,
            "eps_latest_yearly": 1.52,
            "eps_growth_yearly": -74.41
        },
        "20113": {
            "year_quarter": 20113,
            "year": 2011,
            "quarter": 3,
            "eps": null,
            "eps_growth_year": null,
            "eps_4q": null,
            "eps_4q_growth_year": null,
            "roe": null,
            "roe_4q": 0,
            "gross_profit": null,
            "gross_margin": null,
            "gross_margin_4q_avg": 0,
            "net_income": null,
            "revenue": null,
            "common_shares": null,
            "book_valuer_per_share": null,
            "book_valuer_per_share_4q_avg": 5.12,
            "equity": null,
            "current_ratio": null,
            "debt_ratio": null,
            "inventory_turnover_ratio": null,
            "account_receivable_turnover_ratio": null,
            "reinvestment_rate": null,
            "research_to_sale_ratio": null,
            "price_fair": 4.56,
            "eps_avg_yearly": 1.52,
            "eps_latest_yearly": 1.52,
            "eps_growth_yearly": -20
        },
        "20114": {
            "year_quarter": 20114,
            "year": 2011,
            "quarter": 4,
            "eps": null,
            "eps_growth_year": null,
            "eps_4q": null,
            "eps_4q_growth_year": null,
            "roe": null,
            "roe_4q": 0,
            "gross_profit": null,
            "gross_margin": null,
            "gross_margin_4q_avg": 0,
            "net_income": null,
            "revenue": null,
            "common_shares": 368628,
            "book_valuer_per_share": 8.92,
            "book_valuer_per_share_4q_avg": 4.7,
            "equity": 328910,
            "current_ratio": 160.64,
            "debt_ratio": 36,
            "inventory_turnover_ratio": null,
            "account_receivable_turnover_ratio": null,
            "reinvestment_rate": null,
            "research_to_sale_ratio": null,
            "price_fair": 0,
            "eps_avg_yearly": 0,
            "eps_latest_yearly": 0,
            "eps_growth_yearly": 0
        },
        "20121": {
            "year_quarter": 20121,
            "year": 2012,
            "quarter": 1,
            "eps": null,
            "eps_growth_year": null,
            "eps_4q": null,
            "eps_4q_growth_year": null,
            "roe": null,
            "roe_4q": 0,
            "gross_profit": null,
            "gross_margin": null,
            "gross_margin_4q_avg": 0,
            "net_income": null,
            "revenue": null,
            "common_shares": null,
            "book_valuer_per_share": null,
            "book_valuer_per_share_4q_avg": 4.7,
            "equity": null,
            "current_ratio": null,
            "debt_ratio": null,
            "inventory_turnover_ratio": null,
            "account_receivable_turnover_ratio": null,
            "reinvestment_rate": null,
            "research_to_sale_ratio": null,
            "price_fair": 0,
            "eps_avg_yearly": 0,
            "eps_latest_yearly": 0,
            "eps_growth_yearly": 0
        },
        "20122": {
            "year_quarter": 20122,
            "year": 2012,
            "quarter": 2,
            "eps": null,
            "eps_growth_year": null,
            "eps_4q": null,
            "eps_4q_growth_year": null,
            "roe": null,
            "roe_4q": 0,
            "gross_profit": null,
            "gross_margin": null,
            "gross_margin_4q_avg": 0,
            "net_income": null,
            "revenue": null,
            "common_shares": 368628,
            "book_valuer_per_share": 7.86,
            "book_valuer_per_share_4q_avg": 4.2,
            "equity": 289907,
            "current_ratio": 133.28,
            "debt_ratio": 42.79,
            "inventory_turnover_ratio": null,
            "account_receivable_turnover_ratio": null,
            "reinvestment_rate": null,
            "research_to_sale_ratio": null,
            "price_fair": 0,
            "eps_avg_yearly": 0,
            "eps_latest_yearly": 0,
            "eps_growth_yearly": 0
        },
        "20123": {
            "year_quarter": 20123,
            "year": 2012,
            "quarter": 3,
            "eps": null,
            "eps_growth_year": null,
            "eps_4q": null,
            "eps_4q_growth_year": null,
            "roe": null,
            "roe_4q": 0,
            "gross_profit": null,
            "gross_margin": null,
            "gross_margin_4q_avg": 0,
            "net_income": null,
            "revenue": null,
            "common_shares": null,
            "book_valuer_per_share": null,
            "book_valuer_per_share_4q_avg": 4.2,
            "equity": null,
            "current_ratio": null,
            "debt_ratio": null,
            "inventory_turnover_ratio": null,
            "account_receivable_turnover_ratio": null,
            "reinvestment_rate": null,
            "research_to_sale_ratio": null,
            "price_fair": 0,
            "eps_avg_yearly": 0,
            "eps_latest_yearly": 0,
            "eps_growth_yearly": 0
        },
        "20124": {
            "year_quarter": 20124,
            "year": 2012,
            "quarter": 4,
            "eps": null,
            "eps_growth_year": null,
            "eps_4q": null,
            "eps_4q_growth_year": null,
            "roe": null,
            "roe_4q": 0,
            "gross_profit": null,
            "gross_margin": null,
            "gross_margin_4q_avg": 0,
            "net_income": null,
            "revenue": null,
            "common_shares": 315826,
            "book_valuer_per_share": 10.15,
            "book_valuer_per_share_4q_avg": 4.5,
            "equity": 320546,
            "current_ratio": 144.51,
            "debt_ratio": 51.26,
            "inventory_turnover_ratio": null,
            "account_receivable_turnover_ratio": null,
            "reinvestment_rate": null,
            "research_to_sale_ratio": null,
            "price_fair": 0,
            "eps_avg_yearly": 0,
            "eps_latest_yearly": 0,
            "eps_growth_yearly": 0
        },
        "20131": {
            "year_quarter": 20131,
            "year": 2013,
            "quarter": 1,
            "eps": null,
            "eps_growth_year": null,
            "eps_4q": null,
            "eps_4q_growth_year": null,
            "roe": null,
            "roe_4q": 0,
            "gross_profit": null,
            "gross_margin": null,
            "gross_margin_4q_avg": 0,
            "net_income": null,
            "revenue": null,
            "common_shares": null,
            "book_valuer_per_share": null,
            "book_valuer_per_share_4q_avg": 4.5,
            "equity": null,
            "current_ratio": null,
            "debt_ratio": null,
            "inventory_turnover_ratio": null,
            "account_receivable_turnover_ratio": null,
            "reinvestment_rate": null,
            "research_to_sale_ratio": null,
            "price_fair": 0,
            "eps_avg_yearly": 0,
            "eps_latest_yearly": 0,
            "eps_growth_yearly": 0
        },
        "20132": {
            "year_quarter": 20132,
            "year": 2013,
            "quarter": 2,
            "eps": null,
            "eps_growth_year": null,
            "eps_4q": null,
            "eps_4q_growth_year": null,
            "roe": null,
            "roe_4q": 0,
            "gross_profit": null,
            "gross_margin": null,
            "gross_margin_4q_avg": 0,
            "net_income": null,
            "revenue": null,
            "common_shares": 315826,
            "book_valuer_per_share": 12.09,
            "book_valuer_per_share_4q_avg": 5.56,
            "equity": 381756,
            "current_ratio": 158.1,
            "debt_ratio": 49.08,
            "inventory_turnover_ratio": null,
            "account_receivable_turnover_ratio": null,
            "reinvestment_rate": null,
            "research_to_sale_ratio": null,
            "price_fair": 0,
            "eps_avg_yearly": 0,
            "eps_latest_yearly": 0,
            "eps_growth_yearly": 0
        },
        "20133": {
            "year_quarter": 20133,
            "year": 2013,
            "quarter": 3,
            "eps": null,
            "eps_growth_year": null,
            "eps_4q": null,
            "eps_4q_growth_year": null,
            "roe": null,
            "roe_4q": 0,
            "gross_profit": 54199,
            "gross_margin": null,
            "gross_margin_4q_avg": 0,
            "net_income": 13978,
            "revenue": 267489,
            "common_shares": 315826,
            "book_valuer_per_share": 12.49,
            "book_valuer_per_share_4q_avg": 8.68,
            "equity": 394502,
            "current_ratio": 163.66,
            "debt_ratio": 47.75,
            "inventory_turnover_ratio": null,
            "account_receivable_turnover_ratio": null,
            "reinvestment_rate": null,
            "research_to_sale_ratio": null,
            "price_fair": 0,
            "eps_avg_yearly": 0,
            "eps_latest_yearly": 0,
            "eps_growth_yearly": 0
        },
        "20134": {
            "year_quarter": 20134,
            "year": 2013,
            "quarter": 4,
            "eps": null,
            "eps_growth_year": null,
            "eps_4q": null,
            "eps_4q_growth_year": null,
            "roe": null,
            "roe_4q": 0,
            "gross_profit": 42077,
            "gross_margin": null,
            "gross_margin_4q_avg": 0,
            "net_income": -31131,
            "revenue": 246285,
            "common_shares": 315826,
            "book_valuer_per_share": 11.53,
            "book_valuer_per_share_4q_avg": 9.03,
            "equity": 364001,
            "current_ratio": 143.85,
            "debt_ratio": 54.35,
            "inventory_turnover_ratio": null,
            "account_receivable_turnover_ratio": null,
            "reinvestment_rate": null,
            "research_to_sale_ratio": null,
            "price_fair": 0,
            "eps_avg_yearly": 0,
            "eps_latest_yearly": 0,
            "eps_growth_yearly": 0
        },
        "20141": {
            "year_quarter": 20141,
            "year": 2014,
            "quarter": 1,
            "eps": null,
            "eps_growth_year": null,
            "eps_4q": null,
            "eps_4q_growth_year": null,
            "roe": null,
            "roe_4q": 0,
            "gross_profit": 51831,
            "gross_margin": null,
            "gross_margin_4q_avg": 0,
            "net_income": 12260,
            "revenue": 236475,
            "common_shares": 315826,
            "book_valuer_per_share": 11.92,
            "book_valuer_per_share_4q_avg": 12.01,
            "equity": 376578,
            "current_ratio": 152.65,
            "debt_ratio": 51.09,
            "inventory_turnover_ratio": null,
            "account_receivable_turnover_ratio": null,
            "reinvestment_rate": null,
            "research_to_sale_ratio": null,
            "price_fair": 0,
            "eps_avg_yearly": 0,
            "eps_latest_yearly": 0,
            "eps_growth_yearly": 0
        },
        "20142": {
            "year_quarter": 20142,
            "year": 2014,
            "quarter": 2,
            "eps": 0.08,
            "eps_growth_year": null,
            "eps_4q": 0.08,
            "eps_4q_growth_year": null,
            "roe": 0.65,
            "roe_4q": 0.65,
            "gross_profit": 35091,
            "gross_margin": 15.04,
            "gross_margin_4q_avg": 3.76,
            "net_income": 2383,
            "revenue": 233305,
            "common_shares": 315826,
            "book_valuer_per_share": 11.42,
            "book_valuer_per_share_4q_avg": 11.84,
            "equity": 360577,
            "current_ratio": 151.15,
            "debt_ratio": 51.41,
            "inventory_turnover_ratio": 1.49,
            "account_receivable_turnover_ratio": 1.85,
            "reinvestment_rate": null,
            "research_to_sale_ratio": null,
            "price_fair": 0,
            "eps_avg_yearly": 0,
            "eps_latest_yearly": 0,
            "eps_growth_yearly": 0
        },
        "20143": {
            "year_quarter": 20143,
            "year": 2014,
            "quarter": 3,
            "eps": 0.62,
            "eps_growth_year": null,
            "eps_4q": 0.69,
            "eps_4q_growth_year": null,
            "roe": 5.24,
            "roe_4q": 5.890000000000001,
            "gross_profit": 58772,
            "gross_margin": 22.2,
            "gross_margin_4q_avg": 9.31,
            "net_income": 19503,
            "revenue": 264733,
            "common_shares": 315826,
            "book_valuer_per_share": 12.14,
            "book_valuer_per_share_4q_avg": 11.75,
            "equity": 383305,
            "current_ratio": 150.87,
            "debt_ratio": 52.04,
            "inventory_turnover_ratio": 1.63,
            "account_receivable_turnover_ratio": 0.96,
            "reinvestment_rate": null,
            "research_to_sale_ratio": 0.74,
            "price_fair": 86.8,
            "eps_avg_yearly": 2.48,
            "eps_latest_yearly": 2.48,
            "eps_growth_yearly": 2700
        },
        "20144": {
            "year_quarter": 20144,
            "year": 2014,
            "quarter": 4,
            "eps": 0.19,
            "eps_growth_year": null,
            "eps_4q": 0.89,
            "eps_4q_growth_year": null,
            "roe": 1.58,
            "roe_4q": 7.470000000000001,
            "gross_profit": 54807,
            "gross_margin": 20.92,
            "gross_margin_4q_avg": 14.54,
            "net_income": 6122,
            "revenue": 262028,
            "common_shares": 315826,
            "book_valuer_per_share": 12.46,
            "book_valuer_per_share_4q_avg": 11.99,
            "equity": 393548,
            "current_ratio": 143.77,
            "debt_ratio": 55.72,
            "inventory_turnover_ratio": 1.41,
            "account_receivable_turnover_ratio": 0.95,
            "reinvestment_rate": null,
            "research_to_sale_ratio": 1,
            "price_fair": 56.7,
            "eps_avg_yearly": 1.62,
            "eps_latest_yearly": 0.76,
            "eps_growth_yearly": 1211.29
        },
        "20151": {
            "year_quarter": 20151,
            "year": 2015,
            "quarter": 1,
            "eps": 0.22,
            "eps_growth_year": null,
            "eps_4q": 1.11,
            "eps_4q_growth_year": null,
            "roe": 1.75,
            "roe_4q": 9.22,
            "gross_profit": 46397,
            "gross_margin": 19.18,
            "gross_margin_4q_avg": 19.34,
            "net_income": 6945,
            "revenue": 241847,
            "common_shares": 315826,
            "book_valuer_per_share": 12.64,
            "book_valuer_per_share_4q_avg": 12.17,
            "equity": 399163,
            "current_ratio": 139.11,
            "debt_ratio": 52.92,
            "inventory_turnover_ratio": 1.19,
            "account_receivable_turnover_ratio": 1.01,
            "reinvestment_rate": null,
            "research_to_sale_ratio": 0.77,
            "price_fair": 48.07,
            "eps_avg_yearly": 1.37,
            "eps_latest_yearly": 0.88,
            "eps_growth_yearly": 828.58
        },
        "20152": {
            "year_quarter": 20152,
            "year": 2015,
            "quarter": 2,
            "eps": 0.56,
            "eps_growth_year": 642.18,
            "eps_4q": 1.45,
            "eps_4q_growth_year": 1815.58,
            "roe": 4.46,
            "roe_4q": 13.030000000000001,
            "gross_profit": 72630,
            "gross_margin": 22.59,
            "gross_margin_4q_avg": 21.22,
            "net_income": 18786,
            "revenue": 321460,
            "common_shares": 355316,
            "book_valuer_per_share": 12.49,
            "book_valuer_per_share_4q_avg": 12.43,
            "equity": 443665,
            "current_ratio": 144.21,
            "debt_ratio": 52.55,
            "inventory_turnover_ratio": 1.5,
            "account_receivable_turnover_ratio": 1.18,
            "reinvestment_rate": null,
            "research_to_sale_ratio": 0.7,
            "price_fair": 55.65,
            "eps_avg_yearly": 1.59,
            "eps_latest_yearly": 2.24,
            "eps_growth_yearly": 775.98
        },
        "20153": {
            "year_quarter": 20153,
            "year": 2015,
            "quarter": 3,
            "eps": 1.07,
            "eps_growth_year": 72.58,
            "eps_4q": 1.97,
            "eps_4q_growth_year": 183.67,
            "roe": 8.15,
            "roe_4q": 15.94,
            "gross_profit": 69398,
            "gross_margin": 26.35,
            "gross_margin_4q_avg": 22.26,
            "net_income": 37994,
            "revenue": 263356,
            "common_shares": 355316,
            "book_valuer_per_share": 13.75,
            "book_valuer_per_share_4q_avg": 12.84,
            "equity": 488490,
            "current_ratio": 150.44,
            "debt_ratio": 50.11,
            "inventory_turnover_ratio": 1.1,
            "account_receivable_turnover_ratio": 0.81,
            "reinvestment_rate": null,
            "research_to_sale_ratio": 0.77,
            "price_fair": 74.48,
            "eps_avg_yearly": 2.13,
            "eps_latest_yearly": 4.28,
            "eps_growth_yearly": 693.64
        },
        "20154": {
            "year_quarter": 20154,
            "year": 2015,
            "quarter": 4,
            "eps": 0.4,
            "eps_growth_year": 104.72,
            "eps_4q": 2.19,
            "eps_4q_growth_year": 146.98,
            "roe": 2.86,
            "roe_4q": 17.22,
            "gross_profit": 82836,
            "gross_margin": 26.36,
            "gross_margin_4q_avg": 23.62,
            "net_income": 14100,
            "revenue": 314242,
            "common_shares": 355316,
            "book_valuer_per_share": 13.98,
            "book_valuer_per_share_4q_avg": 13.22,
            "equity": 496649,
            "current_ratio": 165.4,
            "debt_ratio": 47.82,
            "inventory_turnover_ratio": 1.33,
            "account_receivable_turnover_ratio": 1.1,
            "reinvestment_rate": null,
            "research_to_sale_ratio": 0.89,
            "price_fair": 71.4,
            "eps_avg_yearly": 2.04,
            "eps_latest_yearly": 1.6,
            "eps_growth_yearly": 536.29
        },
        "20161": {
            "year_quarter": 20161,
            "year": 2016,
            "quarter": 1,
            "eps": 0.79,
            "eps_growth_year": 259.09,
            "eps_4q": 2.79,
            "eps_4q_growth_year": 151.91,
            "roe": 5.54,
            "roe_4q": 21.01,
            "gross_profit": 83190,
            "gross_margin": 28.84,
            "gross_margin_4q_avg": 26.04,
            "net_income": 28179,
            "revenue": 288424,
            "common_shares": 355316,
            "book_valuer_per_share": 14.63,
            "book_valuer_per_share_4q_avg": 13.71,
            "equity": 519836,
            "current_ratio": 179.54,
            "debt_ratio": 44.77,
            "inventory_turnover_ratio": 1.42,
            "account_receivable_turnover_ratio": 1.12,
            "reinvestment_rate": null,
            "research_to_sale_ratio": 0.95,
            "price_fair": 77,
            "eps_avg_yearly": 2.2,
            "eps_latest_yearly": 3.16,
            "eps_growth_yearly": 515.39
        },
        "20162": {
            "year_quarter": 20162,
            "year": 2016,
            "quarter": 2,
            "eps": 0.3,
            "eps_growth_year": -46.43,
            "eps_4q": 2.56,
            "eps_4q_growth_year": 76.91,
            "roe": 2.11,
            "roe_4q": 18.66,
            "gross_profit": 66288,
            "gross_margin": 27.41,
            "gross_margin_4q_avg": 27.24,
            "net_income": 10583,
            "revenue": 241854,
            "common_shares": 355316,
            "book_valuer_per_share": 13.54,
            "book_valuer_per_share_4q_avg": 13.98,
            "equity": 481162,
            "current_ratio": 165.72,
            "debt_ratio": 47.81,
            "inventory_turnover_ratio": 1.36,
            "account_receivable_turnover_ratio": 0.92,
            "reinvestment_rate": null,
            "research_to_sale_ratio": 1.02,
            "price_fair": 72.63,
            "eps_avg_yearly": 2.08,
            "eps_latest_yearly": 1.2,
            "eps_growth_yearly": 419.95
        },
        "20163": {
            "year_quarter": 20163,
            "year": 2016,
            "quarter": 3,
            "eps": 0.82,
            "eps_growth_year": -23.36,
            "eps_4q": 2.31,
            "eps_4q_growth_year": 17.61,
            "roe": 5.94,
            "roe_4q": 16.45,
            "gross_profit": 92816,
            "gross_margin": 30.77,
            "gross_margin_4q_avg": 28.35,
            "net_income": 29285,
            "revenue": 301645,
            "common_shares": 355316,
            "book_valuer_per_share": 14.2,
            "book_valuer_per_share_4q_avg": 14.09,
            "equity": 504627,
            "current_ratio": 173.9,
            "debt_ratio": 46.6,
            "inventory_turnover_ratio": 1.77,
            "account_receivable_turnover_ratio": 1.18,
            "reinvestment_rate": null,
            "research_to_sale_ratio": 1.02,
            "price_fair": 77.31,
            "eps_avg_yearly": 2.21,
            "eps_latest_yearly": 3.28,
            "eps_growth_yearly": 450.33
        },
        "20164": {
            "year_quarter": 20164,
            "year": 2016,
            "quarter": 4,
            "eps": 0.81,
            "eps_growth_year": 103.12,
            "eps_4q": 2.72,
            "eps_4q_growth_year": 24.24,
            "roe": 5.54,
            "roe_4q": 19.13,
            "gross_profit": 92536,
            "gross_margin": 30.87,
            "gross_margin_4q_avg": 29.47,
            "net_income": 28640,
            "revenue": 299800,
            "common_shares": 355316,
            "book_valuer_per_share": 14.92,
            "book_valuer_per_share_4q_avg": 14.32,
            "equity": 530081,
            "current_ratio": 177.73,
            "debt_ratio": 46.36,
            "inventory_turnover_ratio": 1.82,
            "account_receivable_turnover_ratio": 1.04,
            "reinvestment_rate": null,
            "research_to_sale_ratio": -0.73,
            "price_fair": 80.92,
            "eps_avg_yearly": 2.31,
            "eps_latest_yearly": 3.24,
            "eps_growth_yearly": 404.81
        },
        "20171": {
            "year_quarter": 20171,
            "year": 2017,
            "quarter": 1,
            "eps": 0.9,
            "eps_growth_year": 13.92,
            "eps_4q": 2.83,
            "eps_4q_growth_year": 1.36,
            "roe": 5.9,
            "roe_4q": 19.490000000000002,
            "gross_profit": 102238,
            "gross_margin": 33.85,
            "gross_margin_4q_avg": 30.73,
            "net_income": 31903,
            "revenue": 302029,
            "common_shares": 355316,
            "book_valuer_per_share": 15.49,
            "book_valuer_per_share_4q_avg": 14.54,
            "equity": 550523,
            "current_ratio": 186.47,
            "debt_ratio": 44.11,
            "inventory_turnover_ratio": 1.8,
            "account_receivable_turnover_ratio": 0.99,
            "reinvestment_rate": null,
            "research_to_sale_ratio": 0.39,
            "price_fair": 85.02,
            "eps_avg_yearly": 2.43,
            "eps_latest_yearly": 3.6,
            "eps_growth_yearly": 372.05
        },
        "20172": {
            "year_quarter": 20172,
            "year": 2017,
            "quarter": 2,
            "eps": 1.02,
            "eps_growth_year": 240,
            "eps_4q": 3.55,
            "eps_4q_growth_year": 38.78,
            "roe": 6.72,
            "roe_4q": 24.1,
            "gross_profit": 76246,
            "gross_margin": 29.1,
            "gross_margin_4q_avg": 31.15,
            "net_income": 36260,
            "revenue": 261996,
            "common_shares": 355316,
            "book_valuer_per_share": 14.9,
            "book_valuer_per_share_4q_avg": 14.88,
            "equity": 529444,
            "current_ratio": 174.27,
            "debt_ratio": 47.07,
            "inventory_turnover_ratio": 1.85,
            "account_receivable_turnover_ratio": 0.87,
            "reinvestment_rate": -16.13,
            "research_to_sale_ratio": 0.54,
            "price_fair": 89.83,
            "eps_avg_yearly": 2.57,
            "eps_latest_yearly": 4.08,
            "eps_growth_yearly": 345.49
        },
        "20173": {
            "year_quarter": 20173,
            "year": 2017,
            "quarter": 3,
            "eps": 0.29,
            "eps_growth_year": -64.63,
            "eps_4q": 3.02,
            "eps_4q_growth_year": 30.51,
            "roe": 1.94,
            "roe_4q": 20.1,
            "gross_profit": 64844,
            "gross_margin": 27.36,
            "gross_margin_4q_avg": 30.3,
            "net_income": 10408,
            "revenue": 237020,
            "common_shares": 355316,
            "book_valuer_per_share": 15.25,
            "book_valuer_per_share_4q_avg": 15.14,
            "equity": 541976,
            "current_ratio": 184.04,
            "debt_ratio": 44.63,
            "inventory_turnover_ratio": 1.75,
            "account_receivable_turnover_ratio": 0.85,
            "reinvestment_rate": -15.13,
            "research_to_sale_ratio": 0.56,
            "price_fair": 86.05,
            "eps_avg_yearly": 2.46,
            "eps_latest_yearly": 1.16,
            "eps_growth_yearly": 296.89
        },
        "20174": {
            "year_quarter": 20174,
            "year": 2017,
            "quarter": 4,
            "eps": -0.13,
            "eps_growth_year": -116.64,
            "eps_4q": 2.08,
            "eps_4q_growth_year": -23.67,
            "roe": -0.88,
            "roe_4q": 13.68,
            "gross_profit": 48046,
            "gross_margin": 24.11,
            "gross_margin_4q_avg": 28.61,
            "net_income": -4767,
            "revenue": 199300,
            "common_shares": 355316,
            "book_valuer_per_share": 15.12,
            "book_valuer_per_share_4q_avg": 15.19,
            "equity": 537182,
            "current_ratio": 174.87,
            "debt_ratio": 44.5,
            "inventory_turnover_ratio": 1.47,
            "account_receivable_turnover_ratio": 0.81,
            "reinvestment_rate": -16.41,
            "research_to_sale_ratio": 0.59,
            "price_fair": 86.05,
            "eps_avg_yearly": 2.46,
            "eps_latest_yearly": 1.16,
            "eps_growth_yearly": 296.89
        },
        "20181": {
            "year_quarter": 20181,
            "year": 2018,
            "quarter": 1,
            "eps": 0.08,
            "eps_growth_year": -91.11,
            "eps_4q": 1.1,
            "eps_4q_growth_year": -61.02,
            "roe": -0.51,
            "roe_4q": 7.27,
            "gross_profit": 43270,
            "gross_margin": 24.69,
            "gross_margin_4q_avg": 26.32,
            "net_income": -2764,
            "revenue": 175271,
            "common_shares": 355316,
            "book_valuer_per_share": 15.11,
            "book_valuer_per_share_4q_avg": 15.1,
            "equity": 536779,
            "current_ratio": 186.07,
            "debt_ratio": 41.42,
            "inventory_turnover_ratio": 1.25,
            "account_receivable_turnover_ratio": 0.82,
            "reinvestment_rate": -17.73,
            "research_to_sale_ratio": 0.78,
            "price_fair": 86.05,
            "eps_avg_yearly": 2.46,
            "eps_latest_yearly": 1.16,
            "eps_growth_yearly": 296.89
        },
        "20182": {
            "year_quarter": 20182,
            "year": 2018,
            "quarter": 2,
            "eps": 0.56,
            "eps_growth_year": -45.1,
            "eps_4q": 0.64,
            "eps_4q_growth_year": -81.9,
            "roe": 3.8,
            "roe_4q": 4.35,
            "gross_profit": 48300,
            "gross_margin": 25.3,
            "gross_margin_4q_avg": 25.37,
            "net_income": 19946,
            "revenue": 190920,
            "common_shares": 355316,
            "book_valuer_per_share": 14.44,
            "book_valuer_per_share_4q_avg": 14.98,
            "equity": 513036,
            "current_ratio": 176.19,
            "debt_ratio": 43.74,
            "inventory_turnover_ratio": 1.42,
            "account_receivable_turnover_ratio": 1.04,
            "reinvestment_rate": -15.97,
            "research_to_sale_ratio": 0.85,
            "price_fair": 85.5,
            "eps_avg_yearly": 2.44,
            "eps_latest_yearly": 2.24,
            "eps_growth_yearly": 447.11
        },
        "20183": {
            "year_quarter": 20183,
            "year": 2018,
            "quarter": 3,
            "eps": 1.01,
            "eps_growth_year": 248.28,
            "eps_4q": 1.36,
            "eps_4q_growth_year": -54.93,
            "roe": 6.85,
            "roe_4q": 9.259999999999998,
            "gross_profit": 71828,
            "gross_margin": 30.09,
            "gross_margin_4q_avg": 26.05,
            "net_income": 35903,
            "revenue": 238678,
            "common_shares": 355316,
            "book_valuer_per_share": 15.07,
            "book_valuer_per_share_4q_avg": 14.94,
            "equity": 535351,
            "current_ratio": 198.63,
            "debt_ratio": 38.44,
            "inventory_turnover_ratio": 1.72,
            "account_receivable_turnover_ratio": 1.17,
            "reinvestment_rate": -17.8,
            "research_to_sale_ratio": 0.93,
            "price_fair": 89.4,
            "eps_avg_yearly": 2.55,
            "eps_latest_yearly": 4.04,
            "eps_growth_yearly": 277.22
        },
        "20184": {
            "year_quarter": 20184,
            "year": 2018,
            "quarter": 4,
            "eps": 0.34,
            "eps_growth_year": null,
            "eps_4q": 1.83,
            "eps_4q_growth_year": -11.92,
            "roe": 2.21,
            "roe_4q": 12.35,
            "gross_profit": 55326,
            "gross_margin": 27.2,
            "gross_margin_4q_avg": 26.82,
            "net_income": 11918,
            "revenue": 203377,
            "common_shares": 355316,
            "book_valuer_per_share": 15.35,
            "book_valuer_per_share_4q_avg": 14.99,
            "equity": 545235,
            "current_ratio": 210.91,
            "debt_ratio": 36.34,
            "inventory_turnover_ratio": 1.54,
            "account_receivable_turnover_ratio": 0.92,
            "reinvestment_rate": -4.68,
            "research_to_sale_ratio": 1.06,
            "price_fair": 90.9,
            "eps_avg_yearly": 2.6,
            "eps_latest_yearly": 1.36,
            "eps_growth_yearly": 278.08
        },
        "20191": {
            "year_quarter": 20191,
            "year": 2019,
            "quarter": 1,
            "eps": 0.22,
            "eps_growth_year": 175,
            "eps_4q": 2.13,
            "eps_4q_growth_year": 93.53,
            "roe": 1.45,
            "roe_4q": 14.309999999999999,
            "gross_profit": 47246,
            "gross_margin": 27.09,
            "gross_margin_4q_avg": 27.42,
            "net_income": 7973,
            "revenue": 174408,
            "common_shares": 355316,
            "book_valuer_per_share": 15.68,
            "book_valuer_per_share_4q_avg": 15.14,
            "equity": 557297,
            "current_ratio": 228.11,
            "debt_ratio": 34.32,
            "inventory_turnover_ratio": 1.4,
            "account_receivable_turnover_ratio": 0.87,
            "reinvestment_rate": -6.4,
            "research_to_sale_ratio": 1.16,
            "price_fair": 90.9,
            "eps_avg_yearly": 2.6,
            "eps_latest_yearly": 0.88,
            "eps_growth_yearly": 263.48
        },
        "20192": {
            "year_quarter": 20192,
            "year": 2019,
            "quarter": 2,
            "eps": 0.54,
            "eps_growth_year": -3.57,
            "eps_4q": 2.11,
            "eps_4q_growth_year": 228.16,
            "roe": 3.49,
            "roe_4q": 14,
            "gross_profit": 57950,
            "gross_margin": 30.2,
            "gross_margin_4q_avg": 28.65,
            "net_income": 19103,
            "revenue": 191875,
            "common_shares": 355316,
            "book_valuer_per_share": 15.16,
            "book_valuer_per_share_4q_avg": 15.32,
            "equity": 538792,
            "current_ratio": 211,
            "debt_ratio": 37.46,
            "inventory_turnover_ratio": 1.65,
            "account_receivable_turnover_ratio": 0.99,
            "reinvestment_rate": -8.74,
            "research_to_sale_ratio": 1.33,
            "price_fair": 90.7,
            "eps_avg_yearly": 2.59,
            "eps_latest_yearly": 2.16,
            "eps_growth_yearly": 260.89
        },
        "20193": {
            "year_quarter": 20193,
            "year": 2019,
            "quarter": 3,
            "eps": 0.41,
            "eps_growth_year": -59.41,
            "eps_4q": 1.5,
            "eps_4q_growth_year": 10.54,
            "roe": 2.66,
            "roe_4q": 9.81,
            "gross_profit": 52552,
            "gross_margin": 27.19,
            "gross_margin_4q_avg": 27.92,
            "net_income": 14415,
            "revenue": 193304,
            "common_shares": 355316,
            "book_valuer_per_share": 15.37,
            "book_valuer_per_share_4q_avg": 15.39,
            "equity": 546296,
            "current_ratio": 216.35,
            "debt_ratio": 36.42,
            "inventory_turnover_ratio": 1.71,
            "account_receivable_turnover_ratio": 0.94,
            "reinvestment_rate": -15.88,
            "research_to_sale_ratio": 0.78,
            "price_fair": 84.1,
            "eps_avg_yearly": 2.4,
            "eps_latest_yearly": 1.64,
            "eps_growth_yearly": 227.99
        },
        "20194": {
            "year_quarter": 20194,
            "year": 2019,
            "quarter": 4,
            "eps": 0.03,
            "eps_growth_year": -90.95,
            "eps_4q": 1.2,
            "eps_4q_growth_year": -34.51,
            "roe": 0.2,
            "roe_4q": 7.800000000000001,
            "gross_profit": 53405,
            "gross_margin": 27.24,
            "gross_margin_4q_avg": 27.93,
            "net_income": 1078,
            "revenue": 196039,
            "common_shares": 355316,
            "book_valuer_per_share": 15.3,
            "book_valuer_per_share_4q_avg": 15.38,
            "equity": 543520,
            "current_ratio": 207.94,
            "debt_ratio": 37.86,
            "inventory_turnover_ratio": 1.53,
            "account_receivable_turnover_ratio": 0.88,
            "reinvestment_rate": -15.26,
            "research_to_sale_ratio": 0.66,
            "price_fair": 80.4,
            "eps_avg_yearly": 2.3,
            "eps_latest_yearly": 0.12,
            "eps_growth_yearly": 219.4
        },
        "20201": {
            "year_quarter": 20201,
            "year": 2020,
            "quarter": 1,
            "eps": 0.31,
            "eps_growth_year": 40.91,
            "eps_4q": 1.29,
            "eps_4q_growth_year": -39.67,
            "roe": 2.03,
            "roe_4q": 8.38,
            "gross_profit": 48941,
            "gross_margin": 27.86,
            "gross_margin_4q_avg": 28.12,
            "net_income": 11097,
            "revenue": 175692,
            "common_shares": 355316,
            "book_valuer_per_share": 15.49,
            "book_valuer_per_share_4q_avg": 15.33,
            "equity": 550494,
            "current_ratio": 229.72,
            "debt_ratio": 34.08,
            "inventory_turnover_ratio": 1.32,
            "account_receivable_turnover_ratio": 0.82,
            "reinvestment_rate": -15.15,
            "research_to_sale_ratio": 0.91,
            "price_fair": 75.6,
            "eps_avg_yearly": 2.16,
            "eps_latest_yearly": 1.24,
            "eps_growth_yearly": 458.21
        },
        "20202": {
            "year_quarter": 20202,
            "year": 2020,
            "quarter": 2,
            "eps": -0.18,
            "eps_growth_year": -133.33,
            "eps_4q": 0.57,
            "eps_4q_growth_year": -72.81,
            "roe": -1.17,
            "roe_4q": 3.7199999999999998,
            "gross_profit": 36930,
            "gross_margin": 28.76,
            "gross_margin_4q_avg": 27.76,
            "net_income": -6223,
            "revenue": 128408,
            "common_shares": 355316,
            "book_valuer_per_share": 14.44,
            "book_valuer_per_share_4q_avg": 15.15,
            "equity": 512971,
            "current_ratio": 222.02,
            "debt_ratio": 34.67,
            "inventory_turnover_ratio": 0.99,
            "account_receivable_turnover_ratio": 0.74,
            "reinvestment_rate": -19.96,
            "research_to_sale_ratio": 1.08,
            "price_fair": 78.18,
            "eps_avg_yearly": 2.23,
            "eps_latest_yearly": 1.24,
            "eps_growth_yearly": 512.54
        },
        "20203": {
            "year_quarter": 20203,
            "year": 2020,
            "quarter": 3,
            "eps": 0.21,
            "eps_growth_year": -48.78,
            "eps_4q": 0.38,
            "eps_4q_growth_year": -75.01,
            "roe": 1.43,
            "roe_4q": 2.49,
            "gross_profit": 48190,
            "gross_margin": 27.46,
            "gross_margin_4q_avg": 27.83,
            "net_income": 7397,
            "revenue": 175512,
            "common_shares": 355316,
            "book_valuer_per_share": 14.62,
            "book_valuer_per_share_4q_avg": 14.96,
            "equity": 519409,
            "current_ratio": 242.28,
            "debt_ratio": 31.61,
            "inventory_turnover_ratio": 1.45,
            "account_receivable_turnover_ratio": 1.08,
            "reinvestment_rate": -19.5,
            "research_to_sale_ratio": 0.74,
            "price_fair": 75.13,
            "eps_avg_yearly": 2.15,
            "eps_latest_yearly": 1.24,
            "eps_growth_yearly": 497.47
        },
        "20204": {
            "year_quarter": 20204,
            "year": 2020,
            "quarter": 4,
            "eps": 0.08,
            "eps_growth_year": 151.48,
            "eps_4q": 0.42,
            "eps_4q_growth_year": -64.81,
            "roe": 0.52,
            "roe_4q": 2.8099999999999996,
            "gross_profit": 53506,
            "gross_margin": 27.26,
            "gross_margin_4q_avg": 27.84,
            "net_income": 2711,
            "revenue": 196281,
            "common_shares": 355316,
            "book_valuer_per_share": 14.82,
            "book_valuer_per_share_4q_avg": 14.84,
            "equity": 526698,
            "current_ratio": 202.96,
            "debt_ratio": 38.62,
            "inventory_turnover_ratio": 1.49,
            "account_receivable_turnover_ratio": 0.95,
            "reinvestment_rate": -19.73,
            "research_to_sale_ratio": 0.67,
            "price_fair": 66.62,
            "eps_avg_yearly": 1.9,
            "eps_latest_yearly": 0.32,
            "eps_growth_yearly": 477.24
        },
        "20211": {
            "year_quarter": 20211,
            "year": 2021,
            "quarter": 1,
            "eps": 0.43,
            "eps_growth_year": 38.71,
            "eps_4q": 0.54,
            "eps_4q_growth_year": -57.98,
            "roe": 2.86,
            "roe_4q": 3.6399999999999997,
            "gross_profit": 60296,
            "gross_margin": 29.42,
            "gross_margin_4q_avg": 28.23,
            "net_income": 15314,
            "revenue": 204915,
            "common_shares": 355316,
            "book_valuer_per_share": 15.27,
            "book_valuer_per_share_4q_avg": 14.79,
            "equity": 542531,
            "current_ratio": 202.87,
            "debt_ratio": 39.05,
            "inventory_turnover_ratio": 1.28,
            "account_receivable_turnover_ratio": 0.99,
            "reinvestment_rate": -21.74,
            "research_to_sale_ratio": 0.74,
            "price_fair": 61.13,
            "eps_avg_yearly": 1.75,
            "eps_latest_yearly": 1.72,
            "eps_growth_yearly": 619.37
        },
        "20212": {
            "year_quarter": 20212,
            "year": 2021,
            "quarter": 2,
            "eps": 0.11,
            "eps_growth_year": null,
            "eps_4q": 0.82,
            "eps_4q_growth_year": 43.63,
            "roe": 0.71,
            "roe_4q": 5.52,
            "gross_profit": 50321,
            "gross_margin": 26.06,
            "gross_margin_4q_avg": 27.55,
            "net_income": 3832,
            "revenue": 193088,
            "common_shares": 355316,
            "book_valuer_per_share": 15.13,
            "book_valuer_per_share_4q_avg": 14.96,
            "equity": 537560,
            "current_ratio": 211.44,
            "debt_ratio": 37.17,
            "inventory_turnover_ratio": 1.25,
            "account_receivable_turnover_ratio": 1.01,
            "reinvestment_rate": -27.96,
            "research_to_sale_ratio": 0.61,
            "price_fair": 50.52,
            "eps_avg_yearly": 1.44,
            "eps_latest_yearly": 0.44,
            "eps_growth_yearly": 590.12
        },
        "20213": {
            "year_quarter": 20213,
            "year": 2021,
            "quarter": 3,
            "eps": 0.09,
            "eps_growth_year": -57.14,
            "eps_4q": 0.71,
            "eps_4q_growth_year": 87.99,
            "roe": 0.6,
            "roe_4q": 4.6899999999999995,
            "gross_profit": 44986,
            "gross_margin": 25.35,
            "gross_margin_4q_avg": 27.02,
            "net_income": 3238,
            "revenue": 177491,
            "common_shares": 355316,
            "book_valuer_per_share": 15.22,
            "book_valuer_per_share_4q_avg": 15.11,
            "equity": 540923,
            "current_ratio": 208.73,
            "debt_ratio": 38.04,
            "inventory_turnover_ratio": 1.08,
            "account_receivable_turnover_ratio": 0.86,
            "reinvestment_rate": -29.22,
            "research_to_sale_ratio": 0.55,
            "price_fair": 48.18,
            "eps_avg_yearly": 1.38,
            "eps_latest_yearly": 0.36,
            "eps_growth_yearly": 607.92
        },
        "20214": {
            "year_quarter": 20214,
            "year": 2021,
            "quarter": 4,
            "eps": -0.13,
            "eps_growth_year": -269.13,
            "eps_4q": 0.5,
            "eps_4q_growth_year": 18.8,
            "roe": -0.85,
            "roe_4q": 3.32,
            "gross_profit": 39204,
            "gross_margin": 22.56,
            "gross_margin_4q_avg": 25.85,
            "net_income": -4585,
            "revenue": 173780,
            "common_shares": 355316,
            "book_valuer_per_share": 15.14,
            "book_valuer_per_share_4q_avg": 15.19,
            "equity": 538035,
            "current_ratio": 212.97,
            "debt_ratio": 37.29,
            "inventory_turnover_ratio": 1.04,
            "account_receivable_turnover_ratio": 0.9,
            "reinvestment_rate": -28.29,
            "research_to_sale_ratio": 0.77,
            "price_fair": 48.18,
            "eps_avg_yearly": 1.38,
            "eps_latest_yearly": 0.36,
            "eps_growth_yearly": 607.92
        },
        "20221": {
            "year_quarter": 20221,
            "year": 2022,
            "quarter": 1,
            "eps": 0.19,
            "eps_growth_year": -55.81,
            "eps_4q": 0.26,
            "eps_4q_growth_year": -51.54,
            "roe": 1.25,
            "roe_4q": 1.71,
            "gross_profit": 33901,
            "gross_margin": 20.93,
            "gross_margin_4q_avg": 23.73,
            "net_income": 6819,
            "revenue": 162009,
            "common_shares": 355316,
            "book_valuer_per_share": 15.54,
            "book_valuer_per_share_4q_avg": 15.26,
            "equity": 552297,
            "current_ratio": 227.7,
            "debt_ratio": 34.7,
            "inventory_turnover_ratio": 1.03,
            "account_receivable_turnover_ratio": 0.91,
            "reinvestment_rate": -24.05,
            "research_to_sale_ratio": 0.89,
            "price_fair": 48.18,
            "eps_avg_yearly": 1.38,
            "eps_latest_yearly": 0.36,
            "eps_growth_yearly": 607.92
        },
        "20222": {
            "year_quarter": 20222,
            "year": 2022,
            "quarter": 2,
            "eps": 0.47,
            "eps_growth_year": 327.27,
            "eps_4q": 0.62,
            "eps_4q_growth_year": -24.12,
            "roe": 3.01,
            "roe_4q": 4.01,
            "gross_profit": 47099,
            "gross_margin": 23.07,
            "gross_margin_4q_avg": 22.98,
            "net_income": 16725,
            "revenue": 204129,
            "common_shares": 355316,
            "book_valuer_per_share": 15.76,
            "book_valuer_per_share_4q_avg": 15.42,
            "equity": 559887,
            "current_ratio": 224.72,
            "debt_ratio": 34.93,
            "inventory_turnover_ratio": 1.35,
            "account_receivable_turnover_ratio": 1.06,
            "reinvestment_rate": -19.45,
            "research_to_sale_ratio": 0.66,
            "price_fair": 47.13,
            "eps_avg_yearly": 1.35,
            "eps_latest_yearly": 1.88,
            "eps_growth_yearly": 457.04
        },
        "20223": {
            "year_quarter": 20223,
            "year": 2022,
            "quarter": 3,
            "eps": 0.74,
            "eps_growth_year": 722.22,
            "eps_4q": 1.28,
            "eps_4q_growth_year": 80.61,
            "roe": 4.59,
            "roe_4q": 8,
            "gross_profit": 56119,
            "gross_margin": 27.34,
            "gross_margin_4q_avg": 23.48,
            "net_income": 26366,
            "revenue": 205260,
            "common_shares": 355316,
            "book_valuer_per_share": 16.58,
            "book_valuer_per_share_4q_avg": 15.76,
            "equity": 589007,
            "current_ratio": 229.39,
            "debt_ratio": 34.7,
            "inventory_turnover_ratio": 1.28,
            "account_receivable_turnover_ratio": 0.97,
            "reinvestment_rate": -18.21,
            "research_to_sale_ratio": 0.73,
            "price_fair": 43.98,
            "eps_avg_yearly": 1.26,
            "eps_latest_yearly": 2.96,
            "eps_growth_yearly": 449.4
        },
        "20224": {
            "year_quarter": 20224,
            "year": 2022,
            "quarter": 4,
            "eps": 0.04,
            "eps_growth_year": null,
            "eps_4q": 1.45,
            "eps_4q_growth_year": 188.75,
            "roe": 0.25,
            "roe_4q": 9.1,
            "gross_profit": 50488,
            "gross_margin": 28.14,
            "gross_margin_4q_avg": 24.87,
            "net_income": 1485,
            "revenue": 179405,
            "common_shares": 355316,
            "book_valuer_per_share": 16.55,
            "book_valuer_per_share_4q_avg": 16.11,
            "equity": 588178,
            "current_ratio": 223.88,
            "debt_ratio": 35.88,
            "inventory_turnover_ratio": 1,
            "account_receivable_turnover_ratio": 0.9,
            "reinvestment_rate": -15.19,
            "research_to_sale_ratio": 1.16,
            "price_fair": 40.48,
            "eps_avg_yearly": 1.16,
            "eps_latest_yearly": 0.16,
            "eps_growth_yearly": 439.98
        },
        "20231": {
            "year_quarter": 20231,
            "year": 2023,
            "quarter": 1,
            "eps": 0.01,
            "eps_growth_year": -94.74,
            "eps_4q": 1.26,
            "eps_4q_growth_year": 381.15,
            "roe": 0.03,
            "roe_4q": 7.88,
            "gross_profit": 42900,
            "gross_margin": 27.14,
            "gross_margin_4q_avg": 26.42,
            "net_income": 190,
            "revenue": 158073,
            "common_shares": 355316,
            "book_valuer_per_share": 16.61,
            "book_valuer_per_share_4q_avg": 16.38,
            "equity": 590103,
            "current_ratio": 248.31,
            "debt_ratio": 31.94,
            "inventory_turnover_ratio": 0.85,
            "account_receivable_turnover_ratio": 0.88,
            "reinvestment_rate": -14.49,
            "research_to_sale_ratio": 0.93,
            "price_fair": 38.03,
            "eps_avg_yearly": 1.09,
            "eps_latest_yearly": 0.04,
            "eps_growth_yearly": 426.75
        }
    },
    "months": {
        "2005-12": {
            "month": "2005-12",
            "price": "18.15",
            "revenue": 44202
        },
        "2006-01": {
            "month": "2006-01",
            "price": "21.21",
            "revenue": 35039
        },
        "2006-02": {
            "month": "2006-02",
            "price": "18.70",
            "revenue": 21139
        },
        "2006-03": {
            "month": "2006-03",
            "price": "18.80",
            "revenue": 46151
        },
        "2006-04": {
            "month": "2006-04",
            "price": "18.26",
            "revenue": 54331
        },
        "2006-05": {
            "month": "2006-05",
            "price": "19.33",
            "revenue": 49145
        },
        "2006-06": {
            "month": "2006-06",
            "price": "20.54",
            "revenue": 61461
        },
        "2006-07": {
            "month": "2006-07",
            "price": "22.51",
            "revenue": 61985
        },
        "2006-08": {
            "month": "2006-08",
            "price": "23.51",
            "revenue": 69742
        },
        "2006-09": {
            "month": "2006-09",
            "price": "24.49",
            "revenue": 64687
        },
        "2006-10": {
            "month": "2006-10",
            "price": "26.78",
            "revenue": 37172
        },
        "2006-11": {
            "month": "2006-11",
            "price": "32.13",
            "revenue": 65876
        },
        "2006-12": {
            "month": "2006-12",
            "price": "36.25",
            "revenue": 43945
        },
        "2007-01": {
            "month": "2007-01",
            "price": "46.99",
            "revenue": 56989
        },
        "2007-02": {
            "month": "2007-02",
            "price": "45.54",
            "revenue": 53895
        },
        "2007-03": {
            "month": "2007-03",
            "price": "49.33",
            "revenue": 83351
        },
        "2007-04": {
            "month": "2007-04",
            "price": "56.80",
            "revenue": 82207
        },
        "2007-05": {
            "month": "2007-05",
            "price": "61.94",
            "revenue": 73777
        },
        "2007-06": {
            "month": "2007-06",
            "price": "69.46",
            "revenue": 65844
        },
        "2007-07": {
            "month": "2007-07",
            "price": "74.40",
            "revenue": 50320
        },
        "2007-08": {
            "month": "2007-08",
            "price": "57.27",
            "revenue": 64710
        },
        "2007-09": {
            "month": "2007-09",
            "price": "50.13",
            "revenue": 59433
        },
        "2007-10": {
            "month": "2007-10",
            "price": "43.27",
            "revenue": 61978
        },
        "2007-11": {
            "month": "2007-11",
            "price": "28.75",
            "revenue": 61347
        },
        "2007-12": {
            "month": "2007-12",
            "price": "28.22",
            "revenue": 62001
        },
        "2008-01": {
            "month": "2008-01",
            "price": "27.09",
            "revenue": 84382
        },
        "2008-02": {
            "month": "2008-02",
            "price": "24.79",
            "revenue": 53623
        },
        "2008-03": {
            "month": "2008-03",
            "price": "23.49",
            "revenue": 66943
        },
        "2008-04": {
            "month": "2008-04",
            "price": "20.94",
            "revenue": 58716
        },
        "2008-05": {
            "month": "2008-05",
            "price": "19.15",
            "revenue": 49695
        },
        "2008-06": {
            "month": "2008-06",
            "price": "16.42",
            "revenue": 50745
        },
        "2008-07": {
            "month": "2008-07",
            "price": "14.56",
            "revenue": 60038
        },
        "2008-08": {
            "month": "2008-08",
            "price": "11.93",
            "revenue": 70027
        },
        "2008-09": {
            "month": "2008-09",
            "price": "9.98",
            "revenue": 73760
        },
        "2008-10": {
            "month": "2008-10",
            "price": "10.26",
            "revenue": 71237
        },
        "2008-11": {
            "month": "2008-11",
            "price": "7.88",
            "revenue": 41165
        },
        "2008-12": {
            "month": "2008-12",
            "price": "6.95",
            "revenue": 38196
        },
        "2009-01": {
            "month": "2009-01",
            "price": "3.74",
            "revenue": 23738
        },
        "2009-02": {
            "month": "2009-02",
            "price": "3.97",
            "revenue": 31057
        },
        "2009-03": {
            "month": "2009-03",
            "price": "4.26",
            "revenue": 22565
        },
        "2009-04": {
            "month": "2009-04",
            "price": "5.83",
            "revenue": 21401
        },
        "2009-05": {
            "month": "2009-05",
            "price": "5.09",
            "revenue": 40558
        },
        "2009-06": {
            "month": "2009-06",
            "price": "4.73",
            "revenue": 51520
        },
        "2009-07": {
            "month": "2009-07",
            "price": "5.12",
            "revenue": 47529
        },
        "2009-08": {
            "month": "2009-08",
            "price": "6.18",
            "revenue": 40142
        },
        "2009-09": {
            "month": "2009-09",
            "price": "6.07",
            "revenue": 37409
        },
        "2009-10": {
            "month": "2009-10",
            "price": "6.34",
            "revenue": 39939
        },
        "2009-11": {
            "month": "2009-11",
            "price": "6.49",
            "revenue": 31010
        },
        "2009-12": {
            "month": "2009-12",
            "price": "6.67",
            "revenue": 35836
        },
        "2010-01": {
            "month": "2010-01",
            "price": "11.66",
            "revenue": 42321
        },
        "2010-02": {
            "month": "2010-02",
            "price": "8.58",
            "revenue": 34268
        },
        "2010-03": {
            "month": "2010-03",
            "price": "9.61",
            "revenue": 45057
        },
        "2010-04": {
            "month": "2010-04",
            "price": "10.14",
            "revenue": 32190
        },
        "2010-05": {
            "month": "2010-05",
            "price": "9.59",
            "revenue": 38892
        },
        "2010-06": {
            "month": "2010-06",
            "price": "9.11",
            "revenue": 38285
        },
        "2010-07": {
            "month": "2010-07",
            "price": "8.92",
            "revenue": 42290
        },
        "2010-08": {
            "month": "2010-08",
            "price": "8.89",
            "revenue": 39957
        },
        "2010-09": {
            "month": "2010-09",
            "price": "8.36",
            "revenue": 38970
        },
        "2010-10": {
            "month": "2010-10",
            "price": "7.75",
            "revenue": 26747
        },
        "2010-11": {
            "month": "2010-11",
            "price": "7.73",
            "revenue": 27140
        },
        "2010-12": {
            "month": "2010-12",
            "price": "7.09",
            "revenue": 21705
        },
        "2011-01": {
            "month": "2011-01",
            "price": "6.54",
            "revenue": 27267
        },
        "2011-02": {
            "month": "2011-02",
            "price": "6.08",
            "revenue": 20859
        },
        "2011-03": {
            "month": "2011-03",
            "price": "5.99",
            "revenue": 26787
        },
        "2011-04": {
            "month": "2011-04",
            "price": "6.40",
            "revenue": 33950
        },
        "2011-05": {
            "month": "2011-05",
            "price": "6.41",
            "revenue": 29249
        },
        "2011-06": {
            "month": "2011-06",
            "price": "6.13",
            "revenue": 28316
        },
        "2011-07": {
            "month": "2011-07",
            "price": "5.55",
            "revenue": 27947
        },
        "2011-08": {
            "month": "2011-08",
            "price": "5.16",
            "revenue": 24505
        },
        "2011-09": {
            "month": "2011-09",
            "price": "4.95",
            "revenue": 20235
        },
        "2011-10": {
            "month": "2011-10",
            "price": "4.21",
            "revenue": 26680
        },
        "2011-11": {
            "month": "2011-11",
            "price": "3.65",
            "revenue": 25766
        },
        "2011-12": {
            "month": "2011-12",
            "price": "3.03",
            "revenue": 23846
        },
        "2012-01": {
            "month": "2012-01",
            "price": "4.07",
            "revenue": 12635
        },
        "2012-02": {
            "month": "2012-02",
            "price": "3.92",
            "revenue": 18331
        },
        "2012-03": {
            "month": "2012-03",
            "price": "5.53",
            "revenue": 24291
        },
        "2012-04": {
            "month": "2012-04",
            "price": "5.63",
            "revenue": 15910
        },
        "2012-05": {
            "month": "2012-05",
            "price": "4.52",
            "revenue": 27228
        },
        "2012-06": {
            "month": "2012-06",
            "price": "3.34",
            "revenue": 35700
        },
        "2012-07": {
            "month": "2012-07",
            "price": "2.92",
            "revenue": 32453
        },
        "2012-08": {
            "month": "2012-08",
            "price": "2.87",
            "revenue": 40411
        },
        "2012-09": {
            "month": "2012-09",
            "price": "2.69",
            "revenue": 46201
        },
        "2012-10": {
            "month": "2012-10",
            "price": "3.92",
            "revenue": 57142
        },
        "2012-11": {
            "month": "2012-11",
            "price": "7.48",
            "revenue": 49280
        },
        "2012-12": {
            "month": "2012-12",
            "price": "12.42",
            "revenue": 58456
        },
        "2013-01": {
            "month": "2013-01",
            "price": "12.57",
            "revenue": 98274
        },
        "2013-02": {
            "month": "2013-02",
            "price": "16.12",
            "revenue": 63395
        },
        "2013-03": {
            "month": "2013-03",
            "price": "17.73",
            "revenue": 95049
        },
        "2013-04": {
            "month": "2013-04",
            "price": "17.79",
            "revenue": 125561
        },
        "2013-05": {
            "month": "2013-05",
            "price": "22.34",
            "revenue": 79568
        },
        "2013-06": {
            "month": "2013-06",
            "price": "27.63",
            "revenue": 66297
        },
        "2013-07": {
            "month": "2013-07",
            "price": "27.06",
            "revenue": 98806
        },
        "2013-08": {
            "month": "2013-08",
            "price": "28.86",
            "revenue": 92305
        },
        "2013-09": {
            "month": "2013-09",
            "price": "26.51",
            "revenue": 76841
        },
        "2013-10": {
            "month": "2013-10",
            "price": "23.67",
            "revenue": 76077
        },
        "2013-11": {
            "month": "2013-11",
            "price": "21.59",
            "revenue": 87686
        },
        "2013-12": {
            "month": "2013-12",
            "price": "21.35",
            "revenue": 85048
        },
        "2014-01": {
            "month": "2014-01",
            "price": "22.53",
            "revenue": 120324
        },
        "2014-02": {
            "month": "2014-02",
            "price": "25.41",
            "revenue": 43018
        },
        "2014-03": {
            "month": "2014-03",
            "price": "23.87",
            "revenue": 70084
        },
        "2014-04": {
            "month": "2014-04",
            "price": "22.86",
            "revenue": 96486
        },
        "2014-05": {
            "month": "2014-05",
            "price": "22.45",
            "revenue": 78589
        },
        "2014-06": {
            "month": "2014-06",
            "price": "21.00",
            "revenue": 61373
        },
        "2014-07": {
            "month": "2014-07",
            "price": "19.06",
            "revenue": 82696
        },
        "2014-08": {
            "month": "2014-08",
            "price": "14.42",
            "revenue": 76059
        },
        "2014-09": {
            "month": "2014-09",
            "price": "14.24",
            "revenue": 105569
        },
        "2014-10": {
            "month": "2014-10",
            "price": "15.04",
            "revenue": 92862
        },
        "2014-11": {
            "month": "2014-11",
            "price": "15.99",
            "revenue": 72136
        },
        "2014-12": {
            "month": "2014-12",
            "price": "16.02",
            "revenue": 97361
        },
        "2015-01": {
            "month": "2015-01",
            "price": "16.26",
            "revenue": 114941
        },
        "2015-02": {
            "month": "2015-02",
            "price": "17.15",
            "revenue": 65735
        },
        "2015-03": {
            "month": "2015-03",
            "price": "21.26",
            "revenue": 64482
        },
        "2015-04": {
            "month": "2015-04",
            "price": "20.47",
            "revenue": 129826
        },
        "2015-05": {
            "month": "2015-05",
            "price": "17.50",
            "revenue": 91840
        },
        "2015-06": {
            "month": "2015-06",
            "price": "18.50",
            "revenue": 95656
        },
        "2015-07": {
            "month": "2015-07",
            "price": "20.15",
            "revenue": 90848
        },
        "2015-08": {
            "month": "2015-08",
            "price": "17.39",
            "revenue": 92364
        },
        "2015-09": {
            "month": "2015-09",
            "price": "21.71",
            "revenue": 83941
        },
        "2015-10": {
            "month": "2015-10",
            "price": "28.95",
            "revenue": 121362
        },
        "2015-11": {
            "month": "2015-11",
            "price": "34.07",
            "revenue": 82343
        },
        "2015-12": {
            "month": "2015-12",
            "price": "31.75",
            "revenue": 108652
        },
        "2016-01": {
            "month": "2016-01",
            "price": "29.24",
            "revenue": 135604
        },
        "2016-02": {
            "month": "2016-02",
            "price": "40.74",
            "revenue": 55078
        },
        "2016-03": {
            "month": "2016-03",
            "price": "41.10",
            "revenue": 99165
        },
        "2016-04": {
            "month": "2016-04",
            "price": "39.72",
            "revenue": 84071
        },
        "2016-05": {
            "month": "2016-05",
            "price": "36.96",
            "revenue": 81973
        },
        "2016-06": {
            "month": "2016-06",
            "price": "36.19",
            "revenue": 75489
        },
        "2016-07": {
            "month": "2016-07",
            "price": "39.24",
            "revenue": 90522
        },
        "2016-08": {
            "month": "2016-08",
            "price": "38.30",
            "revenue": 105057
        },
        "2016-09": {
            "month": "2016-09",
            "price": "39.14",
            "revenue": 104009
        },
        "2016-10": {
            "month": "2016-10",
            "price": "33.15",
            "revenue": 80572
        },
        "2016-11": {
            "month": "2016-11",
            "price": "26.84",
            "revenue": 95138
        },
        "2016-12": {
            "month": "2016-12",
            "price": "30.75",
            "revenue": 124202
        },
        "2017-01": {
            "month": "2017-01",
            "price": "31.41",
            "revenue": 106296
        },
        "2017-02": {
            "month": "2017-02",
            "price": "32.00",
            "revenue": 97216
        },
        "2017-03": {
            "month": "2017-03",
            "price": "32.50",
            "revenue": 99229
        },
        "2017-04": {
            "month": "2017-04",
            "price": "31.82",
            "revenue": 83261
        },
        "2017-05": {
            "month": "2017-05",
            "price": "35.07",
            "revenue": 96594
        },
        "2017-06": {
            "month": "2017-06",
            "price": "41.50",
            "revenue": 83510
        },
        "2017-07": {
            "month": "2017-07",
            "price": "42.34",
            "revenue": 75805
        },
        "2017-08": {
            "month": "2017-08",
            "price": "41.50",
            "revenue": 78994
        },
        "2017-09": {
            "month": "2017-09",
            "price": "38.80",
            "revenue": 81987
        },
        "2017-10": {
            "month": "2017-10",
            "price": "36.78",
            "revenue": 62451
        },
        "2017-11": {
            "month": "2017-11",
            "price": "33.63",
            "revenue": 72253
        },
        "2017-12": {
            "month": "2017-12",
            "price": "30.06",
            "revenue": 64151
        },
        "2018-01": {
            "month": "2018-01",
            "price": "28.65",
            "revenue": 86067
        },
        "2018-02": {
            "month": "2018-02",
            "price": "26.39",
            "revenue": 27573
        },
        "2018-03": {
            "month": "2018-03",
            "price": "27.36",
            "revenue": 60991
        },
        "2018-04": {
            "month": "2018-04",
            "price": "26.19",
            "revenue": 58710
        },
        "2018-05": {
            "month": "2018-05",
            "price": "24.24",
            "revenue": 66141
        },
        "2018-06": {
            "month": "2018-06",
            "price": "24.44",
            "revenue": 66077
        },
        "2018-07": {
            "month": "2018-07",
            "price": "23.91",
            "revenue": 78299
        },
        "2018-08": {
            "month": "2018-08",
            "price": "22.48",
            "revenue": 99964
        },
        "2018-09": {
            "month": "2018-09",
            "price": "21.48",
            "revenue": 60167
        },
        "2018-10": {
            "month": "2018-10",
            "price": "18.04",
            "revenue": 69980
        },
        "2018-11": {
            "month": "2018-11",
            "price": "17.35",
            "revenue": 68696
        },
        "2018-12": {
            "month": "2018-12",
            "price": "17.83",
            "revenue": 64654
        },
        "2019-01": {
            "month": "2019-01",
            "price": "17.33",
            "revenue": 80883
        },
        "2019-02": {
            "month": "2019-02",
            "price": "19.21",
            "revenue": 29665
        },
        "2019-03": {
            "month": "2019-03",
            "price": "19.80",
            "revenue": 63522
        },
        "2019-04": {
            "month": "2019-04",
            "price": "21.91",
            "revenue": 64828
        },
        "2019-05": {
            "month": "2019-05",
            "price": "20.54",
            "revenue": 64763
        },
        "2019-06": {
            "month": "2019-06",
            "price": "19.68",
            "revenue": 62603
        },
        "2019-07": {
            "month": "2019-07",
            "price": "19.41",
            "revenue": 68111
        },
        "2019-08": {
            "month": "2019-08",
            "price": "18.76",
            "revenue": 56623
        },
        "2019-09": {
            "month": "2019-09",
            "price": "18.69",
            "revenue": 68496
        },
        "2019-10": {
            "month": "2019-10",
            "price": "18.39",
            "revenue": 57517
        },
        "2019-11": {
            "month": "2019-11",
            "price": "18.47",
            "revenue": 68306
        },
        "2019-12": {
            "month": "2019-12",
            "price": "18.26",
            "revenue": 70240
        },
        "2020-01": {
            "month": "2020-01",
            "price": "17.98",
            "revenue": 71383
        },
        "2020-02": {
            "month": "2020-02",
            "price": "17.03",
            "revenue": 31996
        },
        "2020-03": {
            "month": "2020-03",
            "price": "14.10",
            "revenue": 72163
        },
        "2020-04": {
            "month": "2020-04",
            "price": "14.17",
            "revenue": 55289
        },
        "2020-05": {
            "month": "2020-05",
            "price": "15.40",
            "revenue": 37719
        },
        "2020-06": {
            "month": "2020-06",
            "price": "16.79",
            "revenue": 36006
        },
        "2020-07": {
            "month": "2020-07",
            "price": "16.15",
            "revenue": 52924
        },
        "2020-08": {
            "month": "2020-08",
            "price": "15.86",
            "revenue": 46965
        },
        "2020-09": {
            "month": "2020-09",
            "price": "14.93",
            "revenue": 75064
        },
        "2020-10": {
            "month": "2020-10",
            "price": "15.37",
            "revenue": 50550
        },
        "2020-11": {
            "month": "2020-11",
            "price": "15.38",
            "revenue": 71268
        },
        "2020-12": {
            "month": "2020-12",
            "price": "15.86",
            "revenue": 74112
        },
        "2021-01": {
            "month": "2021-01",
            "price": "17.59",
            "revenue": 86295
        },
        "2021-02": {
            "month": "2021-02",
            "price": "18.30",
            "revenue": 34073
        },
        "2021-03": {
            "month": "2021-03",
            "price": "19.55",
            "revenue": 81640
        },
        "2021-04": {
            "month": "2021-04",
            "price": "20.09",
            "revenue": 73732
        },
        "2021-05": {
            "month": "2021-05",
            "price": "17.80",
            "revenue": 68635
        },
        "2021-06": {
            "month": "2021-06",
            "price": "18.71",
            "revenue": 50730
        },
        "2021-07": {
            "month": "2021-07",
            "price": "18.99",
            "revenue": 66417
        },
        "2021-08": {
            "month": "2021-08",
            "price": "20.82",
            "revenue": 62174
        },
        "2021-09": {
            "month": "2021-09",
            "price": "19.82",
            "revenue": 46579
        },
        "2021-10": {
            "month": "2021-10",
            "price": "19.08",
            "revenue": 45064
        },
        "2021-11": {
            "month": "2021-11",
            "price": "19.28",
            "revenue": 55561
        },
        "2021-12": {
            "month": "2021-12",
            "price": "18.92",
            "revenue": 73093
        },
        "2022-01": {
            "month": "2022-01",
            "price": "18.58",
            "revenue": 72311
        },
        "2022-02": {
            "month": "2022-02",
            "price": "20.29",
            "revenue": 30204
        },
        "2022-03": {
            "month": "2022-03",
            "price": "18.37",
            "revenue": 59189
        },
        "2022-04": {
            "month": "2022-04",
            "price": "18.03",
            "revenue": 69541
        },
        "2022-05": {
            "month": "2022-05",
            "price": "17.67",
            "revenue": 70552
        },
        "2022-06": {
            "month": "2022-06",
            "price": "17.40",
            "revenue": 64724
        },
        "2022-07": {
            "month": "2022-07",
            "price": "16.59",
            "revenue": 57865
        },
        "2022-08": {
            "month": "2022-08",
            "price": "17.78",
            "revenue": 75027
        },
        "2022-09": {
            "month": "2022-09",
            "price": "18.79",
            "revenue": 72674
        },
        "2022-10": {
            "month": "2022-10",
            "price": "17.05",
            "revenue": 54821
        },
        "2022-11": {
            "month": "2022-11",
            "price": "18.40",
            "revenue": 62420
        },
        "2022-12": {
            "month": "2022-12",
            "price": "18.98",
            "revenue": 62050
        },
        "2023-01": {
            "month": "2023-01",
            "price": "18.41",
            "revenue": 40762
        },
        "2023-02": {
            "month": "2023-02",
            "price": "19.09",
            "revenue": 54926
        },
        "2023-03": {
            "month": "2023-03",
            "price": "19.79",
            "revenue": 61914
        },
        "2023-04": {
            "month": "2023-04",
            "price": "20.28",
            "revenue": 58230
        },
        "2023-05": {
            "month": "2023-05",
            "price": "19.95",
            "revenue": 59522
        }
    }
}
