{
    "summary": {
        "stock_name": "誠研",
        "stock_id": "3494",
        "category": "電腦及週邊設備",
        "main_business": "相片印表機及週邊耗材研發批發零售之經營<br>事務性機器設備批發零售<br>國際貿易",
        "website_url": "http://www.hiti.com",
        "ceo": "黃冠智",
        "pe_ratio": -5,
        "report_year_from": 2005,
        "report_year_to": 2023,
        "age": 19,
        "eps_negative_percentage": 67,
        "eps_growth_avg": {
            "last_all": -47,
            "last_2y": null,
            "last_4y": null,
            "last_8y": -100,
            "last_12y": -100,
            "last_16y": -47,
            "last_20y": null,
            "at_2006_last_3y": null,
            "at_2007_last_3y": null,
            "at_2008_last_3y": null,
            "at_2009_last_3y": null,
            "at_2010_last_3y": -20.5,
            "at_2011_last_3y": -30.99,
            "at_2012_last_3y": -48.8,
            "at_2013_last_3y": -67.88,
            "at_2014_last_3y": -100,
            "at_2015_last_3y": -100,
            "at_2016_last_3y": -100,
            "at_2017_last_3y": -100,
            "at_2018_last_3y": -100,
            "at_2019_last_3y": null,
            "at_2020_last_3y": null,
            "at_2021_last_3y": null,
            "at_2022_last_3y": null,
            "at_2023_last_3y": null,
            "at_2024_last_3y": null,
            "at_2006_last_all": null,
            "at_2007_last_all": null,
            "at_2008_last_all": -17.8,
            "at_2009_last_all": -15.41,
            "at_2010_last_all": -20.5,
            "at_2011_last_all": -36.4,
            "at_2012_last_all": -36.4,
            "at_2013_last_all": -36.4,
            "at_2014_last_all": -36.4,
            "at_2015_last_all": -47,
            "at_2016_last_all": -47,
            "at_2017_last_all": -47,
            "at_2018_last_all": -47,
            "at_2019_last_all": -47,
            "at_2020_last_all": -47,
            "at_2021_last_all": -47,
            "at_2022_last_all": -47,
            "at_2023_last_all": -47,
            "at_2024_last_all": -47
        },
        "latest_eps": -1.53,
        "latest_price": 7.05,
        "latest_roe": -42.84,
        "latest_gross_margin": 8.8,
        "latest_equity": 689414,
        "latest_revenue": 177165,
        "latest_gross_profit": 15584,
        "latest_net_income": -61970,
        "latest_debt_ratio": 66.08,
        "latest_current_ratio": 49.5,
        "latest_account_receivable_turnover_ratio": 2.98,
        "latest_inventory_turnover_ratio": 0.51,
        "latest_reinvestment_rate": null,
        "latest_research_to_sale_ratio": 8.86
    },
    "eps_dividends": {
        "1919": {
            "cash": 0.85,
            "stock": 0.1,
            "eps": 0
        },
        "2001": {
            "cash": 0,
            "stock": 0,
            "eps": 0
        },
        "2002": {
            "cash": 0,
            "stock": 0,
            "eps": 0
        },
        "2003": {
            "cash": 0,
            "stock": 0,
            "eps": 0
        },
        "2004": {
            "cash": 0,
            "stock": 0,
            "eps": 0
        },
        "2005": {
            "cash": 0,
            "stock": 0,
            "eps": 0
        },
        "2006": {
            "cash": 0,
            "stock": 2.3,
            "eps": 3.29
        },
        "2007": {
            "cash": 1,
            "stock": 1.3,
            "eps": 1.38
        },
        "2008": {
            "cash": 0,
            "stock": 0,
            "eps": 1.69
        },
        "2009": {
            "cash": 1.2,
            "stock": 0.65,
            "eps": 1.51
        },
        "2010": {
            "cash": 1.28,
            "stock": 0,
            "eps": 0.97
        },
        "2011": {
            "cash": 1.54,
            "stock": 0.9,
            "eps": -0.27
        },
        "2012": {
            "cash": 0,
            "stock": 0,
            "eps": -0.14
        },
        "2013": {
            "cash": 0,
            "stock": 0,
            "eps": -0.49
        },
        "2014": {
            "cash": 0,
            "stock": 0,
            "eps": 0.46
        },
        "2015": {
            "cash": 0.29,
            "stock": 0,
            "eps": -0.15
        },
        "2016": {
            "cash": 0,
            "stock": 0,
            "eps": -0.8
        },
        "2017": {
            "cash": 0,
            "stock": 0,
            "eps": -1.38
        },
        "2018": {
            "cash": 0,
            "stock": 0,
            "eps": -1.61
        },
        "2019": {
            "cash": 0,
            "stock": 0,
            "eps": -1.85
        },
        "2020": {
            "cash": 0,
            "stock": 0,
            "eps": -2.44
        },
        "2021": {
            "cash": 0,
            "stock": 0,
            "eps": -1.33
        },
        "2022": {
            "cash": 0,
            "stock": 0,
            "eps": -1.93
        },
        "2023": {
            "cash": 0,
            "stock": 0,
            "eps": -0.78
        }
    },
    "dividends": {
        "1919-06-19": {
            "cash": 0.85,
            "stock": 0.1
        },
        "2006-04-17": {
            "cash": 0,
            "stock": 2.3
        },
        "2007-03-27": {
            "cash": 1,
            "stock": 1.3
        },
        "2009-04-10": {
            "cash": 1.2,
            "stock": 0.65
        },
        "2010-06-25": {
            "cash": 1.28,
            "stock": 0
        },
        "2011-01-01": {
            "cash": 1,
            "stock": 0
        },
        "2011-04-06": {
            "cash": 0.54,
            "stock": 0.9
        },
        "2015-09-30": {
            "cash": 0.29,
            "stock": 0
        }
    },
    "prices": {
        "200101": "無",
        "200102": "無",
        "200103": "無",
        "200104": "無",
        "200105": "無",
        "200106": "無",
        "200107": "無",
        "200108": "無",
        "200109": "無",
        "200110": "無",
        "200111": "無",
        "200112": "無",
        "200201": "無",
        "200202": "無",
        "200203": "無",
        "200204": "無",
        "200205": "無",
        "200206": "無",
        "200207": "無",
        "200208": "無",
        "200209": "無",
        "200210": "無",
        "200211": "無",
        "200212": "無",
        "200301": "無",
        "200302": "無",
        "200303": "無",
        "200304": "無",
        "200305": "無",
        "200306": "無",
        "200307": "無",
        "200308": "無",
        "200309": "無",
        "200310": "無",
        "200311": "無",
        "200312": "無",
        "200401": "無",
        "200402": "無",
        "200403": "無",
        "200404": "無",
        "200405": "無",
        "200406": "無",
        "200407": "無",
        "200408": "無",
        "200409": "無",
        "200410": "無",
        "200411": "無",
        "200412": "無",
        "200501": "無",
        "200502": "無",
        "200503": "無",
        "200504": "無",
        "200505": "無",
        "200506": "無",
        "200507": "無",
        "200508": "無",
        "200509": "無",
        "200510": "無",
        "200511": "無",
        "200512": "無",
        "200601": "無",
        "200602": "無",
        "200603": "無",
        "200604": "無",
        "200605": "41.66",
        "200606": "40.14",
        "200607": "37.40",
        "200608": "30.89",
        "200609": "31.25",
        "200610": "29.96",
        "200611": "28.93",
        "200612": "28.37",
        "200701": "28.69",
        "200702": "29.96",
        "200703": "30.37",
        "200704": "29.68",
        "200705": "31.06",
        "200706": "37.82",
        "200707": "45.80",
        "200708": "43.95",
        "200709": "39.97",
        "200710": "37.04",
        "200711": "32.35",
        "200712": "23.68",
        "200801": "25.41",
        "200802": "23.69",
        "200803": "23.89",
        "200804": "21.24",
        "200805": "19.30",
        "200806": "16.84",
        "200807": "13.17",
        "200808": "13.96",
        "200809": "15.11",
        "200810": "11.86",
        "200811": "10.62",
        "200812": "10.35",
        "200901": "11.68",
        "200902": "14.44",
        "200903": "17.22",
        "200904": "19.01",
        "200905": "17.91",
        "200906": "17.45",
        "200907": "17.84",
        "200908": "18.43",
        "200909": "17.95",
        "200910": "21.32",
        "200911": "30.41",
        "200912": "31.42",
        "201001": "37.52",
        "201002": "49.23",
        "201003": "60.56",
        "201004": "58.50",
        "201005": "50.59",
        "201006": "50.91",
        "201007": "50.92",
        "201008": "44.91",
        "201009": "40.46",
        "201010": "38.69",
        "201011": "34.39",
        "201012": "41.20",
        "201101": "38.38",
        "201102": "34.91",
        "201103": "34.17",
        "201104": "31.43",
        "201105": "28.06",
        "201106": "29.06",
        "201107": "29.75",
        "201108": "19.88",
        "201109": "22.08",
        "201110": "24.54",
        "201111": "20.52",
        "201112": "17.20",
        "201201": "18.55",
        "201202": "23.71",
        "201203": "24.77",
        "201204": "19.78",
        "201205": "18.41",
        "201206": "17.88",
        "201207": "16.24",
        "201208": "16.29",
        "201209": "16.88",
        "201210": "14.75",
        "201211": "11.93",
        "201212": "13.30",
        "201301": "13.05",
        "201302": "12.45",
        "201303": "12.52",
        "201304": "17.50",
        "201305": "17.97",
        "201306": "19.42",
        "201307": "17.59",
        "201308": "14.35",
        "201309": "15.84",
        "201310": "22.85",
        "201311": "26.56",
        "201312": "28.83",
        "201401": "30.28",
        "201402": "28.90",
        "201403": "25.39",
        "201404": "24.43",
        "201405": "19.63",
        "201406": "22.78",
        "201407": "21.20",
        "201408": "18.22",
        "201409": "17.25",
        "201410": "15.57",
        "201411": "14.50",
        "201412": "15.61",
        "201501": "16.41",
        "201502": "15.28",
        "201503": "15.00",
        "201504": "14.69",
        "201505": "12.78",
        "201506": "11.44",
        "201507": "13.48",
        "201508": "12.06",
        "201509": "11.58",
        "201510": "14.74",
        "201511": "13.37",
        "201512": "12.79",
        "201601": "11.85",
        "201602": "11.97",
        "201603": "17.70",
        "201604": "14.98",
        "201605": "14.58",
        "201606": "15.51",
        "201607": "15.26",
        "201608": "14.34",
        "201609": "13.68",
        "201610": "12.80",
        "201611": "11.90",
        "201612": "12.13",
        "201701": "12.33",
        "201702": "12.05",
        "201703": "11.99",
        "201704": "11.20",
        "201705": "10.56",
        "201706": "10.92",
        "201707": "11.14",
        "201708": "10.26",
        "201709": "11.98",
        "201710": "13.22",
        "201711": "11.91",
        "201712": "10.97",
        "201801": "11.32",
        "201802": "10.38",
        "201803": "10.55",
        "201804": "10.00",
        "201805": "9.75",
        "201806": "9.95",
        "201807": "8.97",
        "201808": "8.54",
        "201809": "7.59",
        "201810": "6.61",
        "201811": "6.47",
        "201812": "7.24",
        "201901": "6.88",
        "201902": "6.25",
        "201903": "5.89",
        "201904": "5.37",
        "201905": "4.68",
        "201906": "4.29",
        "201907": "4.55",
        "201908": "4.23",
        "201909": "4.86",
        "201910": "5.03",
        "201911": "4.63",
        "201912": "4.57",
        "202001": "4.76",
        "202002": "4.41",
        "202003": "3.61",
        "202004": "3.39",
        "202005": "3.45",
        "202006": "3.52",
        "202007": "4.28",
        "202008": "4.31",
        "202009": "4.81",
        "202010": "5.00",
        "202011": "4.73",
        "202012": "5.04",
        "202101": "4.72",
        "202102": "4.29",
        "202103": "4.45",
        "202104": "4.72",
        "202105": "4.08",
        "202106": "3.27",
        "202107": "3.65",
        "202108": "3.51",
        "202109": "3.27",
        "202110": "3.22",
        "202111": "3.91",
        "202112": "4.93",
        "202201": "5.44",
        "202202": "5.11",
        "202203": "5.03",
        "202204": "5.47",
        "202205": "5.81",
        "202206": "7.39",
        "202207": "9.09",
        "202208": "14.09",
        "202209": "11.72",
        "202210": "9.08",
        "202211": "8.89",
        "202212": "11.22",
        "202301": "10.53",
        "202302": "11.08",
        "202303": "11.11",
        "202304": "7.52",
        "202305": "7.22",
        "202306": "8.09",
        "202307": "8.45",
        "202308": "6.97",
        "202309": "6.83",
        "202310": "6.51",
        "202311": "6.10",
        "202312": "6.60"
    },
    "quarters": {
        "20011": {
            "year_quarter": 20011,
            "year": 2001,
            "quarter": 1,
            "eps": null,
            "eps_growth_year": null,
            "eps_4q": null,
            "eps_4q_growth_year": null,
            "roe": null,
            "roe_4q": 0,
            "gross_profit": null,
            "gross_margin": null,
            "gross_margin_4q_avg": 0,
            "net_income": null,
            "net_income_4q": null,
            "revenue": null,
            "revenue_4q": null,
            "common_shares": null,
            "book_valuer_per_share": null,
            "book_valuer_per_share_4q_avg": 0,
            "equity": null,
            "current_ratio": null,
            "debt_ratio": null,
            "inventory_turnover_ratio": null,
            "account_receivable_turnover_ratio": null,
            "reinvestment_rate": null,
            "research_to_sale_ratio": null,
            "price_fair": 0,
            "eps_avg_yearly": 0,
            "eps_latest_yearly": 0,
            "eps_growth_yearly": 0
        },
        "20012": {
            "year_quarter": 20012,
            "year": 2001,
            "quarter": 2,
            "eps": null,
            "eps_growth_year": null,
            "eps_4q": null,
            "eps_4q_growth_year": null,
            "roe": null,
            "roe_4q": 0,
            "gross_profit": null,
            "gross_margin": null,
            "gross_margin_4q_avg": 0,
            "net_income": null,
            "net_income_4q": null,
            "revenue": null,
            "revenue_4q": null,
            "common_shares": null,
            "book_valuer_per_share": null,
            "book_valuer_per_share_4q_avg": 0,
            "equity": null,
            "current_ratio": null,
            "debt_ratio": null,
            "inventory_turnover_ratio": null,
            "account_receivable_turnover_ratio": null,
            "reinvestment_rate": null,
            "research_to_sale_ratio": null,
            "price_fair": 0,
            "eps_avg_yearly": 0,
            "eps_latest_yearly": 0,
            "eps_growth_yearly": 0
        },
        "20013": {
            "year_quarter": 20013,
            "year": 2001,
            "quarter": 3,
            "eps": null,
            "eps_growth_year": null,
            "eps_4q": null,
            "eps_4q_growth_year": null,
            "roe": null,
            "roe_4q": 0,
            "gross_profit": null,
            "gross_margin": null,
            "gross_margin_4q_avg": 0,
            "net_income": null,
            "net_income_4q": null,
            "revenue": null,
            "revenue_4q": null,
            "common_shares": null,
            "book_valuer_per_share": null,
            "book_valuer_per_share_4q_avg": 0,
            "equity": null,
            "current_ratio": null,
            "debt_ratio": null,
            "inventory_turnover_ratio": null,
            "account_receivable_turnover_ratio": null,
            "reinvestment_rate": null,
            "research_to_sale_ratio": null,
            "price_fair": 0,
            "eps_avg_yearly": 0,
            "eps_latest_yearly": 0,
            "eps_growth_yearly": 0
        },
        "20014": {
            "year_quarter": 20014,
            "year": 2001,
            "quarter": 4,
            "eps": null,
            "eps_growth_year": null,
            "eps_4q": null,
            "eps_4q_growth_year": null,
            "roe": null,
            "roe_4q": 0,
            "gross_profit": null,
            "gross_margin": null,
            "gross_margin_4q_avg": 0,
            "net_income": null,
            "net_income_4q": null,
            "revenue": null,
            "revenue_4q": null,
            "common_shares": 188400,
            "book_valuer_per_share": 5.88,
            "book_valuer_per_share_4q_avg": 1.47,
            "equity": 110714,
            "current_ratio": 112.69,
            "debt_ratio": 63.24,
            "inventory_turnover_ratio": null,
            "account_receivable_turnover_ratio": null,
            "reinvestment_rate": null,
            "research_to_sale_ratio": null,
            "price_fair": 0,
            "eps_avg_yearly": 0,
            "eps_latest_yearly": 0,
            "eps_growth_yearly": 0
        },
        "20021": {
            "year_quarter": 20021,
            "year": 2002,
            "quarter": 1,
            "eps": null,
            "eps_growth_year": null,
            "eps_4q": null,
            "eps_4q_growth_year": null,
            "roe": null,
            "roe_4q": 0,
            "gross_profit": null,
            "gross_margin": null,
            "gross_margin_4q_avg": 0,
            "net_income": null,
            "net_income_4q": null,
            "revenue": null,
            "revenue_4q": null,
            "common_shares": null,
            "book_valuer_per_share": null,
            "book_valuer_per_share_4q_avg": 1.47,
            "equity": null,
            "current_ratio": null,
            "debt_ratio": null,
            "inventory_turnover_ratio": null,
            "account_receivable_turnover_ratio": null,
            "reinvestment_rate": null,
            "research_to_sale_ratio": null,
            "price_fair": 0,
            "eps_avg_yearly": 0,
            "eps_latest_yearly": 0,
            "eps_growth_yearly": 0
        },
        "20022": {
            "year_quarter": 20022,
            "year": 2002,
            "quarter": 2,
            "eps": null,
            "eps_growth_year": null,
            "eps_4q": null,
            "eps_4q_growth_year": null,
            "roe": null,
            "roe_4q": 0,
            "gross_profit": null,
            "gross_margin": null,
            "gross_margin_4q_avg": 0,
            "net_income": null,
            "net_income_4q": null,
            "revenue": null,
            "revenue_4q": null,
            "common_shares": null,
            "book_valuer_per_share": null,
            "book_valuer_per_share_4q_avg": 1.47,
            "equity": null,
            "current_ratio": null,
            "debt_ratio": null,
            "inventory_turnover_ratio": null,
            "account_receivable_turnover_ratio": null,
            "reinvestment_rate": null,
            "research_to_sale_ratio": null,
            "price_fair": 0,
            "eps_avg_yearly": 0,
            "eps_latest_yearly": 0,
            "eps_growth_yearly": 0
        },
        "20023": {
            "year_quarter": 20023,
            "year": 2002,
            "quarter": 3,
            "eps": null,
            "eps_growth_year": null,
            "eps_4q": null,
            "eps_4q_growth_year": null,
            "roe": null,
            "roe_4q": 0,
            "gross_profit": null,
            "gross_margin": null,
            "gross_margin_4q_avg": 0,
            "net_income": null,
            "net_income_4q": null,
            "revenue": null,
            "revenue_4q": null,
            "common_shares": null,
            "book_valuer_per_share": null,
            "book_valuer_per_share_4q_avg": 1.47,
            "equity": null,
            "current_ratio": null,
            "debt_ratio": null,
            "inventory_turnover_ratio": null,
            "account_receivable_turnover_ratio": null,
            "reinvestment_rate": null,
            "research_to_sale_ratio": null,
            "price_fair": 0,
            "eps_avg_yearly": 0,
            "eps_latest_yearly": 0,
            "eps_growth_yearly": 0
        },
        "20024": {
            "year_quarter": 20024,
            "year": 2002,
            "quarter": 4,
            "eps": null,
            "eps_growth_year": null,
            "eps_4q": null,
            "eps_4q_growth_year": null,
            "roe": null,
            "roe_4q": 0,
            "gross_profit": null,
            "gross_margin": null,
            "gross_margin_4q_avg": 0,
            "net_income": null,
            "net_income_4q": null,
            "revenue": null,
            "revenue_4q": null,
            "common_shares": 548190,
            "book_valuer_per_share": 8.08,
            "book_valuer_per_share_4q_avg": 2.02,
            "equity": 443206,
            "current_ratio": 434.54,
            "debt_ratio": 16.35,
            "inventory_turnover_ratio": null,
            "account_receivable_turnover_ratio": null,
            "reinvestment_rate": null,
            "research_to_sale_ratio": null,
            "price_fair": 0,
            "eps_avg_yearly": 0,
            "eps_latest_yearly": 0,
            "eps_growth_yearly": 0
        },
        "20031": {
            "year_quarter": 20031,
            "year": 2003,
            "quarter": 1,
            "eps": null,
            "eps_growth_year": null,
            "eps_4q": null,
            "eps_4q_growth_year": null,
            "roe": null,
            "roe_4q": 0,
            "gross_profit": null,
            "gross_margin": null,
            "gross_margin_4q_avg": 0,
            "net_income": null,
            "net_income_4q": null,
            "revenue": null,
            "revenue_4q": null,
            "common_shares": null,
            "book_valuer_per_share": null,
            "book_valuer_per_share_4q_avg": 2.02,
            "equity": null,
            "current_ratio": null,
            "debt_ratio": null,
            "inventory_turnover_ratio": null,
            "account_receivable_turnover_ratio": null,
            "reinvestment_rate": null,
            "research_to_sale_ratio": null,
            "price_fair": 0,
            "eps_avg_yearly": 0,
            "eps_latest_yearly": 0,
            "eps_growth_yearly": 0
        },
        "20032": {
            "year_quarter": 20032,
            "year": 2003,
            "quarter": 2,
            "eps": null,
            "eps_growth_year": null,
            "eps_4q": null,
            "eps_4q_growth_year": null,
            "roe": null,
            "roe_4q": 0,
            "gross_profit": null,
            "gross_margin": null,
            "gross_margin_4q_avg": 0,
            "net_income": null,
            "net_income_4q": null,
            "revenue": null,
            "revenue_4q": null,
            "common_shares": null,
            "book_valuer_per_share": null,
            "book_valuer_per_share_4q_avg": 2.02,
            "equity": null,
            "current_ratio": null,
            "debt_ratio": null,
            "inventory_turnover_ratio": null,
            "account_receivable_turnover_ratio": null,
            "reinvestment_rate": null,
            "research_to_sale_ratio": null,
            "price_fair": 0,
            "eps_avg_yearly": 0,
            "eps_latest_yearly": 0,
            "eps_growth_yearly": 0
        },
        "20033": {
            "year_quarter": 20033,
            "year": 2003,
            "quarter": 3,
            "eps": null,
            "eps_growth_year": null,
            "eps_4q": null,
            "eps_4q_growth_year": null,
            "roe": null,
            "roe_4q": 0,
            "gross_profit": null,
            "gross_margin": null,
            "gross_margin_4q_avg": 0,
            "net_income": null,
            "net_income_4q": null,
            "revenue": null,
            "revenue_4q": null,
            "common_shares": null,
            "book_valuer_per_share": null,
            "book_valuer_per_share_4q_avg": 2.02,
            "equity": null,
            "current_ratio": null,
            "debt_ratio": null,
            "inventory_turnover_ratio": null,
            "account_receivable_turnover_ratio": null,
            "reinvestment_rate": null,
            "research_to_sale_ratio": null,
            "price_fair": 0,
            "eps_avg_yearly": 0,
            "eps_latest_yearly": 0,
            "eps_growth_yearly": 0
        },
        "20034": {
            "year_quarter": 20034,
            "year": 2003,
            "quarter": 4,
            "eps": null,
            "eps_growth_year": null,
            "eps_4q": null,
            "eps_4q_growth_year": null,
            "roe": null,
            "roe_4q": 0,
            "gross_profit": null,
            "gross_margin": null,
            "gross_margin_4q_avg": 0,
            "net_income": null,
            "net_income_4q": null,
            "revenue": null,
            "revenue_4q": null,
            "common_shares": 548190,
            "book_valuer_per_share": 8.53,
            "book_valuer_per_share_4q_avg": 2.13,
            "equity": 467453,
            "current_ratio": 613.96,
            "debt_ratio": 19.82,
            "inventory_turnover_ratio": null,
            "account_receivable_turnover_ratio": null,
            "reinvestment_rate": null,
            "research_to_sale_ratio": null,
            "price_fair": 0,
            "eps_avg_yearly": 0,
            "eps_latest_yearly": 0,
            "eps_growth_yearly": 0
        },
        "20041": {
            "year_quarter": 20041,
            "year": 2004,
            "quarter": 1,
            "eps": null,
            "eps_growth_year": null,
            "eps_4q": null,
            "eps_4q_growth_year": null,
            "roe": null,
            "roe_4q": 0,
            "gross_profit": null,
            "gross_margin": null,
            "gross_margin_4q_avg": 0,
            "net_income": null,
            "net_income_4q": null,
            "revenue": null,
            "revenue_4q": null,
            "common_shares": null,
            "book_valuer_per_share": null,
            "book_valuer_per_share_4q_avg": 2.13,
            "equity": null,
            "current_ratio": null,
            "debt_ratio": null,
            "inventory_turnover_ratio": null,
            "account_receivable_turnover_ratio": null,
            "reinvestment_rate": null,
            "research_to_sale_ratio": null,
            "price_fair": 0,
            "eps_avg_yearly": 0,
            "eps_latest_yearly": 0,
            "eps_growth_yearly": 0
        },
        "20042": {
            "year_quarter": 20042,
            "year": 2004,
            "quarter": 2,
            "eps": null,
            "eps_growth_year": null,
            "eps_4q": null,
            "eps_4q_growth_year": null,
            "roe": null,
            "roe_4q": 0,
            "gross_profit": null,
            "gross_margin": null,
            "gross_margin_4q_avg": 0,
            "net_income": null,
            "net_income_4q": null,
            "revenue": null,
            "revenue_4q": null,
            "common_shares": null,
            "book_valuer_per_share": null,
            "book_valuer_per_share_4q_avg": 2.13,
            "equity": null,
            "current_ratio": null,
            "debt_ratio": null,
            "inventory_turnover_ratio": null,
            "account_receivable_turnover_ratio": null,
            "reinvestment_rate": null,
            "research_to_sale_ratio": null,
            "price_fair": 0,
            "eps_avg_yearly": 0,
            "eps_latest_yearly": 0,
            "eps_growth_yearly": 0
        },
        "20043": {
            "year_quarter": 20043,
            "year": 2004,
            "quarter": 3,
            "eps": null,
            "eps_growth_year": null,
            "eps_4q": null,
            "eps_4q_growth_year": null,
            "roe": null,
            "roe_4q": 0,
            "gross_profit": null,
            "gross_margin": null,
            "gross_margin_4q_avg": 0,
            "net_income": null,
            "net_income_4q": null,
            "revenue": null,
            "revenue_4q": null,
            "common_shares": null,
            "book_valuer_per_share": null,
            "book_valuer_per_share_4q_avg": 2.13,
            "equity": null,
            "current_ratio": null,
            "debt_ratio": null,
            "inventory_turnover_ratio": null,
            "account_receivable_turnover_ratio": null,
            "reinvestment_rate": null,
            "research_to_sale_ratio": null,
            "price_fair": 0,
            "eps_avg_yearly": 0,
            "eps_latest_yearly": 0,
            "eps_growth_yearly": 0
        },
        "20044": {
            "year_quarter": 20044,
            "year": 2004,
            "quarter": 4,
            "eps": null,
            "eps_growth_year": null,
            "eps_4q": null,
            "eps_4q_growth_year": null,
            "roe": null,
            "roe_4q": 0,
            "gross_profit": null,
            "gross_margin": null,
            "gross_margin_4q_avg": 0,
            "net_income": null,
            "net_income_4q": null,
            "revenue": null,
            "revenue_4q": null,
            "common_shares": 548190,
            "book_valuer_per_share": 10.88,
            "book_valuer_per_share_4q_avg": 2.72,
            "equity": 596558,
            "current_ratio": 398.3,
            "debt_ratio": 21.83,
            "inventory_turnover_ratio": null,
            "account_receivable_turnover_ratio": null,
            "reinvestment_rate": null,
            "research_to_sale_ratio": null,
            "price_fair": 0,
            "eps_avg_yearly": 0,
            "eps_latest_yearly": 0,
            "eps_growth_yearly": 0
        },
        "20051": {
            "year_quarter": 20051,
            "year": 2005,
            "quarter": 1,
            "eps": null,
            "eps_growth_year": null,
            "eps_4q": null,
            "eps_4q_growth_year": null,
            "roe": null,
            "roe_4q": 0,
            "gross_profit": null,
            "gross_margin": null,
            "gross_margin_4q_avg": 0,
            "net_income": null,
            "net_income_4q": null,
            "revenue": null,
            "revenue_4q": null,
            "common_shares": null,
            "book_valuer_per_share": null,
            "book_valuer_per_share_4q_avg": 2.72,
            "equity": null,
            "current_ratio": null,
            "debt_ratio": null,
            "inventory_turnover_ratio": null,
            "account_receivable_turnover_ratio": null,
            "reinvestment_rate": null,
            "research_to_sale_ratio": null,
            "price_fair": 0,
            "eps_avg_yearly": 0,
            "eps_latest_yearly": 0,
            "eps_growth_yearly": 0
        },
        "20052": {
            "year_quarter": 20052,
            "year": 2005,
            "quarter": 2,
            "eps": null,
            "eps_growth_year": null,
            "eps_4q": null,
            "eps_4q_growth_year": null,
            "roe": null,
            "roe_4q": 0,
            "gross_profit": null,
            "gross_margin": null,
            "gross_margin_4q_avg": 0,
            "net_income": null,
            "net_income_4q": null,
            "revenue": null,
            "revenue_4q": null,
            "common_shares": null,
            "book_valuer_per_share": null,
            "book_valuer_per_share_4q_avg": 2.72,
            "equity": null,
            "current_ratio": null,
            "debt_ratio": null,
            "inventory_turnover_ratio": null,
            "account_receivable_turnover_ratio": null,
            "reinvestment_rate": null,
            "research_to_sale_ratio": null,
            "price_fair": 0,
            "eps_avg_yearly": 0,
            "eps_latest_yearly": 0,
            "eps_growth_yearly": 0
        },
        "20053": {
            "year_quarter": 20053,
            "year": 2005,
            "quarter": 3,
            "eps": null,
            "eps_growth_year": null,
            "eps_4q": null,
            "eps_4q_growth_year": null,
            "roe": null,
            "roe_4q": 0,
            "gross_profit": null,
            "gross_margin": null,
            "gross_margin_4q_avg": 0,
            "net_income": null,
            "net_income_4q": null,
            "revenue": null,
            "revenue_4q": null,
            "common_shares": null,
            "book_valuer_per_share": null,
            "book_valuer_per_share_4q_avg": 2.72,
            "equity": null,
            "current_ratio": null,
            "debt_ratio": null,
            "inventory_turnover_ratio": null,
            "account_receivable_turnover_ratio": null,
            "reinvestment_rate": null,
            "research_to_sale_ratio": null,
            "price_fair": 0,
            "eps_avg_yearly": 0,
            "eps_latest_yearly": 0,
            "eps_growth_yearly": 0
        },
        "20054": {
            "year_quarter": 20054,
            "year": 2005,
            "quarter": 4,
            "eps": null,
            "eps_growth_year": null,
            "eps_4q": null,
            "eps_4q_growth_year": null,
            "roe": null,
            "roe_4q": 0,
            "gross_profit": null,
            "gross_margin": null,
            "gross_margin_4q_avg": 0,
            "net_income": null,
            "net_income_4q": null,
            "revenue": null,
            "revenue_4q": null,
            "common_shares": 604857,
            "book_valuer_per_share": 13.32,
            "book_valuer_per_share_4q_avg": 3.33,
            "equity": 805887,
            "current_ratio": 532.7,
            "debt_ratio": 19.89,
            "inventory_turnover_ratio": null,
            "account_receivable_turnover_ratio": null,
            "reinvestment_rate": null,
            "research_to_sale_ratio": null,
            "price_fair": 0,
            "eps_avg_yearly": 0,
            "eps_latest_yearly": 0,
            "eps_growth_yearly": 0
        },
        "20061": {
            "year_quarter": 20061,
            "year": 2006,
            "quarter": 1,
            "eps": 0.84,
            "eps_growth_year": null,
            "eps_4q": null,
            "eps_4q_growth_year": null,
            "roe": 6.15,
            "roe_4q": 6.15,
            "gross_profit": 92370,
            "gross_margin": 40.26,
            "gross_margin_4q_avg": 10.07,
            "net_income": 51035,
            "net_income_4q": null,
            "revenue": 229432,
            "revenue_4q": null,
            "common_shares": 604857,
            "book_valuer_per_share": 14.1,
            "book_valuer_per_share_4q_avg": 6.86,
            "equity": 853133,
            "current_ratio": 416.78,
            "debt_ratio": 26.02,
            "inventory_turnover_ratio": 0.77,
            "account_receivable_turnover_ratio": null,
            "reinvestment_rate": null,
            "research_to_sale_ratio": null,
            "price_fair": 0,
            "eps_avg_yearly": 0,
            "eps_latest_yearly": 0,
            "eps_growth_yearly": 0
        },
        "20062": {
            "year_quarter": 20062,
            "year": 2006,
            "quarter": 2,
            "eps": 1.05,
            "eps_growth_year": null,
            "eps_4q": null,
            "eps_4q_growth_year": null,
            "roe": 7.21,
            "roe_4q": 13.36,
            "gross_profit": 90532,
            "gross_margin": 42.69,
            "gross_margin_4q_avg": 20.74,
            "net_income": 63704,
            "net_income_4q": null,
            "revenue": 212080,
            "revenue_4q": null,
            "common_shares": 604857,
            "book_valuer_per_share": 15.11,
            "book_valuer_per_share_4q_avg": 10.63,
            "equity": 914221,
            "current_ratio": 340.61,
            "debt_ratio": 27.76,
            "inventory_turnover_ratio": 1.68,
            "account_receivable_turnover_ratio": null,
            "reinvestment_rate": null,
            "research_to_sale_ratio": null,
            "price_fair": 147,
            "eps_avg_yearly": 4.2,
            "eps_latest_yearly": 4.2,
            "eps_growth_yearly": 100
        },
        "20063": {
            "year_quarter": 20063,
            "year": 2006,
            "quarter": 3,
            "eps": 0.74,
            "eps_growth_year": null,
            "eps_4q": null,
            "eps_4q_growth_year": null,
            "roe": 6.98,
            "roe_4q": 20.340000000000003,
            "gross_profit": 135785,
            "gross_margin": 39.64,
            "gross_margin_4q_avg": 30.65,
            "net_income": 66476,
            "net_income_4q": null,
            "revenue": 342511,
            "revenue_4q": null,
            "common_shares": 768816,
            "book_valuer_per_share": 12.87,
            "book_valuer_per_share_4q_avg": 13.85,
            "equity": 989399,
            "current_ratio": 269,
            "debt_ratio": 33.84,
            "inventory_turnover_ratio": 2.44,
            "account_receivable_turnover_ratio": null,
            "reinvestment_rate": null,
            "research_to_sale_ratio": null,
            "price_fair": 10.74,
            "eps_avg_yearly": 3.58,
            "eps_latest_yearly": 2.96,
            "eps_growth_yearly": -9.05
        },
        "20064": {
            "year_quarter": 20064,
            "year": 2006,
            "quarter": 4,
            "eps": 0.66,
            "eps_growth_year": null,
            "eps_4q": 3,
            "eps_4q_growth_year": null,
            "roe": 5.05,
            "roe_4q": 25.39,
            "gross_profit": 55127,
            "gross_margin": 33.78,
            "gross_margin_4q_avg": 39.09,
            "net_income": 51094,
            "net_income_4q": null,
            "revenue": 163188,
            "revenue_4q": null,
            "common_shares": 768816,
            "book_valuer_per_share": 13.47,
            "book_valuer_per_share_4q_avg": 13.89,
            "equity": 1035367,
            "current_ratio": 638.1,
            "debt_ratio": 15.08,
            "inventory_turnover_ratio": 0.48,
            "account_receivable_turnover_ratio": null,
            "reinvestment_rate": null,
            "research_to_sale_ratio": null,
            "price_fair": 9.8,
            "eps_avg_yearly": 3.27,
            "eps_latest_yearly": 2.64,
            "eps_growth_yearly": -20.45
        },
        "20071": {
            "year_quarter": 20071,
            "year": 2007,
            "quarter": 1,
            "eps": 0.38,
            "eps_growth_year": -54.76,
            "eps_4q": 2.21,
            "eps_4q_growth_year": null,
            "roe": 3.55,
            "roe_4q": 22.79,
            "gross_profit": 96404,
            "gross_margin": 36.84,
            "gross_margin_4q_avg": 38.24,
            "net_income": 37588,
            "net_income_4q": null,
            "revenue": 261713,
            "revenue_4q": null,
            "common_shares": 768816,
            "book_valuer_per_share": 14.1,
            "book_valuer_per_share_4q_avg": 13.89,
            "equity": 1084208,
            "current_ratio": 434.68,
            "debt_ratio": 21.12,
            "inventory_turnover_ratio": 0.71,
            "account_receivable_turnover_ratio": null,
            "reinvestment_rate": null,
            "research_to_sale_ratio": null,
            "price_fair": 8.49,
            "eps_avg_yearly": 2.83,
            "eps_latest_yearly": 1.52,
            "eps_growth_yearly": -57.76
        },
        "20072": {
            "year_quarter": 20072,
            "year": 2007,
            "quarter": 2,
            "eps": 0.62,
            "eps_growth_year": -40.95,
            "eps_4q": 2.63,
            "eps_4q_growth_year": null,
            "roe": 4.49,
            "roe_4q": 20.07,
            "gross_profit": 76260,
            "gross_margin": 40.06,
            "gross_margin_4q_avg": 37.58,
            "net_income": 47942,
            "net_income_4q": null,
            "revenue": 190366,
            "revenue_4q": null,
            "common_shares": 768816,
            "book_valuer_per_share": 13.68,
            "book_valuer_per_share_4q_avg": 13.53,
            "equity": 1051456,
            "current_ratio": 301.38,
            "debt_ratio": 22.73,
            "inventory_turnover_ratio": 1.07,
            "account_receivable_turnover_ratio": null,
            "reinvestment_rate": null,
            "research_to_sale_ratio": null,
            "price_fair": 39.52,
            "eps_avg_yearly": 2.76,
            "eps_latest_yearly": 2.48,
            "eps_growth_yearly": 4.32
        },
        "20073": {
            "year_quarter": 20073,
            "year": 2007,
            "quarter": 3,
            "eps": 0.56,
            "eps_growth_year": -24.32,
            "eps_4q": 2.07,
            "eps_4q_growth_year": null,
            "roe": 4.7,
            "roe_4q": 17.790000000000003,
            "gross_profit": 108703,
            "gross_margin": 36.22,
            "gross_margin_4q_avg": 36.73,
            "net_income": 50541,
            "net_income_4q": null,
            "revenue": 300106,
            "revenue_4q": null,
            "common_shares": 895806,
            "book_valuer_per_share": 12.3,
            "book_valuer_per_share_4q_avg": 13.39,
            "equity": 1101473,
            "current_ratio": 320.91,
            "debt_ratio": 21.33,
            "inventory_turnover_ratio": 1.87,
            "account_receivable_turnover_ratio": null,
            "reinvestment_rate": null,
            "research_to_sale_ratio": null,
            "price_fair": 8.02,
            "eps_avg_yearly": 2.67,
            "eps_latest_yearly": 2.24,
            "eps_growth_yearly": -2.85
        },
        "20074": {
            "year_quarter": 20074,
            "year": 2007,
            "quarter": 4,
            "eps": -0.18,
            "eps_growth_year": -127.27,
            "eps_4q": 1.32,
            "eps_4q_growth_year": -56.01,
            "roe": -1.3,
            "roe_4q": 11.440000000000001,
            "gross_profit": 105908,
            "gross_margin": 33.7,
            "gross_margin_4q_avg": 36.71,
            "net_income": -15880,
            "net_income_4q": null,
            "revenue": 314272,
            "revenue_4q": null,
            "common_shares": 1001536,
            "book_valuer_per_share": 13.4,
            "book_valuer_per_share_4q_avg": 13.37,
            "equity": 1341838,
            "current_ratio": 597.52,
            "debt_ratio": 15.45,
            "inventory_turnover_ratio": 0.95,
            "account_receivable_turnover_ratio": null,
            "reinvestment_rate": null,
            "research_to_sale_ratio": null,
            "price_fair": 8.02,
            "eps_avg_yearly": 2.67,
            "eps_latest_yearly": 2.24,
            "eps_growth_yearly": -2.85
        },
        "20081": {
            "year_quarter": 20081,
            "year": 2008,
            "quarter": 1,
            "eps": 0.07,
            "eps_growth_year": -81.58,
            "eps_4q": 0.89,
            "eps_4q_growth_year": -59.93,
            "roe": 0.55,
            "roe_4q": 8.440000000000001,
            "gross_profit": 128596,
            "gross_margin": 38.56,
            "gross_margin_4q_avg": 37.14,
            "net_income": 7081,
            "net_income_4q": null,
            "revenue": 333500,
            "revenue_4q": null,
            "common_shares": 1001536,
            "book_valuer_per_share": 12.5,
            "book_valuer_per_share_4q_avg": 12.97,
            "equity": 1251885,
            "current_ratio": 666.99,
            "debt_ratio": 13.72,
            "inventory_turnover_ratio": 0.6,
            "account_receivable_turnover_ratio": null,
            "reinvestment_rate": null,
            "research_to_sale_ratio": null,
            "price_fair": 8.02,
            "eps_avg_yearly": 2.67,
            "eps_latest_yearly": 2.24,
            "eps_growth_yearly": -2.85
        },
        "20082": {
            "year_quarter": 20082,
            "year": 2008,
            "quarter": 2,
            "eps": 0.46,
            "eps_growth_year": -25.81,
            "eps_4q": 0.88,
            "eps_4q_growth_year": -66.38,
            "roe": 3.67,
            "roe_4q": 7.62,
            "gross_profit": 163850,
            "gross_margin": 40.12,
            "gross_margin_4q_avg": 37.15,
            "net_income": 45388,
            "net_income_4q": null,
            "revenue": 408404,
            "revenue_4q": null,
            "common_shares": 1001536,
            "book_valuer_per_share": 12.17,
            "book_valuer_per_share_4q_avg": 12.59,
            "equity": 1219364,
            "current_ratio": 327.97,
            "debt_ratio": 26.77,
            "inventory_turnover_ratio": 0.62,
            "account_receivable_turnover_ratio": null,
            "reinvestment_rate": null,
            "research_to_sale_ratio": null,
            "price_fair": 89.4,
            "eps_avg_yearly": 2.55,
            "eps_latest_yearly": 1.84,
            "eps_growth_yearly": 315.92
        },
        "20083": {
            "year_quarter": 20083,
            "year": 2008,
            "quarter": 3,
            "eps": 0.63,
            "eps_growth_year": 12.5,
            "eps_4q": 0.99,
            "eps_4q_growth_year": -52.09,
            "roe": 4.99,
            "roe_4q": 7.910000000000001,
            "gross_profit": 183353,
            "gross_margin": 37.66,
            "gross_margin_4q_avg": 37.51,
            "net_income": 63419,
            "net_income_4q": null,
            "revenue": 486801,
            "revenue_4q": null,
            "common_shares": 1027935,
            "book_valuer_per_share": 12.87,
            "book_valuer_per_share_4q_avg": 12.74,
            "equity": 1322909,
            "current_ratio": 377.15,
            "debt_ratio": 22.35,
            "inventory_turnover_ratio": 0.71,
            "account_receivable_turnover_ratio": null,
            "reinvestment_rate": null,
            "research_to_sale_ratio": null,
            "price_fair": 89.25,
            "eps_avg_yearly": 2.55,
            "eps_latest_yearly": 2.52,
            "eps_growth_yearly": 294.91
        },
        "20084": {
            "year_quarter": 20084,
            "year": 2008,
            "quarter": 4,
            "eps": 0.53,
            "eps_growth_year": null,
            "eps_4q": 1.69,
            "eps_4q_growth_year": 28.06,
            "roe": 3.91,
            "roe_4q": 13.120000000000001,
            "gross_profit": 160898,
            "gross_margin": 34.37,
            "gross_margin_4q_avg": 37.68,
            "net_income": 52931,
            "net_income_4q": null,
            "revenue": 468129,
            "revenue_4q": null,
            "common_shares": 1027935,
            "book_valuer_per_share": 13.46,
            "book_valuer_per_share_4q_avg": 12.75,
            "equity": 1383492,
            "current_ratio": 308.55,
            "debt_ratio": 27.3,
            "inventory_turnover_ratio": 0.59,
            "account_receivable_turnover_ratio": 15.16,
            "reinvestment_rate": null,
            "research_to_sale_ratio": null,
            "price_fair": 87.58,
            "eps_avg_yearly": 2.5,
            "eps_latest_yearly": 2.12,
            "eps_growth_yearly": 255.09
        },
        "20091": {
            "year_quarter": 20091,
            "year": 2009,
            "quarter": 1,
            "eps": 0.32,
            "eps_growth_year": 357.14,
            "eps_4q": 1.96,
            "eps_4q_growth_year": 121.16,
            "roe": 2.24,
            "roe_4q": 14.81,
            "gross_profit": 139090,
            "gross_margin": 40.3,
            "gross_margin_4q_avg": 38.11,
            "net_income": 31544,
            "net_income_4q": null,
            "revenue": 345128,
            "revenue_4q": null,
            "common_shares": 1027935,
            "book_valuer_per_share": 13.97,
            "book_valuer_per_share_4q_avg": 13.12,
            "equity": 1435519,
            "current_ratio": 314.78,
            "debt_ratio": 25.17,
            "inventory_turnover_ratio": 0.3,
            "account_receivable_turnover_ratio": 7.88,
            "reinvestment_rate": null,
            "research_to_sale_ratio": null,
            "price_fair": 83.3,
            "eps_avg_yearly": 2.38,
            "eps_latest_yearly": 1.28,
            "eps_growth_yearly": 213.73
        },
        "20092": {
            "year_quarter": 20092,
            "year": 2009,
            "quarter": 2,
            "eps": 0.51,
            "eps_growth_year": 10.87,
            "eps_4q": 2,
            "eps_4q_growth_year": 126.44,
            "roe": 3.61,
            "roe_4q": 14.75,
            "gross_profit": 164931,
            "gross_margin": 30.5,
            "gross_margin_4q_avg": 35.71,
            "net_income": 50635,
            "net_income_4q": null,
            "revenue": 540827,
            "revenue_4q": null,
            "common_shares": 1027935,
            "book_valuer_per_share": 13.32,
            "book_valuer_per_share_4q_avg": 13.41,
            "equity": 1369222,
            "current_ratio": 261.8,
            "debt_ratio": 28.52,
            "inventory_turnover_ratio": 0.58,
            "account_receivable_turnover_ratio": 10.61,
            "reinvestment_rate": null,
            "research_to_sale_ratio": null,
            "price_fair": 82.22,
            "eps_avg_yearly": 2.35,
            "eps_latest_yearly": 2.04,
            "eps_growth_yearly": 215.89
        },
        "20093": {
            "year_quarter": 20093,
            "year": 2009,
            "quarter": 3,
            "eps": 0.37,
            "eps_growth_year": -41.27,
            "eps_4q": 1.63,
            "eps_4q_growth_year": 64.37,
            "roe": 2.87,
            "roe_4q": 12.63,
            "gross_profit": 149720,
            "gross_margin": 35.79,
            "gross_margin_4q_avg": 35.24,
            "net_income": 39581,
            "net_income_4q": null,
            "revenue": 418332,
            "revenue_4q": null,
            "common_shares": 1112583,
            "book_valuer_per_share": 12.52,
            "book_valuer_per_share_4q_avg": 13.32,
            "equity": 1392942,
            "current_ratio": 250.05,
            "debt_ratio": 35.83,
            "inventory_turnover_ratio": 0.53,
            "account_receivable_turnover_ratio": 5.33,
            "reinvestment_rate": null,
            "research_to_sale_ratio": null,
            "price_fair": 79.68,
            "eps_avg_yearly": 2.28,
            "eps_latest_yearly": 1.48,
            "eps_growth_yearly": 188.75
        },
        "20094": {
            "year_quarter": 20094,
            "year": 2009,
            "quarter": 4,
            "eps": 0.31,
            "eps_growth_year": -41.51,
            "eps_4q": 1.43,
            "eps_4q_growth_year": -15.28,
            "roe": 2.36,
            "roe_4q": 11.08,
            "gross_profit": 136324,
            "gross_margin": 29.24,
            "gross_margin_4q_avg": 33.96,
            "net_income": 33303,
            "net_income_4q": null,
            "revenue": 466258,
            "revenue_4q": null,
            "common_shares": 1112583,
            "book_valuer_per_share": 13.16,
            "book_valuer_per_share_4q_avg": 13.24,
            "equity": 1424388,
            "current_ratio": 388.87,
            "debt_ratio": 27.41,
            "inventory_turnover_ratio": 0.76,
            "account_receivable_turnover_ratio": 2.87,
            "reinvestment_rate": 83.27,
            "research_to_sale_ratio": null,
            "price_fair": 76.89,
            "eps_avg_yearly": 2.2,
            "eps_latest_yearly": 1.24,
            "eps_growth_yearly": 169.24
        },
        "20101": {
            "year_quarter": 20101,
            "year": 2010,
            "quarter": 1,
            "eps": 0.27,
            "eps_growth_year": -15.62,
            "eps_4q": 1.41,
            "eps_4q_growth_year": -28.05,
            "roe": 2.07,
            "roe_4q": 10.91,
            "gross_profit": 138826,
            "gross_margin": 33.78,
            "gross_margin_4q_avg": 32.33,
            "net_income": 29767,
            "net_income_4q": null,
            "revenue": 410923,
            "revenue_4q": null,
            "common_shares": 1114324,
            "book_valuer_per_share": 13.38,
            "book_valuer_per_share_4q_avg": 13.1,
            "equity": 1451903,
            "current_ratio": 371.62,
            "debt_ratio": 28.87,
            "inventory_turnover_ratio": 0.69,
            "account_receivable_turnover_ratio": 1.39,
            "reinvestment_rate": 85.8,
            "research_to_sale_ratio": 6.19,
            "price_fair": 74.1,
            "eps_avg_yearly": 2.12,
            "eps_latest_yearly": 1.08,
            "eps_growth_yearly": 153.47
        },
        "20102": {
            "year_quarter": 20102,
            "year": 2010,
            "quarter": 2,
            "eps": 0.23,
            "eps_growth_year": -54.07,
            "eps_4q": 1.18,
            "eps_4q_growth_year": -40.99,
            "roe": 1.81,
            "roe_4q": 9.11,
            "gross_profit": 162372,
            "gross_margin": 31.59,
            "gross_margin_4q_avg": 32.6,
            "net_income": 25429,
            "net_income_4q": null,
            "revenue": 514007,
            "revenue_4q": null,
            "common_shares": 1115373,
            "book_valuer_per_share": 12.44,
            "book_valuer_per_share_4q_avg": 12.88,
            "equity": 1350711,
            "current_ratio": 233.43,
            "debt_ratio": 36.96,
            "inventory_turnover_ratio": 0.8,
            "account_receivable_turnover_ratio": 1.54,
            "reinvestment_rate": 91.56,
            "research_to_sale_ratio": 5.26,
            "price_fair": 65.9,
            "eps_avg_yearly": 1.88,
            "eps_latest_yearly": 0.92,
            "eps_growth_yearly": 142.09
        },
        "20103": {
            "year_quarter": 20103,
            "year": 2010,
            "quarter": 3,
            "eps": 0.5,
            "eps_growth_year": 34.04,
            "eps_4q": 1.3,
            "eps_4q_growth_year": -20.36,
            "roe": 3.9,
            "roe_4q": 10.139999999999999,
            "gross_profit": 159515,
            "gross_margin": 31.38,
            "gross_margin_4q_avg": 31.5,
            "net_income": 54546,
            "net_income_4q": null,
            "revenue": 508320,
            "revenue_4q": null,
            "common_shares": 1115473,
            "book_valuer_per_share": 13.17,
            "book_valuer_per_share_4q_avg": 13.04,
            "equity": 1449060,
            "current_ratio": 262.15,
            "debt_ratio": 28.08,
            "inventory_turnover_ratio": 0.62,
            "account_receivable_turnover_ratio": 2.32,
            "reinvestment_rate": 96.23,
            "research_to_sale_ratio": 6.86,
            "price_fair": 63.5,
            "eps_avg_yearly": 1.81,
            "eps_latest_yearly": 2,
            "eps_growth_yearly": 184.07
        },
        "20104": {
            "year_quarter": 20104,
            "year": 2010,
            "quarter": 4,
            "eps": -0.03,
            "eps_growth_year": -109.63,
            "eps_4q": 0.96,
            "eps_4q_growth_year": -32.8,
            "roe": -0.23,
            "roe_4q": 7.550000000000001,
            "gross_profit": 178947,
            "gross_margin": 39.31,
            "gross_margin_4q_avg": 34.02,
            "net_income": -3301,
            "net_income_4q": null,
            "revenue": 455240,
            "revenue_4q": null,
            "common_shares": 1121494,
            "book_valuer_per_share": 12.64,
            "book_valuer_per_share_4q_avg": 12.91,
            "equity": 1397992,
            "current_ratio": 273.11,
            "debt_ratio": 26.35,
            "inventory_turnover_ratio": 0.47,
            "account_receivable_turnover_ratio": 9.97,
            "reinvestment_rate": 82.64,
            "research_to_sale_ratio": 10.7,
            "price_fair": 61.28,
            "eps_avg_yearly": 1.75,
            "eps_latest_yearly": 2,
            "eps_growth_yearly": 201.55
        },
        "20111": {
            "year_quarter": 20111,
            "year": 2011,
            "quarter": 1,
            "eps": -0.01,
            "eps_growth_year": -103.7,
            "eps_4q": 0.67,
            "eps_4q_growth_year": -52.41,
            "roe": -0.08,
            "roe_4q": 5.4,
            "gross_profit": 118627,
            "gross_margin": 25.47,
            "gross_margin_4q_avg": 31.94,
            "net_income": -1099,
            "net_income_4q": null,
            "revenue": 465746,
            "revenue_4q": null,
            "common_shares": 1123724,
            "book_valuer_per_share": 13.2,
            "book_valuer_per_share_4q_avg": 12.86,
            "equity": 1485723,
            "current_ratio": 299.57,
            "debt_ratio": 25.24,
            "inventory_turnover_ratio": 0.66,
            "account_receivable_turnover_ratio": 7.72,
            "reinvestment_rate": 109.65,
            "research_to_sale_ratio": 7.01,
            "price_fair": 61.95,
            "eps_avg_yearly": 1.77,
            "eps_latest_yearly": 2,
            "eps_growth_yearly": 232.49
        },
        "20112": {
            "year_quarter": 20112,
            "year": 2011,
            "quarter": 2,
            "eps": 0.14,
            "eps_growth_year": -38.73,
            "eps_4q": 0.59,
            "eps_4q_growth_year": -50.12,
            "roe": 1.1,
            "roe_4q": 4.6899999999999995,
            "gross_profit": 143985,
            "gross_margin": 30.21,
            "gross_margin_4q_avg": 31.59,
            "net_income": 16175,
            "net_income_4q": null,
            "revenue": 476681,
            "revenue_4q": null,
            "common_shares": 1126934,
            "book_valuer_per_share": 12.96,
            "book_valuer_per_share_4q_avg": 12.99,
            "equity": 1460252,
            "current_ratio": 332.7,
            "debt_ratio": 42.3,
            "inventory_turnover_ratio": 0.72,
            "account_receivable_turnover_ratio": 5.74,
            "reinvestment_rate": 132.54,
            "research_to_sale_ratio": 5.4,
            "price_fair": 59.69,
            "eps_avg_yearly": 1.71,
            "eps_latest_yearly": 2,
            "eps_growth_yearly": 230.66
        },
        "20113": {
            "year_quarter": 20113,
            "year": 2011,
            "quarter": 3,
            "eps": -0.42,
            "eps_growth_year": -184.75,
            "eps_4q": -0.33,
            "eps_4q_growth_year": -125.7,
            "roe": -3.15,
            "roe_4q": -2.36,
            "gross_profit": 125597,
            "gross_margin": 23.49,
            "gross_margin_4q_avg": 29.62,
            "net_income": -57484,
            "net_income_4q": null,
            "revenue": 534607,
            "revenue_4q": null,
            "common_shares": 1367644,
            "book_valuer_per_share": 14.27,
            "book_valuer_per_share_4q_avg": 13.27,
            "equity": 2191723,
            "current_ratio": 280.85,
            "debt_ratio": 36.56,
            "inventory_turnover_ratio": 0.81,
            "account_receivable_turnover_ratio": 4.89,
            "reinvestment_rate": 239.05,
            "research_to_sale_ratio": 19.01,
            "price_fair": 57.82,
            "eps_avg_yearly": 1.65,
            "eps_latest_yearly": 2,
            "eps_growth_yearly": 257.59
        },
        "20114": {
            "year_quarter": 20114,
            "year": 2011,
            "quarter": 4,
            "eps": 0.02,
            "eps_growth_year": null,
            "eps_4q": -0.29,
            "eps_4q_growth_year": -130.29,
            "roe": -1.1,
            "roe_4q": -3.23,
            "gross_profit": 142415,
            "gross_margin": 25.32,
            "gross_margin_4q_avg": 26.12,
            "net_income": -24288,
            "net_income_4q": null,
            "revenue": 562386,
            "revenue_4q": null,
            "common_shares": 1370124,
            "book_valuer_per_share": 14.28,
            "book_valuer_per_share_4q_avg": 13.68,
            "equity": 2214606,
            "current_ratio": 262.54,
            "debt_ratio": 35.57,
            "inventory_turnover_ratio": 0.61,
            "account_receivable_turnover_ratio": 5.22,
            "reinvestment_rate": 204.82,
            "research_to_sale_ratio": 6.22,
            "price_fair": 57.82,
            "eps_avg_yearly": 1.65,
            "eps_latest_yearly": 2,
            "eps_growth_yearly": 257.59
        },
        "20121": {
            "year_quarter": 20121,
            "year": 2012,
            "quarter": 1,
            "eps": -0.05,
            "eps_growth_year": null,
            "eps_4q": -0.33,
            "eps_4q_growth_year": -149.71,
            "roe": -1.14,
            "roe_4q": -4.290000000000001,
            "gross_profit": 116295,
            "gross_margin": 23.48,
            "gross_margin_4q_avg": 25.63,
            "net_income": -24974,
            "net_income_4q": null,
            "revenue": 495395,
            "revenue_4q": null,
            "common_shares": 1376413,
            "book_valuer_per_share": 14.08,
            "book_valuer_per_share_4q_avg": 13.9,
            "equity": 2178819,
            "current_ratio": 262.17,
            "debt_ratio": 35.7,
            "inventory_turnover_ratio": 0.44,
            "account_receivable_turnover_ratio": 4.43,
            "reinvestment_rate": 208.76,
            "research_to_sale_ratio": 7.86,
            "price_fair": 57.82,
            "eps_avg_yearly": 1.65,
            "eps_latest_yearly": 2,
            "eps_growth_yearly": 257.59
        },
        "20122": {
            "year_quarter": 20122,
            "year": 2012,
            "quarter": 2,
            "eps": -0.02,
            "eps_growth_year": -115.41,
            "eps_4q": -0.47,
            "eps_4q_growth_year": -180.24,
            "roe": -1.44,
            "roe_4q": -6.83,
            "gross_profit": 121449,
            "gross_margin": 23.03,
            "gross_margin_4q_avg": 23.83,
            "net_income": -30218,
            "net_income_4q": null,
            "revenue": 527329,
            "revenue_4q": null,
            "common_shares": 1381610,
            "book_valuer_per_share": 13.1,
            "book_valuer_per_share_4q_avg": 13.93,
            "equity": 2022967,
            "current_ratio": 145,
            "debt_ratio": 43.79,
            "inventory_turnover_ratio": 0.42,
            "account_receivable_turnover_ratio": 3.75,
            "reinvestment_rate": 222.78,
            "research_to_sale_ratio": 8.43,
            "price_fair": 57.09,
            "eps_avg_yearly": 1.63,
            "eps_latest_yearly": 2,
            "eps_growth_yearly": 38.6
        },
        "20123": {
            "year_quarter": 20123,
            "year": 2012,
            "quarter": 3,
            "eps": 0,
            "eps_growth_year": null,
            "eps_4q": -0.05,
            "eps_4q_growth_year": null,
            "roe": -0.71,
            "roe_4q": -4.390000000000001,
            "gross_profit": 127744,
            "gross_margin": 22.39,
            "gross_margin_4q_avg": 23.56,
            "net_income": -15097,
            "net_income_4q": null,
            "revenue": 570594,
            "revenue_4q": null,
            "common_shares": 1382470,
            "book_valuer_per_share": 12.96,
            "book_valuer_per_share_4q_avg": 13.61,
            "equity": 2246898,
            "current_ratio": 145.27,
            "debt_ratio": 42.95,
            "inventory_turnover_ratio": 0.43,
            "account_receivable_turnover_ratio": 1.58,
            "reinvestment_rate": 865.66,
            "research_to_sale_ratio": 6.48,
            "price_fair": 53.11,
            "eps_avg_yearly": 1.52,
            "eps_latest_yearly": 2,
            "eps_growth_yearly": 24.94
        },
        "20124": {
            "year_quarter": 20124,
            "year": 2012,
            "quarter": 4,
            "eps": -0.07,
            "eps_growth_year": -513.28,
            "eps_4q": -0.15,
            "eps_4q_growth_year": null,
            "roe": -1.23,
            "roe_4q": -4.52,
            "gross_profit": 108003,
            "gross_margin": 19.28,
            "gross_margin_4q_avg": 22.05,
            "net_income": -27537,
            "net_income_4q": null,
            "revenue": 560208,
            "revenue_4q": null,
            "common_shares": 1383380,
            "book_valuer_per_share": 12.93,
            "book_valuer_per_share_4q_avg": 13.27,
            "equity": 2213911,
            "current_ratio": 186.43,
            "debt_ratio": 37.46,
            "inventory_turnover_ratio": 0.47,
            "account_receivable_turnover_ratio": 1.55,
            "reinvestment_rate": 419.79,
            "research_to_sale_ratio": 6.18,
            "price_fair": 50.2,
            "eps_avg_yearly": 1.43,
            "eps_latest_yearly": 2,
            "eps_growth_yearly": 37.58
        },
        "20131": {
            "year_quarter": 20131,
            "year": 2013,
            "quarter": 1,
            "eps": -0.34,
            "eps_growth_year": null,
            "eps_4q": -0.43,
            "eps_4q_growth_year": null,
            "roe": -2.44,
            "roe_4q": -5.82,
            "gross_profit": 93294,
            "gross_margin": 18.62,
            "gross_margin_4q_avg": 20.83,
            "net_income": -53497,
            "net_income_4q": null,
            "revenue": 501138,
            "revenue_4q": null,
            "common_shares": 1384250,
            "book_valuer_per_share": 12.71,
            "book_valuer_per_share_4q_avg": 12.93,
            "equity": 2174272,
            "current_ratio": 167.03,
            "debt_ratio": 40.2,
            "inventory_turnover_ratio": 0.46,
            "account_receivable_turnover_ratio": 2.82,
            "reinvestment_rate": 604.5,
            "research_to_sale_ratio": 6.47,
            "price_fair": 51.1,
            "eps_avg_yearly": 1.46,
            "eps_latest_yearly": 2,
            "eps_growth_yearly": 70.25
        },
        "20132": {
            "year_quarter": 20132,
            "year": 2013,
            "quarter": 2,
            "eps": -0.33,
            "eps_growth_year": null,
            "eps_4q": -0.75,
            "eps_4q_growth_year": null,
            "roe": -2.57,
            "roe_4q": -6.95,
            "gross_profit": 92030,
            "gross_margin": 19.39,
            "gross_margin_4q_avg": 19.92,
            "net_income": -55374,
            "net_income_4q": null,
            "revenue": 474667,
            "revenue_4q": null,
            "common_shares": 1384750,
            "book_valuer_per_share": 12.48,
            "book_valuer_per_share_4q_avg": 12.77,
            "equity": 2133604,
            "current_ratio": 187.02,
            "debt_ratio": 42.47,
            "inventory_turnover_ratio": 0.44,
            "account_receivable_turnover_ratio": 2.72,
            "reinvestment_rate": 3057.89,
            "research_to_sale_ratio": 6.36,
            "price_fair": 47.04,
            "eps_avg_yearly": 1.34,
            "eps_latest_yearly": 2,
            "eps_growth_yearly": 36.8
        },
        "20133": {
            "year_quarter": 20133,
            "year": 2013,
            "quarter": 3,
            "eps": 0.06,
            "eps_growth_year": 1990.59,
            "eps_4q": -0.56,
            "eps_4q_growth_year": null,
            "roe": 0.24,
            "roe_4q": -6,
            "gross_profit": 127432,
            "gross_margin": 24.31,
            "gross_margin_4q_avg": 20.4,
            "net_income": 5660,
            "net_income_4q": null,
            "revenue": 524261,
            "revenue_4q": null,
            "common_shares": 1705100,
            "book_valuer_per_share": 12.73,
            "book_valuer_per_share_4q_avg": 12.71,
            "equity": 2574375,
            "current_ratio": 235.95,
            "debt_ratio": 34.58,
            "inventory_turnover_ratio": 0.46,
            "account_receivable_turnover_ratio": 3.5,
            "reinvestment_rate": null,
            "research_to_sale_ratio": 5.27,
            "price_fair": 45.85,
            "eps_avg_yearly": 1.31,
            "eps_latest_yearly": 2,
            "eps_growth_yearly": 73.46
        },
        "20134": {
            "year_quarter": 20134,
            "year": 2013,
            "quarter": 4,
            "eps": 0.12,
            "eps_growth_year": null,
            "eps_4q": -0.37,
            "eps_4q_growth_year": null,
            "roe": 0.01,
            "roe_4q": -4.76,
            "gross_profit": 133242,
            "gross_margin": 23.64,
            "gross_margin_4q_avg": 21.49,
            "net_income": 327,
            "net_income_4q": null,
            "revenue": 563540,
            "revenue_4q": null,
            "common_shares": 1721735,
            "book_valuer_per_share": 13.01,
            "book_valuer_per_share_4q_avg": 12.73,
            "equity": 2623084,
            "current_ratio": 272.32,
            "debt_ratio": 34.34,
            "inventory_turnover_ratio": 0.52,
            "account_receivable_turnover_ratio": 4.32,
            "reinvestment_rate": null,
            "research_to_sale_ratio": 6.06,
            "price_fair": 39.2,
            "eps_avg_yearly": 1.12,
            "eps_latest_yearly": 0.48,
            "eps_growth_yearly": 189.67
        },
        "20141": {
            "year_quarter": 20141,
            "year": 2014,
            "quarter": 1,
            "eps": 0.1,
            "eps_growth_year": null,
            "eps_4q": 0.01,
            "eps_4q_growth_year": null,
            "roe": 0.7,
            "roe_4q": -1.6199999999999999,
            "gross_profit": 156962,
            "gross_margin": 27.8,
            "gross_margin_4q_avg": 23.79,
            "net_income": 18744,
            "net_income_4q": null,
            "revenue": 564687,
            "revenue_4q": null,
            "common_shares": 1766127,
            "book_valuer_per_share": 13.44,
            "book_valuer_per_share_4q_avg": 12.92,
            "equity": 2757200,
            "current_ratio": 211.47,
            "debt_ratio": 37.43,
            "inventory_turnover_ratio": 0.47,
            "account_receivable_turnover_ratio": 3.98,
            "reinvestment_rate": null,
            "research_to_sale_ratio": 5.14,
            "price_fair": 33.25,
            "eps_avg_yearly": 0.95,
            "eps_latest_yearly": 0.4,
            "eps_growth_yearly": 185.91
        },
        "20142": {
            "year_quarter": 20142,
            "year": 2014,
            "quarter": 2,
            "eps": 0.03,
            "eps_growth_year": null,
            "eps_4q": 0.29,
            "eps_4q_growth_year": null,
            "roe": 0.29,
            "roe_4q": 1.24,
            "gross_profit": 162497,
            "gross_margin": 26.15,
            "gross_margin_4q_avg": 25.48,
            "net_income": 7901,
            "net_income_4q": null,
            "revenue": 621407,
            "revenue_4q": null,
            "common_shares": 1794506,
            "book_valuer_per_share": 13.39,
            "book_valuer_per_share_4q_avg": 13.14,
            "equity": 2776202,
            "current_ratio": 199.73,
            "debt_ratio": 35.07,
            "inventory_turnover_ratio": 0.49,
            "account_receivable_turnover_ratio": 3.37,
            "reinvestment_rate": null,
            "research_to_sale_ratio": 4.47,
            "price_fair": 26.25,
            "eps_avg_yearly": 0.75,
            "eps_latest_yearly": 0.12,
            "eps_growth_yearly": 130.72
        },
        "20143": {
            "year_quarter": 20143,
            "year": 2014,
            "quarter": 3,
            "eps": 0.18,
            "eps_growth_year": 200,
            "eps_4q": 0.43,
            "eps_4q_growth_year": null,
            "roe": 0.85,
            "roe_4q": 1.8499999999999999,
            "gross_profit": 142544,
            "gross_margin": 27.07,
            "gross_margin_4q_avg": 26.17,
            "net_income": 23388,
            "net_income_4q": null,
            "revenue": 526637,
            "revenue_4q": null,
            "common_shares": 1794506,
            "book_valuer_per_share": 13.12,
            "book_valuer_per_share_4q_avg": 13.24,
            "equity": 2715660,
            "current_ratio": 177.49,
            "debt_ratio": 34.9,
            "inventory_turnover_ratio": 0.4,
            "account_receivable_turnover_ratio": 2.57,
            "reinvestment_rate": null,
            "research_to_sale_ratio": 4.26,
            "price_fair": 15.05,
            "eps_avg_yearly": 0.43,
            "eps_latest_yearly": 0.72,
            "eps_growth_yearly": 513.33
        },
        "20144": {
            "year_quarter": 20144,
            "year": 2014,
            "quarter": 4,
            "eps": 0.15,
            "eps_growth_year": 21.87,
            "eps_4q": 0.46,
            "eps_4q_growth_year": null,
            "roe": 1.31,
            "roe_4q": 3.1500000000000004,
            "gross_profit": 149213,
            "gross_margin": 28.43,
            "gross_margin_4q_avg": 27.36,
            "net_income": 36297,
            "net_income_4q": null,
            "revenue": 524801,
            "revenue_4q": null,
            "common_shares": 1794506,
            "book_valuer_per_share": 13.67,
            "book_valuer_per_share_4q_avg": 13.41,
            "equity": 2825495,
            "current_ratio": 182.59,
            "debt_ratio": 32.97,
            "inventory_turnover_ratio": 0.41,
            "account_receivable_turnover_ratio": 2.48,
            "reinvestment_rate": null,
            "research_to_sale_ratio": 6.49,
            "price_fair": 16.24,
            "eps_avg_yearly": 0.46,
            "eps_latest_yearly": 0.6,
            "eps_growth_yearly": 397.33
        },
        "20151": {
            "year_quarter": 20151,
            "year": 2015,
            "quarter": 1,
            "eps": 0.01,
            "eps_growth_year": -90,
            "eps_4q": 0.37,
            "eps_4q_growth_year": 5086.31,
            "roe": 0.06,
            "roe_4q": 2.5100000000000002,
            "gross_profit": 145827,
            "gross_margin": 31.77,
            "gross_margin_4q_avg": 28.36,
            "net_income": 1626,
            "net_income_4q": null,
            "revenue": 458970,
            "revenue_4q": null,
            "common_shares": 1794506,
            "book_valuer_per_share": 13.66,
            "book_valuer_per_share_4q_avg": 13.46,
            "equity": 2821684,
            "current_ratio": 207.74,
            "debt_ratio": 28.3,
            "inventory_turnover_ratio": 0.37,
            "account_receivable_turnover_ratio": 2.09,
            "reinvestment_rate": null,
            "research_to_sale_ratio": 6.19,
            "price_fair": 13.77,
            "eps_avg_yearly": 0.39,
            "eps_latest_yearly": 0.04,
            "eps_growth_yearly": 268.89
        },
        "20152": {
            "year_quarter": 20152,
            "year": 2015,
            "quarter": 2,
            "eps": -0.01,
            "eps_growth_year": -133.33,
            "eps_4q": 0.34,
            "eps_4q_growth_year": 14.92,
            "roe": 0.07,
            "roe_4q": 2.29,
            "gross_profit": 132177,
            "gross_margin": 29.3,
            "gross_margin_4q_avg": 29.14,
            "net_income": 1976,
            "net_income_4q": null,
            "revenue": 451095,
            "revenue_4q": null,
            "common_shares": 1794506,
            "book_valuer_per_share": 13.29,
            "book_valuer_per_share_4q_avg": 13.44,
            "equity": 2759950,
            "current_ratio": 176.4,
            "debt_ratio": 29.54,
            "inventory_turnover_ratio": 0.4,
            "account_receivable_turnover_ratio": 2.1,
            "reinvestment_rate": null,
            "research_to_sale_ratio": 5.92,
            "price_fair": 13.77,
            "eps_avg_yearly": 0.39,
            "eps_latest_yearly": 0.04,
            "eps_growth_yearly": 268.89
        },
        "20153": {
            "year_quarter": 20153,
            "year": 2015,
            "quarter": 3,
            "eps": -0.12,
            "eps_growth_year": -166.67,
            "eps_4q": 0.03,
            "eps_4q_growth_year": -92.8,
            "roe": -0.19,
            "roe_4q": 1.25,
            "gross_profit": 129209,
            "gross_margin": 32.2,
            "gross_margin_4q_avg": 30.43,
            "net_income": -5229,
            "net_income_4q": null,
            "revenue": 401332,
            "revenue_4q": null,
            "common_shares": 1794506,
            "book_valuer_per_share": 13.51,
            "book_valuer_per_share_4q_avg": 13.53,
            "equity": 2815936,
            "current_ratio": 168.46,
            "debt_ratio": 29.87,
            "inventory_turnover_ratio": 0.32,
            "account_receivable_turnover_ratio": 2.07,
            "reinvestment_rate": null,
            "research_to_sale_ratio": 7.25,
            "price_fair": 13.77,
            "eps_avg_yearly": 0.39,
            "eps_latest_yearly": 0.04,
            "eps_growth_yearly": 268.89
        },
        "20154": {
            "year_quarter": 20154,
            "year": 2015,
            "quarter": 4,
            "eps": -0.03,
            "eps_growth_year": -118.15,
            "eps_4q": -0.15,
            "eps_4q_growth_year": -131.6,
            "roe": -0.02,
            "roe_4q": -0.07999999999999999,
            "gross_profit": 111219,
            "gross_margin": 28.62,
            "gross_margin_4q_avg": 30.47,
            "net_income": -654,
            "net_income_4q": null,
            "revenue": 388657,
            "revenue_4q": null,
            "common_shares": 1794506,
            "book_valuer_per_share": 13.43,
            "book_valuer_per_share_4q_avg": 13.47,
            "equity": 2806148,
            "current_ratio": 208.17,
            "debt_ratio": 33.34,
            "inventory_turnover_ratio": 0.29,
            "account_receivable_turnover_ratio": 2.58,
            "reinvestment_rate": null,
            "research_to_sale_ratio": 7.52,
            "price_fair": 13.77,
            "eps_avg_yearly": 0.39,
            "eps_latest_yearly": 0.04,
            "eps_growth_yearly": 268.89
        },
        "20161": {
            "year_quarter": 20161,
            "year": 2016,
            "quarter": 1,
            "eps": 0.08,
            "eps_growth_year": 700,
            "eps_4q": -0.08,
            "eps_4q_growth_year": -121.57,
            "roe": 0.84,
            "roe_4q": 0.7,
            "gross_profit": 164181,
            "gross_margin": 35.46,
            "gross_margin_4q_avg": 31.4,
            "net_income": 23572,
            "net_income_4q": null,
            "revenue": 463038,
            "revenue_4q": null,
            "common_shares": 1794506,
            "book_valuer_per_share": 13.42,
            "book_valuer_per_share_4q_avg": 13.41,
            "equity": 2812683,
            "current_ratio": 205.78,
            "debt_ratio": 34.49,
            "inventory_turnover_ratio": 0.3,
            "account_receivable_turnover_ratio": 3.45,
            "reinvestment_rate": null,
            "research_to_sale_ratio": 7.05,
            "price_fair": 13.77,
            "eps_avg_yearly": 0.39,
            "eps_latest_yearly": 0.04,
            "eps_growth_yearly": 268.89
        },
        "20162": {
            "year_quarter": 20162,
            "year": 2016,
            "quarter": 2,
            "eps": -0.14,
            "eps_growth_year": null,
            "eps_4q": -0.21,
            "eps_4q_growth_year": -163.07,
            "roe": -0.82,
            "roe_4q": -0.18999999999999997,
            "gross_profit": 109421,
            "gross_margin": 26.07,
            "gross_margin_4q_avg": 30.59,
            "net_income": -22867,
            "net_income_4q": null,
            "revenue": 419766,
            "revenue_4q": null,
            "common_shares": 1794506,
            "book_valuer_per_share": 13.25,
            "book_valuer_per_share_4q_avg": 13.4,
            "equity": 2785716,
            "current_ratio": 198.81,
            "debt_ratio": 35.28,
            "inventory_turnover_ratio": 0.31,
            "account_receivable_turnover_ratio": 2.54,
            "reinvestment_rate": null,
            "research_to_sale_ratio": 7.15,
            "price_fair": 13.77,
            "eps_avg_yearly": 0.39,
            "eps_latest_yearly": 0.04,
            "eps_growth_yearly": 268.89
        },
        "20163": {
            "year_quarter": 20163,
            "year": 2016,
            "quarter": 3,
            "eps": -0.39,
            "eps_growth_year": null,
            "eps_4q": -0.48,
            "eps_4q_growth_year": -1669.64,
            "roe": -2.59,
            "roe_4q": -2.59,
            "gross_profit": 61505,
            "gross_margin": 13.9,
            "gross_margin_4q_avg": 26.01,
            "net_income": -70798,
            "net_income_4q": null,
            "revenue": 442406,
            "revenue_4q": null,
            "common_shares": 1794506,
            "book_valuer_per_share": 12.7,
            "book_valuer_per_share_4q_avg": 13.2,
            "equity": 2686176,
            "current_ratio": 183.41,
            "debt_ratio": 36.55,
            "inventory_turnover_ratio": 0.39,
            "account_receivable_turnover_ratio": 2.37,
            "reinvestment_rate": null,
            "research_to_sale_ratio": 7,
            "price_fair": 13.77,
            "eps_avg_yearly": 0.39,
            "eps_latest_yearly": 0.04,
            "eps_growth_yearly": 268.89
        },
        "20164": {
            "year_quarter": 20164,
            "year": 2016,
            "quarter": 4,
            "eps": -0.35,
            "eps_growth_year": null,
            "eps_4q": -0.81,
            "eps_4q_growth_year": null,
            "roe": -2.36,
            "roe_4q": -4.93,
            "gross_profit": 38386,
            "gross_margin": 9.62,
            "gross_margin_4q_avg": 21.26,
            "net_income": -62884,
            "net_income_4q": null,
            "revenue": 398925,
            "revenue_4q": null,
            "common_shares": 1794506,
            "book_valuer_per_share": 12.43,
            "book_valuer_per_share_4q_avg": 12.95,
            "equity": 2638950,
            "current_ratio": 180.27,
            "debt_ratio": 36.99,
            "inventory_turnover_ratio": 0.38,
            "account_receivable_turnover_ratio": 2.33,
            "reinvestment_rate": null,
            "research_to_sale_ratio": 9.45,
            "price_fair": 13.77,
            "eps_avg_yearly": 0.39,
            "eps_latest_yearly": 0.04,
            "eps_growth_yearly": 268.89
        },
        "20171": {
            "year_quarter": 20171,
            "year": 2017,
            "quarter": 1,
            "eps": -0.31,
            "eps_growth_year": -487.5,
            "eps_4q": -1.2,
            "eps_4q_growth_year": null,
            "roe": -2.88,
            "roe_4q": -8.65,
            "gross_profit": 59014,
            "gross_margin": 16.83,
            "gross_margin_4q_avg": 16.61,
            "net_income": -74210,
            "net_income_4q": null,
            "revenue": 350578,
            "revenue_4q": null,
            "common_shares": 1794506,
            "book_valuer_per_share": 11.84,
            "book_valuer_per_share_4q_avg": 12.56,
            "equity": 2514429,
            "current_ratio": 170.21,
            "debt_ratio": 38.82,
            "inventory_turnover_ratio": 0.32,
            "account_receivable_turnover_ratio": 2.43,
            "reinvestment_rate": null,
            "research_to_sale_ratio": 8.22,
            "price_fair": 13.77,
            "eps_avg_yearly": 0.39,
            "eps_latest_yearly": 0.04,
            "eps_growth_yearly": 268.89
        },
        "20172": {
            "year_quarter": 20172,
            "year": 2017,
            "quarter": 2,
            "eps": -0.12,
            "eps_growth_year": null,
            "eps_4q": -1.18,
            "eps_4q_growth_year": null,
            "roe": -0.81,
            "roe_4q": -8.64,
            "gross_profit": 85478,
            "gross_margin": 23.66,
            "gross_margin_4q_avg": 16,
            "net_income": -20352,
            "net_income_4q": null,
            "revenue": 361307,
            "revenue_4q": null,
            "common_shares": 1794506,
            "book_valuer_per_share": 11.75,
            "book_valuer_per_share_4q_avg": 12.18,
            "equity": 2500362,
            "current_ratio": 161.1,
            "debt_ratio": 40.89,
            "inventory_turnover_ratio": 0.29,
            "account_receivable_turnover_ratio": 2.14,
            "reinvestment_rate": null,
            "research_to_sale_ratio": 7.93,
            "price_fair": 13.77,
            "eps_avg_yearly": 0.39,
            "eps_latest_yearly": 0.04,
            "eps_growth_yearly": 268.89
        },
        "20173": {
            "year_quarter": 20173,
            "year": 2017,
            "quarter": 3,
            "eps": 0,
            "eps_growth_year": null,
            "eps_4q": -1.29,
            "eps_4q_growth_year": null,
            "roe": -3.64,
            "roe_4q": -9.69,
            "gross_profit": 33303,
            "gross_margin": 13.27,
            "gross_margin_4q_avg": 15.85,
            "net_income": -90833,
            "net_income_4q": null,
            "revenue": 250874,
            "revenue_4q": null,
            "common_shares": 1794506,
            "book_valuer_per_share": 11.25,
            "book_valuer_per_share_4q_avg": 11.82,
            "equity": 2494099,
            "current_ratio": 157.28,
            "debt_ratio": 41.39,
            "inventory_turnover_ratio": 0.21,
            "account_receivable_turnover_ratio": 1.43,
            "reinvestment_rate": null,
            "research_to_sale_ratio": 12.86,
            "price_fair": 13.77,
            "eps_avg_yearly": 0.39,
            "eps_latest_yearly": 0.04,
            "eps_growth_yearly": 268.89
        },
        "20174": {
            "year_quarter": 20174,
            "year": 2017,
            "quarter": 4,
            "eps": -0.95,
            "eps_growth_year": null,
            "eps_4q": -1.88,
            "eps_4q_growth_year": null,
            "roe": -8.37,
            "roe_4q": -15.7,
            "gross_profit": 30619,
            "gross_margin": 11.6,
            "gross_margin_4q_avg": 16.34,
            "net_income": -208757,
            "net_income_4q": null,
            "revenue": 264064,
            "revenue_4q": null,
            "common_shares": 1794506,
            "book_valuer_per_share": 10.38,
            "book_valuer_per_share_4q_avg": 11.31,
            "equity": 2493488,
            "current_ratio": 148.38,
            "debt_ratio": 39.49,
            "inventory_turnover_ratio": 0.23,
            "account_receivable_turnover_ratio": 2.07,
            "reinvestment_rate": null,
            "research_to_sale_ratio": 11.92,
            "price_fair": 13.16,
            "eps_avg_yearly": 0.38,
            "eps_latest_yearly": 0.04,
            "eps_growth_yearly": 242.67
        },
        "20181": {
            "year_quarter": 20181,
            "year": 2018,
            "quarter": 1,
            "eps": -0.3,
            "eps_growth_year": null,
            "eps_4q": -1.87,
            "eps_4q_growth_year": null,
            "roe": -3.14,
            "roe_4q": -15.96,
            "gross_profit": 29155,
            "gross_margin": 11.61,
            "gross_margin_4q_avg": 15.04,
            "net_income": -76925,
            "net_income_4q": null,
            "revenue": 251193,
            "revenue_4q": null,
            "common_shares": 1794506,
            "book_valuer_per_share": 10.03,
            "book_valuer_per_share_4q_avg": 10.85,
            "equity": 2407140,
            "current_ratio": 141.16,
            "debt_ratio": 39.47,
            "inventory_turnover_ratio": 0.24,
            "account_receivable_turnover_ratio": 3.03,
            "reinvestment_rate": null,
            "research_to_sale_ratio": 11.51,
            "price_fair": 12.95,
            "eps_avg_yearly": 0.37,
            "eps_latest_yearly": 0.04,
            "eps_growth_yearly": 320
        },
        "20182": {
            "year_quarter": 20182,
            "year": 2018,
            "quarter": 2,
            "eps": -0.42,
            "eps_growth_year": null,
            "eps_4q": -2.17,
            "eps_4q_growth_year": null,
            "roe": -4.52,
            "roe_4q": -19.67,
            "gross_profit": 24974,
            "gross_margin": 8.64,
            "gross_margin_4q_avg": 11.28,
            "net_income": -106848,
            "net_income_4q": null,
            "revenue": 288968,
            "revenue_4q": null,
            "common_shares": 1794506,
            "book_valuer_per_share": 9.74,
            "book_valuer_per_share_4q_avg": 10.35,
            "equity": 2323572,
            "current_ratio": 121.87,
            "debt_ratio": 38.65,
            "inventory_turnover_ratio": 0.32,
            "account_receivable_turnover_ratio": 4.06,
            "reinvestment_rate": null,
            "research_to_sale_ratio": 10.67,
            "price_fair": 15.87,
            "eps_avg_yearly": 0.45,
            "eps_latest_yearly": 0.04,
            "eps_growth_yearly": 520
        },
        "20183": {
            "year_quarter": 20183,
            "year": 2018,
            "quarter": 3,
            "eps": -0.26,
            "eps_growth_year": null,
            "eps_4q": -1.92,
            "eps_4q_growth_year": null,
            "roe": -3.03,
            "roe_4q": -19.06,
            "gross_profit": 39013,
            "gross_margin": 12.2,
            "gross_margin_4q_avg": 11.01,
            "net_income": -69200,
            "net_income_4q": null,
            "revenue": 319703,
            "revenue_4q": null,
            "common_shares": 1794506,
            "book_valuer_per_share": 9.43,
            "book_valuer_per_share_4q_avg": 9.9,
            "equity": 2245494,
            "current_ratio": 110.95,
            "debt_ratio": 40.64,
            "inventory_turnover_ratio": 0.38,
            "account_receivable_turnover_ratio": 4.49,
            "reinvestment_rate": null,
            "research_to_sale_ratio": 12.35,
            "price_fair": 0.96,
            "eps_avg_yearly": 0.32,
            "eps_latest_yearly": 0.04,
            "eps_growth_yearly": -220
        },
        "20184": {
            "year_quarter": 20184,
            "year": 2018,
            "quarter": 4,
            "eps": -0.63,
            "eps_growth_year": null,
            "eps_4q": -1.6,
            "eps_4q_growth_year": null,
            "roe": -7.82,
            "roe_4q": -18.509999999999998,
            "gross_profit": 91781,
            "gross_margin": 25.08,
            "gross_margin_4q_avg": 14.38,
            "net_income": -169270,
            "net_income_4q": null,
            "revenue": 365977,
            "revenue_4q": null,
            "common_shares": 1794506,
            "book_valuer_per_share": 8.84,
            "book_valuer_per_share_4q_avg": 9.51,
            "equity": 2082476,
            "current_ratio": 128.65,
            "debt_ratio": 42.15,
            "inventory_turnover_ratio": 0.38,
            "account_receivable_turnover_ratio": 5.65,
            "reinvestment_rate": null,
            "research_to_sale_ratio": 16.92,
            "price_fair": 0.12,
            "eps_avg_yearly": 0.04,
            "eps_latest_yearly": 0.04,
            "eps_growth_yearly": -373.33
        },
        "20191": {
            "year_quarter": 20191,
            "year": 2019,
            "quarter": 1,
            "eps": -0.54,
            "eps_growth_year": null,
            "eps_4q": -1.84,
            "eps_4q_growth_year": null,
            "roe": -5.64,
            "roe_4q": -21.01,
            "gross_profit": 6211,
            "gross_margin": 2.67,
            "gross_margin_4q_avg": 12.15,
            "net_income": -114401,
            "net_income_4q": null,
            "revenue": 232400,
            "revenue_4q": null,
            "common_shares": 1794506,
            "book_valuer_per_share": 8.33,
            "book_valuer_per_share_4q_avg": 9.09,
            "equity": 1973460,
            "current_ratio": 122,
            "debt_ratio": 48.09,
            "inventory_turnover_ratio": 0.33,
            "account_receivable_turnover_ratio": 3.94,
            "reinvestment_rate": null,
            "research_to_sale_ratio": 12.56,
            "price_fair": 0,
            "eps_avg_yearly": 0,
            "eps_latest_yearly": 0,
            "eps_growth_yearly": 0
        },
        "20192": {
            "year_quarter": 20192,
            "year": 2019,
            "quarter": 2,
            "eps": -0.39,
            "eps_growth_year": null,
            "eps_4q": -1.81,
            "eps_4q_growth_year": null,
            "roe": -4.18,
            "roe_4q": -20.67,
            "gross_profit": 16970,
            "gross_margin": 6.63,
            "gross_margin_4q_avg": 11.65,
            "net_income": -80848,
            "net_income_4q": null,
            "revenue": 255857,
            "revenue_4q": null,
            "common_shares": 1794506,
            "book_valuer_per_share": 7.95,
            "book_valuer_per_share_4q_avg": 8.64,
            "equity": 1893505,
            "current_ratio": 137.47,
            "debt_ratio": 49.49,
            "inventory_turnover_ratio": 0.39,
            "account_receivable_turnover_ratio": 4.41,
            "reinvestment_rate": null,
            "research_to_sale_ratio": 11.95,
            "price_fair": 0,
            "eps_avg_yearly": 0,
            "eps_latest_yearly": 0,
            "eps_growth_yearly": 0
        },
        "20193": {
            "year_quarter": 20193,
            "year": 2019,
            "quarter": 3,
            "eps": 0.09,
            "eps_growth_year": null,
            "eps_4q": -1.47,
            "eps_4q_growth_year": null,
            "roe": 0.18,
            "roe_4q": -17.46,
            "gross_profit": 45149,
            "gross_margin": 15.97,
            "gross_margin_4q_avg": 12.59,
            "net_income": 3346,
            "net_income_4q": null,
            "revenue": 282691,
            "revenue_4q": null,
            "common_shares": 1794506,
            "book_valuer_per_share": 8.02,
            "book_valuer_per_share_4q_avg": 8.29,
            "equity": 1894597,
            "current_ratio": 148.84,
            "debt_ratio": 50.29,
            "inventory_turnover_ratio": 0.43,
            "account_receivable_turnover_ratio": 4.63,
            "reinvestment_rate": null,
            "research_to_sale_ratio": 8.02,
            "price_fair": 0,
            "eps_avg_yearly": 0,
            "eps_latest_yearly": 0,
            "eps_growth_yearly": 0
        },
        "20194": {
            "year_quarter": 20194,
            "year": 2019,
            "quarter": 4,
            "eps": -1.01,
            "eps_growth_year": null,
            "eps_4q": -1.85,
            "eps_4q_growth_year": null,
            "roe": -11.65,
            "roe_4q": -21.29,
            "gross_profit": -22497,
            "gross_margin": -10.47,
            "gross_margin_4q_avg": 3.7,
            "net_income": -217524,
            "net_income_4q": null,
            "revenue": 214810,
            "revenue_4q": null,
            "common_shares": 1794506,
            "book_valuer_per_share": 7.18,
            "book_valuer_per_share_4q_avg": 7.87,
            "equity": 1839303,
            "current_ratio": 104.19,
            "debt_ratio": 48.17,
            "inventory_turnover_ratio": 0.47,
            "account_receivable_turnover_ratio": 3.51,
            "reinvestment_rate": null,
            "research_to_sale_ratio": 40.62,
            "price_fair": 0,
            "eps_avg_yearly": 0,
            "eps_latest_yearly": 0,
            "eps_growth_yearly": 0
        },
        "20201": {
            "year_quarter": 20201,
            "year": 2020,
            "quarter": 1,
            "eps": -0.75,
            "eps_growth_year": null,
            "eps_4q": -2.06,
            "eps_4q_growth_year": null,
            "roe": -10.76,
            "roe_4q": -26.41,
            "gross_profit": -19021,
            "gross_margin": -10.75,
            "gross_margin_4q_avg": 0.35,
            "net_income": -189483,
            "net_income_4q": null,
            "revenue": 177014,
            "revenue_4q": null,
            "common_shares": 1794506,
            "book_valuer_per_share": 6.6,
            "book_valuer_per_share_4q_avg": 7.44,
            "equity": 1681168,
            "current_ratio": 149.08,
            "debt_ratio": 48.42,
            "inventory_turnover_ratio": 0.44,
            "account_receivable_turnover_ratio": 2.9,
            "reinvestment_rate": null,
            "research_to_sale_ratio": 22.83,
            "price_fair": 0,
            "eps_avg_yearly": 0,
            "eps_latest_yearly": 0,
            "eps_growth_yearly": 0
        },
        "20202": {
            "year_quarter": 20202,
            "year": 2020,
            "quarter": 2,
            "eps": -0.66,
            "eps_growth_year": null,
            "eps_4q": -2.33,
            "eps_4q_growth_year": null,
            "roe": -16.54,
            "roe_4q": -38.769999999999996,
            "gross_profit": -22196,
            "gross_margin": -27.23,
            "gross_margin_4q_avg": -8.12,
            "net_income": -255850,
            "net_income_4q": null,
            "revenue": 81527,
            "revenue_4q": null,
            "common_shares": 1794506,
            "book_valuer_per_share": 5.87,
            "book_valuer_per_share_4q_avg": 6.92,
            "equity": 1413070,
            "current_ratio": 124.8,
            "debt_ratio": 49.61,
            "inventory_turnover_ratio": 0.24,
            "account_receivable_turnover_ratio": 1.98,
            "reinvestment_rate": null,
            "research_to_sale_ratio": 43.01,
            "price_fair": 0,
            "eps_avg_yearly": 0,
            "eps_latest_yearly": 0,
            "eps_growth_yearly": 0
        },
        "20203": {
            "year_quarter": 20203,
            "year": 2020,
            "quarter": 3,
            "eps": -0.44,
            "eps_growth_year": -588.89,
            "eps_4q": -2.86,
            "eps_4q_growth_year": null,
            "roe": -8.79,
            "roe_4q": -47.739999999999995,
            "gross_profit": -19608,
            "gross_margin": -17.64,
            "gross_margin_4q_avg": -16.52,
            "net_income": -119221,
            "net_income_4q": null,
            "revenue": 111163,
            "revenue_4q": null,
            "common_shares": 1794506,
            "book_valuer_per_share": 5.45,
            "book_valuer_per_share_4q_avg": 6.28,
            "equity": 1298224,
            "current_ratio": 108.34,
            "debt_ratio": 51.69,
            "inventory_turnover_ratio": 0.31,
            "account_receivable_turnover_ratio": 4.78,
            "reinvestment_rate": null,
            "research_to_sale_ratio": 22.57,
            "price_fair": 0,
            "eps_avg_yearly": 0,
            "eps_latest_yearly": 0,
            "eps_growth_yearly": 0
        },
        "20204": {
            "year_quarter": 20204,
            "year": 2020,
            "quarter": 4,
            "eps": -0.59,
            "eps_growth_year": null,
            "eps_4q": -2.44,
            "eps_4q_growth_year": null,
            "roe": -13.86,
            "roe_4q": -49.949999999999996,
            "gross_profit": -53815,
            "gross_margin": -45.21,
            "gross_margin_4q_avg": -25.21,
            "net_income": -179197,
            "net_income_4q": null,
            "revenue": 119021,
            "revenue_4q": null,
            "common_shares": 1794506,
            "book_valuer_per_share": 5,
            "book_valuer_per_share_4q_avg": 5.73,
            "equity": 1287168,
            "current_ratio": 68.35,
            "debt_ratio": 47.23,
            "inventory_turnover_ratio": 0.48,
            "account_receivable_turnover_ratio": 5.21,
            "reinvestment_rate": null,
            "research_to_sale_ratio": 19.99,
            "price_fair": 0,
            "eps_avg_yearly": 0,
            "eps_latest_yearly": 0,
            "eps_growth_yearly": 0
        },
        "20211": {
            "year_quarter": 20211,
            "year": 2021,
            "quarter": 1,
            "eps": -0.34,
            "eps_growth_year": null,
            "eps_4q": -2.03,
            "eps_4q_growth_year": null,
            "roe": -6.23,
            "roe_4q": -45.42,
            "gross_profit": -5563,
            "gross_margin": -5.42,
            "gross_margin_4q_avg": -23.88,
            "net_income": -77677,
            "net_income_4q": null,
            "revenue": 102689,
            "revenue_4q": null,
            "common_shares": 1794506,
            "book_valuer_per_share": 4.65,
            "book_valuer_per_share_4q_avg": 5.24,
            "equity": 1208051,
            "current_ratio": 96.77,
            "debt_ratio": 48.83,
            "inventory_turnover_ratio": 0.37,
            "account_receivable_turnover_ratio": 6.32,
            "reinvestment_rate": null,
            "research_to_sale_ratio": 18.39,
            "price_fair": 0,
            "eps_avg_yearly": 0,
            "eps_latest_yearly": 0,
            "eps_growth_yearly": 0
        },
        "20212": {
            "year_quarter": 20212,
            "year": 2021,
            "quarter": 2,
            "eps": -0.15,
            "eps_growth_year": null,
            "eps_4q": -1.52,
            "eps_4q_growth_year": null,
            "roe": -5.39,
            "roe_4q": -34.269999999999996,
            "gross_profit": -19576,
            "gross_margin": -18.46,
            "gross_margin_4q_avg": -21.68,
            "net_income": -63362,
            "net_income_4q": null,
            "revenue": 106025,
            "revenue_4q": null,
            "common_shares": 1794506,
            "book_valuer_per_share": 4.49,
            "book_valuer_per_share_4q_avg": 4.9,
            "equity": 1141898,
            "current_ratio": 64.56,
            "debt_ratio": 50.58,
            "inventory_turnover_ratio": 0.46,
            "account_receivable_turnover_ratio": 5.54,
            "reinvestment_rate": null,
            "research_to_sale_ratio": 18.76,
            "price_fair": 0,
            "eps_avg_yearly": 0,
            "eps_latest_yearly": 0,
            "eps_growth_yearly": 0
        },
        "20213": {
            "year_quarter": 20213,
            "year": 2021,
            "quarter": 3,
            "eps": -0.42,
            "eps_growth_year": null,
            "eps_4q": -1.36,
            "eps_4q_growth_year": null,
            "roe": -7,
            "roe_4q": -32.480000000000004,
            "gross_profit": 7189,
            "gross_margin": 5.32,
            "gross_margin_4q_avg": -15.94,
            "net_income": -77328,
            "net_income_4q": null,
            "revenue": 135259,
            "revenue_4q": null,
            "common_shares": 1794506,
            "book_valuer_per_share": 4.21,
            "book_valuer_per_share_4q_avg": 4.59,
            "equity": 1066140,
            "current_ratio": 60.5,
            "debt_ratio": 52.56,
            "inventory_turnover_ratio": 0.49,
            "account_receivable_turnover_ratio": 4.04,
            "reinvestment_rate": null,
            "research_to_sale_ratio": 13.81,
            "price_fair": 0,
            "eps_avg_yearly": 0,
            "eps_latest_yearly": 0,
            "eps_growth_yearly": 0
        },
        "20214": {
            "year_quarter": 20214,
            "year": 2021,
            "quarter": 4,
            "eps": -0.42,
            "eps_growth_year": null,
            "eps_4q": -1.57,
            "eps_4q_growth_year": null,
            "roe": -2.49,
            "roe_4q": -21.11,
            "gross_profit": 72510,
            "gross_margin": 64.98,
            "gross_margin_4q_avg": 11.61,
            "net_income": -26243,
            "net_income_4q": null,
            "revenue": 111587,
            "revenue_4q": null,
            "common_shares": 1200000,
            "book_valuer_per_share": 5.88,
            "book_valuer_per_share_4q_avg": 4.81,
            "equity": 1039594,
            "current_ratio": 65,
            "debt_ratio": 53.58,
            "inventory_turnover_ratio": 0.13,
            "account_receivable_turnover_ratio": 3.66,
            "reinvestment_rate": null,
            "research_to_sale_ratio": 18.3,
            "price_fair": 0,
            "eps_avg_yearly": 0,
            "eps_latest_yearly": 0,
            "eps_growth_yearly": 0
        },
        "20221": {
            "year_quarter": 20221,
            "year": 2022,
            "quarter": 1,
            "eps": -0.38,
            "eps_growth_year": null,
            "eps_4q": -1.45,
            "eps_4q_growth_year": null,
            "roe": -8.18,
            "roe_4q": -23.060000000000002,
            "gross_profit": -13119,
            "gross_margin": -11.27,
            "gross_margin_4q_avg": 10.14,
            "net_income": -81553,
            "net_income_4q": null,
            "revenue": 116394,
            "revenue_4q": null,
            "common_shares": 1200000,
            "book_valuer_per_share": 5.47,
            "book_valuer_per_share_4q_avg": 5.01,
            "equity": 954365,
            "current_ratio": 64.74,
            "debt_ratio": 56.69,
            "inventory_turnover_ratio": 0.39,
            "account_receivable_turnover_ratio": 3.69,
            "reinvestment_rate": null,
            "research_to_sale_ratio": 13.8,
            "price_fair": 0,
            "eps_avg_yearly": 0,
            "eps_latest_yearly": 0,
            "eps_growth_yearly": 0
        },
        "20222": {
            "year_quarter": 20222,
            "year": 2022,
            "quarter": 2,
            "eps": -0.45,
            "eps_growth_year": null,
            "eps_4q": -1.67,
            "eps_4q_growth_year": null,
            "roe": -9.25,
            "roe_4q": -26.92,
            "gross_profit": -2921,
            "gross_margin": -1.86,
            "gross_margin_4q_avg": 14.29,
            "net_income": -84305,
            "net_income_4q": null,
            "revenue": 156965,
            "revenue_4q": null,
            "common_shares": 1200000,
            "book_valuer_per_share": 5,
            "book_valuer_per_share_4q_avg": 5.14,
            "equity": 868414,
            "current_ratio": 59.54,
            "debt_ratio": 58.88,
            "inventory_turnover_ratio": 0.54,
            "account_receivable_turnover_ratio": 3.98,
            "reinvestment_rate": null,
            "research_to_sale_ratio": 9.55,
            "price_fair": 0,
            "eps_avg_yearly": 0,
            "eps_latest_yearly": 0,
            "eps_growth_yearly": 0
        },
        "20223": {
            "year_quarter": 20223,
            "year": 2022,
            "quarter": 3,
            "eps": -0.13,
            "eps_growth_year": null,
            "eps_4q": -1.34,
            "eps_4q_growth_year": null,
            "roe": -3.82,
            "roe_4q": -23.740000000000002,
            "gross_profit": 50103,
            "gross_margin": 31.83,
            "gross_margin_4q_avg": 20.92,
            "net_income": -33247,
            "net_income_4q": null,
            "revenue": 157416,
            "revenue_4q": null,
            "common_shares": 1240000,
            "book_valuer_per_share": 5.01,
            "book_valuer_per_share_4q_avg": 5.34,
            "equity": 872204,
            "current_ratio": 119.36,
            "debt_ratio": 59.57,
            "inventory_turnover_ratio": 0.36,
            "account_receivable_turnover_ratio": 4.13,
            "reinvestment_rate": null,
            "research_to_sale_ratio": 14.73,
            "price_fair": 0,
            "eps_avg_yearly": 0,
            "eps_latest_yearly": 0,
            "eps_growth_yearly": 0
        },
        "20224": {
            "year_quarter": 20224,
            "year": 2022,
            "quarter": 4,
            "eps": -0.97,
            "eps_growth_year": null,
            "eps_4q": -1.91,
            "eps_4q_growth_year": null,
            "roe": -17.91,
            "roe_4q": -39.16,
            "gross_profit": -45938,
            "gross_margin": -41.94,
            "gross_margin_4q_avg": -5.81,
            "net_income": -155482,
            "net_income_4q": null,
            "revenue": 109528,
            "revenue_4q": null,
            "common_shares": 1240000,
            "book_valuer_per_share": 4.19,
            "book_valuer_per_share_4q_avg": 4.92,
            "equity": 864532,
            "current_ratio": 113.38,
            "debt_ratio": 60.03,
            "inventory_turnover_ratio": 0.48,
            "account_receivable_turnover_ratio": 3.33,
            "reinvestment_rate": null,
            "research_to_sale_ratio": 15.17,
            "price_fair": 0,
            "eps_avg_yearly": 0,
            "eps_latest_yearly": 0,
            "eps_growth_yearly": 0
        },
        "20231": {
            "year_quarter": 20231,
            "year": 2023,
            "quarter": 1,
            "eps": -0.34,
            "eps_growth_year": null,
            "eps_4q": -1.88,
            "eps_4q_growth_year": null,
            "roe": -5.87,
            "roe_4q": -36.85,
            "gross_profit": 34688,
            "gross_margin": 21.93,
            "gross_margin_4q_avg": 2.49,
            "net_income": -49322,
            "net_income_4q": null,
            "revenue": 158201,
            "revenue_4q": null,
            "common_shares": 1240000,
            "book_valuer_per_share": 3.85,
            "book_valuer_per_share_4q_avg": 4.51,
            "equity": 815532,
            "current_ratio": 108.95,
            "debt_ratio": 61.77,
            "inventory_turnover_ratio": 0.36,
            "account_receivable_turnover_ratio": 4.96,
            "reinvestment_rate": null,
            "research_to_sale_ratio": 9.74,
            "price_fair": 0,
            "eps_avg_yearly": 0,
            "eps_latest_yearly": 0,
            "eps_growth_yearly": 0
        },
        "20232": {
            "year_quarter": 20232,
            "year": 2023,
            "quarter": 2,
            "eps": -0.3,
            "eps_growth_year": null,
            "eps_4q": -1.74,
            "eps_4q_growth_year": null,
            "roe": -8.66,
            "roe_4q": -36.26,
            "gross_profit": 10582,
            "gross_margin": 5.86,
            "gross_margin_4q_avg": 4.42,
            "net_income": -67744,
            "net_income_4q": null,
            "revenue": 180716,
            "revenue_4q": null,
            "common_shares": 1240000,
            "book_valuer_per_share": 3.56,
            "book_valuer_per_share_4q_avg": 4.15,
            "equity": 749197,
            "current_ratio": 105.43,
            "debt_ratio": 67.95,
            "inventory_turnover_ratio": 0.49,
            "account_receivable_turnover_ratio": 3.79,
            "reinvestment_rate": null,
            "research_to_sale_ratio": 8.46,
            "price_fair": 0,
            "eps_avg_yearly": 0,
            "eps_latest_yearly": 0,
            "eps_growth_yearly": 0
        },
        "20233": {
            "year_quarter": 20233,
            "year": 2023,
            "quarter": 3,
            "eps": -0.14,
            "eps_growth_year": null,
            "eps_4q": -1.53,
            "eps_4q_growth_year": null,
            "roe": -8.62,
            "roe_4q": -41.06,
            "gross_profit": 15584,
            "gross_margin": 8.8,
            "gross_margin_4q_avg": -1.34,
            "net_income": -61970,
            "net_income_4q": null,
            "revenue": 177165,
            "revenue_4q": null,
            "common_shares": 1440000,
            "book_valuer_per_share": 3.87,
            "book_valuer_per_share_4q_avg": 3.87,
            "equity": 689414,
            "current_ratio": 49.5,
            "debt_ratio": 66.08,
            "inventory_turnover_ratio": 0.51,
            "account_receivable_turnover_ratio": 2.98,
            "reinvestment_rate": null,
            "research_to_sale_ratio": 8.86,
            "price_fair": 0,
            "eps_avg_yearly": 0,
            "eps_latest_yearly": 0,
            "eps_growth_yearly": 0
        }
    },
    "months": {
        "2006-05": {
            "month": "2006-05",
            "price": "41.66",
            "revenue": 79067
        },
        "2006-06": {
            "month": "2006-06",
            "price": "40.14",
            "revenue": 63284
        },
        "2006-07": {
            "month": "2006-07",
            "price": "37.40",
            "revenue": 118450
        },
        "2006-08": {
            "month": "2006-08",
            "price": "30.89",
            "revenue": 90296
        },
        "2006-09": {
            "month": "2006-09",
            "price": "31.25",
            "revenue": 133765
        },
        "2006-10": {
            "month": "2006-10",
            "price": "29.96",
            "revenue": 51992
        },
        "2006-11": {
            "month": "2006-11",
            "price": "28.93",
            "revenue": 51869
        },
        "2006-12": {
            "month": "2006-12",
            "price": "28.37",
            "revenue": 59327
        },
        "2007-01": {
            "month": "2007-01",
            "price": "28.69",
            "revenue": 71789
        },
        "2007-02": {
            "month": "2007-02",
            "price": "29.96",
            "revenue": 64653
        },
        "2007-03": {
            "month": "2007-03",
            "price": "30.37",
            "revenue": 125271
        },
        "2007-04": {
            "month": "2007-04",
            "price": "29.68",
            "revenue": 70830
        },
        "2007-05": {
            "month": "2007-05",
            "price": "31.06",
            "revenue": 39663
        },
        "2007-06": {
            "month": "2007-06",
            "price": "37.82",
            "revenue": 91450
        },
        "2007-07": {
            "month": "2007-07",
            "price": "45.80",
            "revenue": 71086
        },
        "2007-08": {
            "month": "2007-08",
            "price": "43.95",
            "revenue": 133183
        },
        "2007-09": {
            "month": "2007-09",
            "price": "39.97",
            "revenue": 84261
        },
        "2007-10": {
            "month": "2007-10",
            "price": "37.04",
            "revenue": 96077
        },
        "2007-11": {
            "month": "2007-11",
            "price": "32.35",
            "revenue": 100769
        },
        "2007-12": {
            "month": "2007-12",
            "price": "23.68",
            "revenue": 117426
        },
        "2008-01": {
            "month": "2008-01",
            "price": "25.41",
            "revenue": 85650
        },
        "2008-02": {
            "month": "2008-02",
            "price": "23.69",
            "revenue": 97468
        },
        "2008-03": {
            "month": "2008-03",
            "price": "23.89",
            "revenue": 132361
        },
        "2008-04": {
            "month": "2008-04",
            "price": "21.24",
            "revenue": 130453
        },
        "2008-05": {
            "month": "2008-05",
            "price": "19.30",
            "revenue": 139692
        },
        "2008-06": {
            "month": "2008-06",
            "price": "16.84",
            "revenue": 159386
        },
        "2008-07": {
            "month": "2008-07",
            "price": "13.17",
            "revenue": 130704
        },
        "2008-08": {
            "month": "2008-08",
            "price": "13.96",
            "revenue": 145364
        },
        "2008-09": {
            "month": "2008-09",
            "price": "15.11",
            "revenue": 151391
        },
        "2008-10": {
            "month": "2008-10",
            "price": "11.86",
            "revenue": 130249
        },
        "2008-11": {
            "month": "2008-11",
            "price": "10.62",
            "revenue": 132830
        },
        "2008-12": {
            "month": "2008-12",
            "price": "10.35",
            "revenue": 230066
        },
        "2009-01": {
            "month": "2009-01",
            "price": "11.68",
            "revenue": 86685
        },
        "2009-02": {
            "month": "2009-02",
            "price": "14.44",
            "revenue": 194286
        },
        "2009-03": {
            "month": "2009-03",
            "price": "17.22",
            "revenue": 138999
        },
        "2009-04": {
            "month": "2009-04",
            "price": "19.01",
            "revenue": 126061
        },
        "2009-05": {
            "month": "2009-05",
            "price": "17.91",
            "revenue": 163915
        },
        "2009-06": {
            "month": "2009-06",
            "price": "17.45",
            "revenue": 118501
        },
        "2009-07": {
            "month": "2009-07",
            "price": "17.84",
            "revenue": 104802
        },
        "2009-08": {
            "month": "2009-08",
            "price": "18.43",
            "revenue": 112279
        },
        "2009-09": {
            "month": "2009-09",
            "price": "17.95",
            "revenue": 126133
        },
        "2009-10": {
            "month": "2009-10",
            "price": "21.32",
            "revenue": 117542
        },
        "2009-11": {
            "month": "2009-11",
            "price": "30.41",
            "revenue": 166532
        },
        "2009-12": {
            "month": "2009-12",
            "price": "31.42",
            "revenue": 162486
        },
        "2010-01": {
            "month": "2010-01",
            "price": "37.52",
            "revenue": 112975
        },
        "2010-02": {
            "month": "2010-02",
            "price": "49.23",
            "revenue": 114702
        },
        "2010-03": {
            "month": "2010-03",
            "price": "60.56",
            "revenue": 183246
        },
        "2010-04": {
            "month": "2010-04",
            "price": "58.50",
            "revenue": 179741
        },
        "2010-05": {
            "month": "2010-05",
            "price": "50.59",
            "revenue": 145536
        },
        "2010-06": {
            "month": "2010-06",
            "price": "50.91",
            "revenue": 188256
        },
        "2010-07": {
            "month": "2010-07",
            "price": "50.92",
            "revenue": 135363
        },
        "2010-08": {
            "month": "2010-08",
            "price": "44.91",
            "revenue": 173290
        },
        "2010-09": {
            "month": "2010-09",
            "price": "40.46",
            "revenue": 200141
        },
        "2010-10": {
            "month": "2010-10",
            "price": "38.69",
            "revenue": 147816
        },
        "2010-11": {
            "month": "2010-11",
            "price": "34.39",
            "revenue": 169750
        },
        "2010-12": {
            "month": "2010-12",
            "price": "41.20",
            "revenue": 135770
        },
        "2011-01": {
            "month": "2011-01",
            "price": "38.38",
            "revenue": 115145
        },
        "2011-02": {
            "month": "2011-02",
            "price": "34.91",
            "revenue": 154382
        },
        "2011-03": {
            "month": "2011-03",
            "price": "34.17",
            "revenue": 196219
        },
        "2011-04": {
            "month": "2011-04",
            "price": "31.43",
            "revenue": 152347
        },
        "2011-05": {
            "month": "2011-05",
            "price": "28.06",
            "revenue": 158128
        },
        "2011-06": {
            "month": "2011-06",
            "price": "29.06",
            "revenue": 167976
        },
        "2011-07": {
            "month": "2011-07",
            "price": "29.75",
            "revenue": 148705
        },
        "2011-08": {
            "month": "2011-08",
            "price": "19.88",
            "revenue": 190100
        },
        "2011-09": {
            "month": "2011-09",
            "price": "22.08",
            "revenue": 193982
        },
        "2011-10": {
            "month": "2011-10",
            "price": "24.54",
            "revenue": 164049
        },
        "2011-11": {
            "month": "2011-11",
            "price": "20.52",
            "revenue": 183281
        },
        "2011-12": {
            "month": "2011-12",
            "price": "17.20",
            "revenue": 215698
        },
        "2012-01": {
            "month": "2012-01",
            "price": "18.55",
            "revenue": 132721
        },
        "2012-02": {
            "month": "2012-02",
            "price": "23.71",
            "revenue": 165784
        },
        "2012-03": {
            "month": "2012-03",
            "price": "24.77",
            "revenue": 196890
        },
        "2012-04": {
            "month": "2012-04",
            "price": "19.78",
            "revenue": 179229
        },
        "2012-05": {
            "month": "2012-05",
            "price": "18.41",
            "revenue": 205187
        },
        "2012-06": {
            "month": "2012-06",
            "price": "17.88",
            "revenue": 142927
        },
        "2012-07": {
            "month": "2012-07",
            "price": "16.24",
            "revenue": 188864
        },
        "2012-08": {
            "month": "2012-08",
            "price": "16.29",
            "revenue": 194182
        },
        "2012-09": {
            "month": "2012-09",
            "price": "16.88",
            "revenue": 187535
        },
        "2012-10": {
            "month": "2012-10",
            "price": "14.75",
            "revenue": 155691
        },
        "2012-11": {
            "month": "2012-11",
            "price": "11.93",
            "revenue": 186015
        },
        "2012-12": {
            "month": "2012-12",
            "price": "13.30",
            "revenue": 218064
        },
        "2013-01": {
            "month": "2013-01",
            "price": "13.05",
            "revenue": 130237
        },
        "2013-02": {
            "month": "2013-02",
            "price": "12.45",
            "revenue": 116215
        },
        "2013-03": {
            "month": "2013-03",
            "price": "12.52",
            "revenue": 254686
        },
        "2013-04": {
            "month": "2013-04",
            "price": "17.50",
            "revenue": 119368
        },
        "2013-05": {
            "month": "2013-05",
            "price": "17.97",
            "revenue": 224210
        },
        "2013-06": {
            "month": "2013-06",
            "price": "19.42",
            "revenue": 131090
        },
        "2013-07": {
            "month": "2013-07",
            "price": "17.59",
            "revenue": 140985
        },
        "2013-08": {
            "month": "2013-08",
            "price": "14.35",
            "revenue": 199981
        },
        "2013-09": {
            "month": "2013-09",
            "price": "15.84",
            "revenue": 183294
        },
        "2013-10": {
            "month": "2013-10",
            "price": "22.85",
            "revenue": 176164
        },
        "2013-11": {
            "month": "2013-11",
            "price": "26.56",
            "revenue": 203350
        },
        "2013-12": {
            "month": "2013-12",
            "price": "28.83",
            "revenue": 184104
        },
        "2014-01": {
            "month": "2014-01",
            "price": "30.28",
            "revenue": 146910
        },
        "2014-02": {
            "month": "2014-02",
            "price": "28.90",
            "revenue": 159131
        },
        "2014-03": {
            "month": "2014-03",
            "price": "25.39",
            "revenue": 258647
        },
        "2014-04": {
            "month": "2014-04",
            "price": "24.43",
            "revenue": 192535
        },
        "2014-05": {
            "month": "2014-05",
            "price": "19.63",
            "revenue": 205589
        },
        "2014-06": {
            "month": "2014-06",
            "price": "22.78",
            "revenue": 223283
        },
        "2014-07": {
            "month": "2014-07",
            "price": "21.20",
            "revenue": 163653
        },
        "2014-08": {
            "month": "2014-08",
            "price": "18.22",
            "revenue": 153627
        },
        "2014-09": {
            "month": "2014-09",
            "price": "17.25",
            "revenue": 209357
        },
        "2014-10": {
            "month": "2014-10",
            "price": "15.57",
            "revenue": 186466
        },
        "2014-11": {
            "month": "2014-11",
            "price": "14.50",
            "revenue": 150096
        },
        "2014-12": {
            "month": "2014-12",
            "price": "15.61",
            "revenue": 188258
        },
        "2015-01": {
            "month": "2015-01",
            "price": "16.41",
            "revenue": 147159
        },
        "2015-02": {
            "month": "2015-02",
            "price": "15.28",
            "revenue": 110644
        },
        "2015-03": {
            "month": "2015-03",
            "price": "15.00",
            "revenue": 201148
        },
        "2015-04": {
            "month": "2015-04",
            "price": "14.69",
            "revenue": 177637
        },
        "2015-05": {
            "month": "2015-05",
            "price": "12.78",
            "revenue": 142243
        },
        "2015-06": {
            "month": "2015-06",
            "price": "11.44",
            "revenue": 131233
        },
        "2015-07": {
            "month": "2015-07",
            "price": "13.48",
            "revenue": 147541
        },
        "2015-08": {
            "month": "2015-08",
            "price": "12.06",
            "revenue": 122771
        },
        "2015-09": {
            "month": "2015-09",
            "price": "11.58",
            "revenue": 131021
        },
        "2015-10": {
            "month": "2015-10",
            "price": "14.74",
            "revenue": 141572
        },
        "2015-11": {
            "month": "2015-11",
            "price": "13.37",
            "revenue": 130206
        },
        "2015-12": {
            "month": "2015-12",
            "price": "12.79",
            "revenue": 117088
        },
        "2016-01": {
            "month": "2016-01",
            "price": "11.85",
            "revenue": 158858
        },
        "2016-02": {
            "month": "2016-02",
            "price": "11.97",
            "revenue": 117005
        },
        "2016-03": {
            "month": "2016-03",
            "price": "17.70",
            "revenue": 187177
        },
        "2016-04": {
            "month": "2016-04",
            "price": "14.98",
            "revenue": 143598
        },
        "2016-05": {
            "month": "2016-05",
            "price": "14.58",
            "revenue": 134735
        },
        "2016-06": {
            "month": "2016-06",
            "price": "15.51",
            "revenue": 141433
        },
        "2016-07": {
            "month": "2016-07",
            "price": "15.26",
            "revenue": 165487
        },
        "2016-08": {
            "month": "2016-08",
            "price": "14.34",
            "revenue": 150329
        },
        "2016-09": {
            "month": "2016-09",
            "price": "13.68",
            "revenue": 126590
        },
        "2016-10": {
            "month": "2016-10",
            "price": "12.80",
            "revenue": 129327
        },
        "2016-11": {
            "month": "2016-11",
            "price": "11.90",
            "revenue": 136005
        },
        "2016-12": {
            "month": "2016-12",
            "price": "12.13",
            "revenue": 134511
        },
        "2017-01": {
            "month": "2017-01",
            "price": "12.33",
            "revenue": 95067
        },
        "2017-02": {
            "month": "2017-02",
            "price": "12.05",
            "revenue": 155139
        },
        "2017-03": {
            "month": "2017-03",
            "price": "11.99",
            "revenue": 100364
        },
        "2017-04": {
            "month": "2017-04",
            "price": "11.20",
            "revenue": 106274
        },
        "2017-05": {
            "month": "2017-05",
            "price": "10.56",
            "revenue": 99546
        },
        "2017-06": {
            "month": "2017-06",
            "price": "10.92",
            "revenue": 155495
        },
        "2017-07": {
            "month": "2017-07",
            "price": "11.14",
            "revenue": 59817
        },
        "2017-08": {
            "month": "2017-08",
            "price": "10.26",
            "revenue": 96362
        },
        "2017-09": {
            "month": "2017-09",
            "price": "11.98",
            "revenue": 94694
        },
        "2017-10": {
            "month": "2017-10",
            "price": "13.22",
            "revenue": 96306
        },
        "2017-11": {
            "month": "2017-11",
            "price": "11.91",
            "revenue": 61684
        },
        "2017-12": {
            "month": "2017-12",
            "price": "10.97",
            "revenue": 106074
        },
        "2018-01": {
            "month": "2018-01",
            "price": "11.32",
            "revenue": 94302
        },
        "2018-02": {
            "month": "2018-02",
            "price": "10.38",
            "revenue": 56239
        },
        "2018-03": {
            "month": "2018-03",
            "price": "10.55",
            "revenue": 100652
        },
        "2018-04": {
            "month": "2018-04",
            "price": "10.00",
            "revenue": 89545
        },
        "2018-05": {
            "month": "2018-05",
            "price": "9.75",
            "revenue": 96353
        },
        "2018-06": {
            "month": "2018-06",
            "price": "9.95",
            "revenue": 103070
        },
        "2018-07": {
            "month": "2018-07",
            "price": "8.97",
            "revenue": 117641
        },
        "2018-08": {
            "month": "2018-08",
            "price": "8.54",
            "revenue": 90452
        },
        "2018-09": {
            "month": "2018-09",
            "price": "7.59",
            "revenue": 111611
        },
        "2018-10": {
            "month": "2018-10",
            "price": "6.61",
            "revenue": 152719
        },
        "2018-11": {
            "month": "2018-11",
            "price": "6.47",
            "revenue": 137822
        },
        "2018-12": {
            "month": "2018-12",
            "price": "7.24",
            "revenue": 75435
        },
        "2019-01": {
            "month": "2019-01",
            "price": "6.88",
            "revenue": 77903
        },
        "2019-02": {
            "month": "2019-02",
            "price": "6.25",
            "revenue": 76324
        },
        "2019-03": {
            "month": "2019-03",
            "price": "5.89",
            "revenue": 78172
        },
        "2019-04": {
            "month": "2019-04",
            "price": "5.37",
            "revenue": 97097
        },
        "2019-05": {
            "month": "2019-05",
            "price": "4.68",
            "revenue": 89234
        },
        "2019-06": {
            "month": "2019-06",
            "price": "4.29",
            "revenue": 84542
        },
        "2019-07": {
            "month": "2019-07",
            "price": "4.55",
            "revenue": 99884
        },
        "2019-08": {
            "month": "2019-08",
            "price": "4.23",
            "revenue": 97774
        },
        "2019-09": {
            "month": "2019-09",
            "price": "4.86",
            "revenue": 85033
        },
        "2019-10": {
            "month": "2019-10",
            "price": "5.03",
            "revenue": 74750
        },
        "2019-11": {
            "month": "2019-11",
            "price": "4.63",
            "revenue": 72518
        },
        "2019-12": {
            "month": "2019-12",
            "price": "4.57",
            "revenue": 77679
        },
        "2020-01": {
            "month": "2020-01",
            "price": "4.76",
            "revenue": 67272
        },
        "2020-02": {
            "month": "2020-02",
            "price": "4.41",
            "revenue": 49719
        },
        "2020-03": {
            "month": "2020-03",
            "price": "3.61",
            "revenue": 60023
        },
        "2020-04": {
            "month": "2020-04",
            "price": "3.39",
            "revenue": 28287
        },
        "2020-05": {
            "month": "2020-05",
            "price": "3.45",
            "revenue": 21207
        },
        "2020-06": {
            "month": "2020-06",
            "price": "3.52",
            "revenue": 32034
        },
        "2020-07": {
            "month": "2020-07",
            "price": "4.28",
            "revenue": 28372
        },
        "2020-08": {
            "month": "2020-08",
            "price": "4.31",
            "revenue": 42834
        },
        "2020-09": {
            "month": "2020-09",
            "price": "4.81",
            "revenue": 39956
        },
        "2020-10": {
            "month": "2020-10",
            "price": "5.00",
            "revenue": 32421
        },
        "2020-11": {
            "month": "2020-11",
            "price": "4.73",
            "revenue": 37036
        },
        "2020-12": {
            "month": "2020-12",
            "price": "5.04",
            "revenue": 49565
        },
        "2021-01": {
            "month": "2021-01",
            "price": "4.72",
            "revenue": 32088
        },
        "2021-02": {
            "month": "2021-02",
            "price": "4.29",
            "revenue": 35557
        },
        "2021-03": {
            "month": "2021-03",
            "price": "4.45",
            "revenue": 35045
        },
        "2021-04": {
            "month": "2021-04",
            "price": "4.72",
            "revenue": 43297
        },
        "2021-05": {
            "month": "2021-05",
            "price": "4.08",
            "revenue": 29675
        },
        "2021-06": {
            "month": "2021-06",
            "price": "3.27",
            "revenue": 33052
        },
        "2021-07": {
            "month": "2021-07",
            "price": "3.65",
            "revenue": 41032
        },
        "2021-08": {
            "month": "2021-08",
            "price": "3.51",
            "revenue": 48556
        },
        "2021-09": {
            "month": "2021-09",
            "price": "3.27",
            "revenue": 45671
        },
        "2021-10": {
            "month": "2021-10",
            "price": "3.22",
            "revenue": 38656
        },
        "2021-11": {
            "month": "2021-11",
            "price": "3.91",
            "revenue": 43955
        },
        "2021-12": {
            "month": "2021-12",
            "price": "4.93",
            "revenue": 40975
        },
        "2022-01": {
            "month": "2022-01",
            "price": "5.44",
            "revenue": 33387
        },
        "2022-02": {
            "month": "2022-02",
            "price": "5.11",
            "revenue": 38210
        },
        "2022-03": {
            "month": "2022-03",
            "price": "5.03",
            "revenue": 45130
        },
        "2022-04": {
            "month": "2022-04",
            "price": "5.47",
            "revenue": 49794
        },
        "2022-05": {
            "month": "2022-05",
            "price": "5.81",
            "revenue": 50761
        },
        "2022-06": {
            "month": "2022-06",
            "price": "7.39",
            "revenue": 52415
        },
        "2022-07": {
            "month": "2022-07",
            "price": "9.09",
            "revenue": 55959
        },
        "2022-08": {
            "month": "2022-08",
            "price": "14.09",
            "revenue": 53909
        },
        "2022-09": {
            "month": "2022-09",
            "price": "11.72",
            "revenue": 58115
        },
        "2022-10": {
            "month": "2022-10",
            "price": "9.08",
            "revenue": 49058
        },
        "2022-11": {
            "month": "2022-11",
            "price": "8.89",
            "revenue": 61672
        },
        "2022-12": {
            "month": "2022-12",
            "price": "11.22",
            "revenue": 26006
        },
        "2023-01": {
            "month": "2023-01",
            "price": "10.53",
            "revenue": 34878
        },
        "2023-02": {
            "month": "2023-02",
            "price": "11.08",
            "revenue": 59792
        },
        "2023-03": {
            "month": "2023-03",
            "price": "11.11",
            "revenue": 63531
        },
        "2023-04": {
            "month": "2023-04",
            "price": "7.52",
            "revenue": 56841
        },
        "2023-05": {
            "month": "2023-05",
            "price": "7.22",
            "revenue": 58759
        },
        "2023-06": {
            "month": "2023-06",
            "price": "8.09",
            "revenue": 65117
        },
        "2023-07": {
            "month": "2023-07",
            "price": "8.45",
            "revenue": 55616
        },
        "2023-08": {
            "month": "2023-08",
            "price": "6.97",
            "revenue": 59578
        },
        "2023-09": {
            "month": "2023-09",
            "price": "6.83",
            "revenue": 61969
        },
        "2023-10": {
            "month": "2023-10",
            "price": "6.51",
            "revenue": 59325
        },
        "2023-11": {
            "month": "2023-11",
            "price": "6.10",
            "revenue": 51890
        },
        "2023-12": {
            "month": "2023-12",
            "price": "6.60",
            "revenue": 48610
        }
    }
}
