{
    "summary": {
        "stock_name": "陽程",
        "stock_id": "3498",
        "category": "其他電子",
        "main_business": "CCL &amp; PCB 自動化設備。<br>Flat Panel Display (簡稱FPD) 自動化設備。<br>物流、其他自動化設備製造及所營相關設備維修與售服。",
        "website_url": "http://www.usuntek.com.tw",
        "ceo": "諶家成",
        "pe_ratio": 65,
        "report_year_from": 2005,
        "report_year_to": 2023,
        "age": 19,
        "eps_negative_percentage": 26,
        "eps_growth_avg": {
            "last_all": -10.12,
            "last_2y": 0,
            "last_4y": 0,
            "last_8y": -24.94,
            "last_12y": -0.31,
            "last_16y": -17.86,
            "last_20y": null,
            "at_2006_last_3y": null,
            "at_2007_last_3y": null,
            "at_2008_last_3y": null,
            "at_2009_last_3y": -9.71,
            "at_2010_last_3y": -57.35,
            "at_2011_last_3y": -72.7,
            "at_2012_last_3y": -19.92,
            "at_2013_last_3y": 33.33,
            "at_2014_last_3y": 48.95,
            "at_2015_last_3y": 49.85,
            "at_2016_last_3y": 4.89,
            "at_2017_last_3y": -25.7,
            "at_2018_last_3y": -37.41,
            "at_2019_last_3y": -67.39,
            "at_2020_last_3y": -61.17,
            "at_2021_last_3y": -100,
            "at_2022_last_3y": 100,
            "at_2023_last_3y": 0,
            "at_2024_last_3y": 0,
            "at_2006_last_all": null,
            "at_2007_last_all": 39.62,
            "at_2008_last_all": 6.97,
            "at_2009_last_all": -9.71,
            "at_2010_last_all": -27.77,
            "at_2011_last_all": -27.77,
            "at_2012_last_all": -6.48,
            "at_2013_last_all": 8.74,
            "at_2014_last_all": 1,
            "at_2015_last_all": 6.73,
            "at_2016_last_all": -1.93,
            "at_2017_last_all": -3.78,
            "at_2018_last_all": -11.8,
            "at_2019_last_all": -11.8,
            "at_2020_last_all": -11.8,
            "at_2021_last_all": -11.8,
            "at_2022_last_all": -3.2,
            "at_2023_last_all": -10.12,
            "at_2024_last_all": -10.12
        },
        "latest_eps": 0.49,
        "latest_price": 31.95,
        "latest_roe": 1.21,
        "latest_gross_margin": 39.13,
        "latest_equity": 2456484,
        "latest_revenue": 435378,
        "latest_gross_profit": 170349,
        "latest_net_income": 61808,
        "latest_debt_ratio": 24.08,
        "latest_current_ratio": 381.28,
        "latest_account_receivable_turnover_ratio": 1.52,
        "latest_inventory_turnover_ratio": 0.74,
        "latest_reinvestment_rate": null,
        "latest_research_to_sale_ratio": 13.34
    },
    "eps_dividends": {
        "2001": {
            "cash": 0,
            "stock": 0,
            "eps": 0
        },
        "2002": {
            "cash": 0,
            "stock": 0,
            "eps": 0
        },
        "2003": {
            "cash": 0,
            "stock": 0,
            "eps": 0
        },
        "2004": {
            "cash": 0,
            "stock": 0,
            "eps": 0
        },
        "2005": {
            "cash": 0,
            "stock": 0,
            "eps": 4.87
        },
        "2006": {
            "cash": 1.5,
            "stock": 2,
            "eps": 9.28
        },
        "2007": {
            "cash": 3,
            "stock": 1,
            "eps": 8.23
        },
        "2008": {
            "cash": 3,
            "stock": 0.5,
            "eps": 3.43
        },
        "2009": {
            "cash": 1.51,
            "stock": 0.42,
            "eps": 1.38
        },
        "2010": {
            "cash": 0.4,
            "stock": 0.35,
            "eps": -1.94
        },
        "2011": {
            "cash": 0,
            "stock": 0,
            "eps": 0.02
        },
        "2012": {
            "cash": 0,
            "stock": 0,
            "eps": 1.86
        },
        "2013": {
            "cash": 0.8,
            "stock": 0,
            "eps": 7.15
        },
        "2014": {
            "cash": 4.3,
            "stock": 0,
            "eps": 3.35
        },
        "2015": {
            "cash": 2.2,
            "stock": 0,
            "eps": 5.11
        },
        "2016": {
            "cash": 2.3,
            "stock": 0,
            "eps": 1.03
        },
        "2017": {
            "cash": 0.5,
            "stock": 0,
            "eps": 0.8
        },
        "2018": {
            "cash": 0.5,
            "stock": 0,
            "eps": -0.69
        },
        "2019": {
            "cash": 0,
            "stock": 0,
            "eps": -6.9
        },
        "2020": {
            "cash": 0,
            "stock": 0,
            "eps": -0.57
        },
        "2021": {
            "cash": 0,
            "stock": 0,
            "eps": 0.27
        },
        "2022": {
            "cash": 0,
            "stock": 0,
            "eps": 1.69
        },
        "2023": {
            "cash": 2,
            "stock": 0,
            "eps": -0.77
        }
    },
    "dividends": {
        "2006-04-07": {
            "cash": 1.5,
            "stock": 2
        },
        "2007-03-30": {
            "cash": 3,
            "stock": 1
        },
        "2008-03-31": {
            "cash": 3,
            "stock": 0.5
        },
        "2009-03-24": {
            "cash": 1.51,
            "stock": 0.42
        },
        "2010-06-25": {
            "cash": 0.4,
            "stock": 0.35
        },
        "2013-06-25": {
            "cash": 0.8,
            "stock": 0
        },
        "2014-09-16": {
            "cash": 4.3,
            "stock": 0
        },
        "2015-09-15": {
            "cash": 2.2,
            "stock": 0
        },
        "2016-09-23": {
            "cash": 2.3,
            "stock": 0
        },
        "2017-09-21": {
            "cash": 0.5,
            "stock": 0
        },
        "2018-08-10": {
            "cash": 0.5,
            "stock": 0
        },
        "2023-07-19": {
            "cash": 2,
            "stock": 0
        }
    },
    "prices": {
        "200101": "無",
        "200102": "無",
        "200103": "無",
        "200104": "無",
        "200105": "無",
        "200106": "無",
        "200107": "無",
        "200108": "無",
        "200109": "無",
        "200110": "無",
        "200111": "無",
        "200112": "無",
        "200201": "無",
        "200202": "無",
        "200203": "無",
        "200204": "無",
        "200205": "無",
        "200206": "無",
        "200207": "無",
        "200208": "無",
        "200209": "無",
        "200210": "無",
        "200211": "無",
        "200212": "無",
        "200301": "無",
        "200302": "無",
        "200303": "無",
        "200304": "無",
        "200305": "無",
        "200306": "無",
        "200307": "無",
        "200308": "無",
        "200309": "無",
        "200310": "無",
        "200311": "無",
        "200312": "無",
        "200401": "無",
        "200402": "無",
        "200403": "無",
        "200404": "無",
        "200405": "無",
        "200406": "無",
        "200407": "無",
        "200408": "無",
        "200409": "無",
        "200410": "無",
        "200411": "無",
        "200412": "無",
        "200501": "無",
        "200502": "無",
        "200503": "無",
        "200504": "無",
        "200505": "無",
        "200506": "無",
        "200507": "無",
        "200508": "無",
        "200509": "無",
        "200510": "無",
        "200511": "無",
        "200512": "無",
        "200601": "無",
        "200602": "72.75",
        "200603": "71.24",
        "200604": "83.60",
        "200605": "88.85",
        "200606": "86.38",
        "200607": "84.83",
        "200608": "87.99",
        "200609": "84.99",
        "200610": "86.57",
        "200611": "87.57",
        "200612": "84.54",
        "200701": "83.14",
        "200702": "81.27",
        "200703": "82.36",
        "200704": "84.98",
        "200705": "93.80",
        "200706": "118.23",
        "200707": "117.30",
        "200708": "115.59",
        "200709": "78.28",
        "200710": "80.37",
        "200711": "73.03",
        "200712": "66.48",
        "200801": "66.21",
        "200802": "62.56",
        "200803": "62.86",
        "200804": "62.63",
        "200805": "54.81",
        "200806": "46.35",
        "200807": "36.33",
        "200808": "30.91",
        "200809": "22.89",
        "200810": "19.44",
        "200811": "15.74",
        "200812": "14.49",
        "200901": "13.71",
        "200902": "14.75",
        "200903": "21.22",
        "200904": "25.68",
        "200905": "30.92",
        "200906": "36.67",
        "200907": "37.48",
        "200908": "35.19",
        "200909": "37.44",
        "200910": "41.38",
        "200911": "39.36",
        "200912": "39.65",
        "201001": "36.66",
        "201002": "29.45",
        "201003": "31.88",
        "201004": "33.33",
        "201005": "29.75",
        "201006": "27.41",
        "201007": "27.58",
        "201008": "28.29",
        "201009": "25.02",
        "201010": "23.42",
        "201011": "21.67",
        "201012": "23.39",
        "201101": "22.61",
        "201102": "26.61",
        "201103": "28.78",
        "201104": "26.42",
        "201105": "22.69",
        "201106": "22.38",
        "201107": "20.85",
        "201108": "16.44",
        "201109": "13.96",
        "201110": "12.76",
        "201111": "12.78",
        "201112": "11.47",
        "201201": "12.09",
        "201202": "15.88",
        "201203": "16.04",
        "201204": "15.44",
        "201205": "14.41",
        "201206": "14.09",
        "201207": "13.62",
        "201208": "13.67",
        "201209": "17.85",
        "201210": "25.08",
        "201211": "23.61",
        "201212": "26.30",
        "201301": "29.48",
        "201302": "30.08",
        "201303": "52.68",
        "201304": "67.64",
        "201305": "73.96",
        "201306": "84.36",
        "201307": "87.80",
        "201308": "81.27",
        "201309": "79.86",
        "201310": "78.21",
        "201311": "73.67",
        "201312": "111.05",
        "201401": "117.69",
        "201402": "138.74",
        "201403": "128.74",
        "201404": "112.04",
        "201405": "97.89",
        "201406": "114.78",
        "201407": "105.53",
        "201408": "89.70",
        "201409": "86.11",
        "201410": "62.70",
        "201411": "59.28",
        "201412": "67.05",
        "201501": "66.76",
        "201502": "62.48",
        "201503": "65.08",
        "201504": "70.96",
        "201505": "70.75",
        "201506": "85.65",
        "201507": "71.66",
        "201508": "55.57",
        "201509": "58.15",
        "201510": "70.56",
        "201511": "73.05",
        "201512": "63.05",
        "201601": "54.00",
        "201602": "62.99",
        "201603": "66.62",
        "201604": "60.85",
        "201605": "52.58",
        "201606": "53.03",
        "201607": "52.30",
        "201608": "54.45",
        "201609": "48.66",
        "201610": "43.91",
        "201611": "43.25",
        "201612": "48.74",
        "201701": "54.24",
        "201702": "56.21",
        "201703": "59.53",
        "201704": "52.56",
        "201705": "52.36",
        "201706": "51.65",
        "201707": "53.77",
        "201708": "58.04",
        "201709": "57.78",
        "201710": "55.55",
        "201711": "53.46",
        "201712": "50.77",
        "201801": "52.85",
        "201802": "48.29",
        "201803": "46.40",
        "201804": "44.82",
        "201805": "41.87",
        "201806": "42.62",
        "201807": "39.48",
        "201808": "34.76",
        "201809": "31.46",
        "201810": "31.80",
        "201811": "32.02",
        "201812": "34.63",
        "201901": "34.28",
        "201902": "34.17",
        "201903": "32.24",
        "201904": "31.18",
        "201905": "29.44",
        "201906": "28.07",
        "201907": "29.65",
        "201908": "27.41",
        "201909": "26.07",
        "201910": "25.50",
        "201911": "24.35",
        "201912": "26.02",
        "202001": "25.99",
        "202002": "26.63",
        "202003": "22.32",
        "202004": "20.25",
        "202005": "21.88",
        "202006": "30.34",
        "202007": "37.21",
        "202008": "35.16",
        "202009": "39.87",
        "202010": "52.73",
        "202011": "48.56",
        "202012": "42.65",
        "202101": "43.80",
        "202102": "39.92",
        "202103": "42.46",
        "202104": "43.64",
        "202105": "36.00",
        "202106": "37.10",
        "202107": "38.88",
        "202108": "36.06",
        "202109": "35.38",
        "202110": "33.47",
        "202111": "33.65",
        "202112": "32.66",
        "202201": "32.35",
        "202202": "31.91",
        "202203": "29.97",
        "202204": "29.04",
        "202205": "26.76",
        "202206": "26.42",
        "202207": "23.68",
        "202208": "26.92",
        "202209": "26.15",
        "202210": "24.78",
        "202211": "28.97",
        "202212": "35.55",
        "202301": "37.67",
        "202302": "36.07",
        "202303": "36.31",
        "202304": "34.59",
        "202305": "33.55",
        "202306": "42.07",
        "202307": "40.00",
        "202308": "35.53",
        "202309": "33.94",
        "202310": "31.19",
        "202311": "30.15",
        "202312": "30.10"
    },
    "quarters": {
        "20011": {
            "year_quarter": 20011,
            "year": 2001,
            "quarter": 1,
            "eps": null,
            "eps_growth_year": null,
            "eps_4q": null,
            "eps_4q_growth_year": null,
            "roe": null,
            "roe_4q": 0,
            "gross_profit": null,
            "gross_margin": null,
            "gross_margin_4q_avg": 0,
            "net_income": null,
            "net_income_4q": null,
            "revenue": null,
            "revenue_4q": null,
            "common_shares": null,
            "book_valuer_per_share": null,
            "book_valuer_per_share_4q_avg": 0,
            "equity": null,
            "current_ratio": null,
            "debt_ratio": null,
            "inventory_turnover_ratio": null,
            "account_receivable_turnover_ratio": null,
            "reinvestment_rate": null,
            "research_to_sale_ratio": null,
            "price_fair": 0,
            "eps_avg_yearly": 0,
            "eps_latest_yearly": 0,
            "eps_growth_yearly": 0
        },
        "20012": {
            "year_quarter": 20012,
            "year": 2001,
            "quarter": 2,
            "eps": null,
            "eps_growth_year": null,
            "eps_4q": null,
            "eps_4q_growth_year": null,
            "roe": null,
            "roe_4q": 0,
            "gross_profit": null,
            "gross_margin": null,
            "gross_margin_4q_avg": 0,
            "net_income": null,
            "net_income_4q": null,
            "revenue": null,
            "revenue_4q": null,
            "common_shares": null,
            "book_valuer_per_share": null,
            "book_valuer_per_share_4q_avg": 0,
            "equity": null,
            "current_ratio": null,
            "debt_ratio": null,
            "inventory_turnover_ratio": null,
            "account_receivable_turnover_ratio": null,
            "reinvestment_rate": null,
            "research_to_sale_ratio": null,
            "price_fair": 0,
            "eps_avg_yearly": 0,
            "eps_latest_yearly": 0,
            "eps_growth_yearly": 0
        },
        "20013": {
            "year_quarter": 20013,
            "year": 2001,
            "quarter": 3,
            "eps": null,
            "eps_growth_year": null,
            "eps_4q": null,
            "eps_4q_growth_year": null,
            "roe": null,
            "roe_4q": 0,
            "gross_profit": null,
            "gross_margin": null,
            "gross_margin_4q_avg": 0,
            "net_income": null,
            "net_income_4q": null,
            "revenue": null,
            "revenue_4q": null,
            "common_shares": null,
            "book_valuer_per_share": null,
            "book_valuer_per_share_4q_avg": 0,
            "equity": null,
            "current_ratio": null,
            "debt_ratio": null,
            "inventory_turnover_ratio": null,
            "account_receivable_turnover_ratio": null,
            "reinvestment_rate": null,
            "research_to_sale_ratio": null,
            "price_fair": 0,
            "eps_avg_yearly": 0,
            "eps_latest_yearly": 0,
            "eps_growth_yearly": 0
        },
        "20014": {
            "year_quarter": 20014,
            "year": 2001,
            "quarter": 4,
            "eps": null,
            "eps_growth_year": null,
            "eps_4q": null,
            "eps_4q_growth_year": null,
            "roe": null,
            "roe_4q": 0,
            "gross_profit": null,
            "gross_margin": null,
            "gross_margin_4q_avg": 0,
            "net_income": null,
            "net_income_4q": null,
            "revenue": null,
            "revenue_4q": null,
            "common_shares": 257120,
            "book_valuer_per_share": 11.4,
            "book_valuer_per_share_4q_avg": 2.85,
            "equity": 293040,
            "current_ratio": 89.41,
            "debt_ratio": 70.57,
            "inventory_turnover_ratio": null,
            "account_receivable_turnover_ratio": null,
            "reinvestment_rate": null,
            "research_to_sale_ratio": null,
            "price_fair": 0,
            "eps_avg_yearly": 0,
            "eps_latest_yearly": 0,
            "eps_growth_yearly": 0
        },
        "20021": {
            "year_quarter": 20021,
            "year": 2002,
            "quarter": 1,
            "eps": null,
            "eps_growth_year": null,
            "eps_4q": null,
            "eps_4q_growth_year": null,
            "roe": null,
            "roe_4q": 0,
            "gross_profit": null,
            "gross_margin": null,
            "gross_margin_4q_avg": 0,
            "net_income": null,
            "net_income_4q": null,
            "revenue": null,
            "revenue_4q": null,
            "common_shares": null,
            "book_valuer_per_share": null,
            "book_valuer_per_share_4q_avg": 2.85,
            "equity": null,
            "current_ratio": null,
            "debt_ratio": null,
            "inventory_turnover_ratio": null,
            "account_receivable_turnover_ratio": null,
            "reinvestment_rate": null,
            "research_to_sale_ratio": null,
            "price_fair": 0,
            "eps_avg_yearly": 0,
            "eps_latest_yearly": 0,
            "eps_growth_yearly": 0
        },
        "20022": {
            "year_quarter": 20022,
            "year": 2002,
            "quarter": 2,
            "eps": null,
            "eps_growth_year": null,
            "eps_4q": null,
            "eps_4q_growth_year": null,
            "roe": null,
            "roe_4q": 0,
            "gross_profit": null,
            "gross_margin": null,
            "gross_margin_4q_avg": 0,
            "net_income": null,
            "net_income_4q": null,
            "revenue": null,
            "revenue_4q": null,
            "common_shares": null,
            "book_valuer_per_share": null,
            "book_valuer_per_share_4q_avg": 2.85,
            "equity": null,
            "current_ratio": null,
            "debt_ratio": null,
            "inventory_turnover_ratio": null,
            "account_receivable_turnover_ratio": null,
            "reinvestment_rate": null,
            "research_to_sale_ratio": null,
            "price_fair": 0,
            "eps_avg_yearly": 0,
            "eps_latest_yearly": 0,
            "eps_growth_yearly": 0
        },
        "20023": {
            "year_quarter": 20023,
            "year": 2002,
            "quarter": 3,
            "eps": null,
            "eps_growth_year": null,
            "eps_4q": null,
            "eps_4q_growth_year": null,
            "roe": null,
            "roe_4q": 0,
            "gross_profit": null,
            "gross_margin": null,
            "gross_margin_4q_avg": 0,
            "net_income": null,
            "net_income_4q": null,
            "revenue": null,
            "revenue_4q": null,
            "common_shares": null,
            "book_valuer_per_share": null,
            "book_valuer_per_share_4q_avg": 2.85,
            "equity": null,
            "current_ratio": null,
            "debt_ratio": null,
            "inventory_turnover_ratio": null,
            "account_receivable_turnover_ratio": null,
            "reinvestment_rate": null,
            "research_to_sale_ratio": null,
            "price_fair": 0,
            "eps_avg_yearly": 0,
            "eps_latest_yearly": 0,
            "eps_growth_yearly": 0
        },
        "20024": {
            "year_quarter": 20024,
            "year": 2002,
            "quarter": 4,
            "eps": null,
            "eps_growth_year": null,
            "eps_4q": null,
            "eps_4q_growth_year": null,
            "roe": null,
            "roe_4q": 0,
            "gross_profit": null,
            "gross_margin": null,
            "gross_margin_4q_avg": 0,
            "net_income": null,
            "net_income_4q": null,
            "revenue": null,
            "revenue_4q": null,
            "common_shares": 257120,
            "book_valuer_per_share": 9.77,
            "book_valuer_per_share_4q_avg": 2.44,
            "equity": 251184,
            "current_ratio": 88.45,
            "debt_ratio": 73.74,
            "inventory_turnover_ratio": null,
            "account_receivable_turnover_ratio": null,
            "reinvestment_rate": null,
            "research_to_sale_ratio": null,
            "price_fair": 0,
            "eps_avg_yearly": 0,
            "eps_latest_yearly": 0,
            "eps_growth_yearly": 0
        },
        "20031": {
            "year_quarter": 20031,
            "year": 2003,
            "quarter": 1,
            "eps": null,
            "eps_growth_year": null,
            "eps_4q": null,
            "eps_4q_growth_year": null,
            "roe": null,
            "roe_4q": 0,
            "gross_profit": null,
            "gross_margin": null,
            "gross_margin_4q_avg": 0,
            "net_income": null,
            "net_income_4q": null,
            "revenue": null,
            "revenue_4q": null,
            "common_shares": null,
            "book_valuer_per_share": null,
            "book_valuer_per_share_4q_avg": 2.44,
            "equity": null,
            "current_ratio": null,
            "debt_ratio": null,
            "inventory_turnover_ratio": null,
            "account_receivable_turnover_ratio": null,
            "reinvestment_rate": null,
            "research_to_sale_ratio": null,
            "price_fair": 0,
            "eps_avg_yearly": 0,
            "eps_latest_yearly": 0,
            "eps_growth_yearly": 0
        },
        "20032": {
            "year_quarter": 20032,
            "year": 2003,
            "quarter": 2,
            "eps": null,
            "eps_growth_year": null,
            "eps_4q": null,
            "eps_4q_growth_year": null,
            "roe": null,
            "roe_4q": 0,
            "gross_profit": null,
            "gross_margin": null,
            "gross_margin_4q_avg": 0,
            "net_income": null,
            "net_income_4q": null,
            "revenue": null,
            "revenue_4q": null,
            "common_shares": null,
            "book_valuer_per_share": null,
            "book_valuer_per_share_4q_avg": 2.44,
            "equity": null,
            "current_ratio": null,
            "debt_ratio": null,
            "inventory_turnover_ratio": null,
            "account_receivable_turnover_ratio": null,
            "reinvestment_rate": null,
            "research_to_sale_ratio": null,
            "price_fair": 0,
            "eps_avg_yearly": 0,
            "eps_latest_yearly": 0,
            "eps_growth_yearly": 0
        },
        "20033": {
            "year_quarter": 20033,
            "year": 2003,
            "quarter": 3,
            "eps": null,
            "eps_growth_year": null,
            "eps_4q": null,
            "eps_4q_growth_year": null,
            "roe": null,
            "roe_4q": 0,
            "gross_profit": null,
            "gross_margin": null,
            "gross_margin_4q_avg": 0,
            "net_income": null,
            "net_income_4q": null,
            "revenue": null,
            "revenue_4q": null,
            "common_shares": null,
            "book_valuer_per_share": null,
            "book_valuer_per_share_4q_avg": 2.44,
            "equity": null,
            "current_ratio": null,
            "debt_ratio": null,
            "inventory_turnover_ratio": null,
            "account_receivable_turnover_ratio": null,
            "reinvestment_rate": null,
            "research_to_sale_ratio": null,
            "price_fair": 0,
            "eps_avg_yearly": 0,
            "eps_latest_yearly": 0,
            "eps_growth_yearly": 0
        },
        "20034": {
            "year_quarter": 20034,
            "year": 2003,
            "quarter": 4,
            "eps": null,
            "eps_growth_year": null,
            "eps_4q": null,
            "eps_4q_growth_year": null,
            "roe": null,
            "roe_4q": 0,
            "gross_profit": null,
            "gross_margin": null,
            "gross_margin_4q_avg": 0,
            "net_income": null,
            "net_income_4q": null,
            "revenue": null,
            "revenue_4q": null,
            "common_shares": 300000,
            "book_valuer_per_share": 9.66,
            "book_valuer_per_share_4q_avg": 2.42,
            "equity": 289789,
            "current_ratio": 99.5,
            "debt_ratio": 75.84,
            "inventory_turnover_ratio": null,
            "account_receivable_turnover_ratio": null,
            "reinvestment_rate": null,
            "research_to_sale_ratio": null,
            "price_fair": 0,
            "eps_avg_yearly": 0,
            "eps_latest_yearly": 0,
            "eps_growth_yearly": 0
        },
        "20041": {
            "year_quarter": 20041,
            "year": 2004,
            "quarter": 1,
            "eps": null,
            "eps_growth_year": null,
            "eps_4q": null,
            "eps_4q_growth_year": null,
            "roe": null,
            "roe_4q": 0,
            "gross_profit": null,
            "gross_margin": null,
            "gross_margin_4q_avg": 0,
            "net_income": null,
            "net_income_4q": null,
            "revenue": null,
            "revenue_4q": null,
            "common_shares": null,
            "book_valuer_per_share": null,
            "book_valuer_per_share_4q_avg": 2.42,
            "equity": null,
            "current_ratio": null,
            "debt_ratio": null,
            "inventory_turnover_ratio": null,
            "account_receivable_turnover_ratio": null,
            "reinvestment_rate": null,
            "research_to_sale_ratio": null,
            "price_fair": 0,
            "eps_avg_yearly": 0,
            "eps_latest_yearly": 0,
            "eps_growth_yearly": 0
        },
        "20042": {
            "year_quarter": 20042,
            "year": 2004,
            "quarter": 2,
            "eps": null,
            "eps_growth_year": null,
            "eps_4q": null,
            "eps_4q_growth_year": null,
            "roe": null,
            "roe_4q": 0,
            "gross_profit": null,
            "gross_margin": null,
            "gross_margin_4q_avg": 0,
            "net_income": null,
            "net_income_4q": null,
            "revenue": null,
            "revenue_4q": null,
            "common_shares": null,
            "book_valuer_per_share": null,
            "book_valuer_per_share_4q_avg": 2.42,
            "equity": null,
            "current_ratio": null,
            "debt_ratio": null,
            "inventory_turnover_ratio": null,
            "account_receivable_turnover_ratio": null,
            "reinvestment_rate": null,
            "research_to_sale_ratio": null,
            "price_fair": 0,
            "eps_avg_yearly": 0,
            "eps_latest_yearly": 0,
            "eps_growth_yearly": 0
        },
        "20043": {
            "year_quarter": 20043,
            "year": 2004,
            "quarter": 3,
            "eps": null,
            "eps_growth_year": null,
            "eps_4q": null,
            "eps_4q_growth_year": null,
            "roe": null,
            "roe_4q": 0,
            "gross_profit": null,
            "gross_margin": null,
            "gross_margin_4q_avg": 0,
            "net_income": null,
            "net_income_4q": null,
            "revenue": null,
            "revenue_4q": null,
            "common_shares": null,
            "book_valuer_per_share": null,
            "book_valuer_per_share_4q_avg": 2.42,
            "equity": null,
            "current_ratio": null,
            "debt_ratio": null,
            "inventory_turnover_ratio": null,
            "account_receivable_turnover_ratio": null,
            "reinvestment_rate": null,
            "research_to_sale_ratio": null,
            "price_fair": 0,
            "eps_avg_yearly": 0,
            "eps_latest_yearly": 0,
            "eps_growth_yearly": 0
        },
        "20044": {
            "year_quarter": 20044,
            "year": 2004,
            "quarter": 4,
            "eps": null,
            "eps_growth_year": null,
            "eps_4q": null,
            "eps_4q_growth_year": null,
            "roe": null,
            "roe_4q": 0,
            "gross_profit": null,
            "gross_margin": null,
            "gross_margin_4q_avg": 0,
            "net_income": null,
            "net_income_4q": null,
            "revenue": null,
            "revenue_4q": null,
            "common_shares": 321400,
            "book_valuer_per_share": 11.25,
            "book_valuer_per_share_4q_avg": 2.81,
            "equity": 361562,
            "current_ratio": 106.47,
            "debt_ratio": 69.99,
            "inventory_turnover_ratio": null,
            "account_receivable_turnover_ratio": null,
            "reinvestment_rate": null,
            "research_to_sale_ratio": null,
            "price_fair": 0,
            "eps_avg_yearly": 0,
            "eps_latest_yearly": 0,
            "eps_growth_yearly": 0
        },
        "20051": {
            "year_quarter": 20051,
            "year": 2005,
            "quarter": 1,
            "eps": null,
            "eps_growth_year": null,
            "eps_4q": null,
            "eps_4q_growth_year": null,
            "roe": null,
            "roe_4q": 0,
            "gross_profit": null,
            "gross_margin": null,
            "gross_margin_4q_avg": 0,
            "net_income": null,
            "net_income_4q": null,
            "revenue": null,
            "revenue_4q": null,
            "common_shares": null,
            "book_valuer_per_share": null,
            "book_valuer_per_share_4q_avg": 2.81,
            "equity": null,
            "current_ratio": null,
            "debt_ratio": null,
            "inventory_turnover_ratio": null,
            "account_receivable_turnover_ratio": null,
            "reinvestment_rate": null,
            "research_to_sale_ratio": null,
            "price_fair": 0,
            "eps_avg_yearly": 0,
            "eps_latest_yearly": 0,
            "eps_growth_yearly": 0
        },
        "20052": {
            "year_quarter": 20052,
            "year": 2005,
            "quarter": 2,
            "eps": null,
            "eps_growth_year": null,
            "eps_4q": null,
            "eps_4q_growth_year": null,
            "roe": null,
            "roe_4q": 0,
            "gross_profit": null,
            "gross_margin": null,
            "gross_margin_4q_avg": 0,
            "net_income": null,
            "net_income_4q": null,
            "revenue": null,
            "revenue_4q": null,
            "common_shares": null,
            "book_valuer_per_share": null,
            "book_valuer_per_share_4q_avg": 2.81,
            "equity": null,
            "current_ratio": null,
            "debt_ratio": null,
            "inventory_turnover_ratio": null,
            "account_receivable_turnover_ratio": null,
            "reinvestment_rate": null,
            "research_to_sale_ratio": null,
            "price_fair": 0,
            "eps_avg_yearly": 0,
            "eps_latest_yearly": 0,
            "eps_growth_yearly": 0
        },
        "20053": {
            "year_quarter": 20053,
            "year": 2005,
            "quarter": 3,
            "eps": 0.63,
            "eps_growth_year": null,
            "eps_4q": null,
            "eps_4q_growth_year": null,
            "roe": 5.48,
            "roe_4q": 5.48,
            "gross_profit": 46023,
            "gross_margin": 33.49,
            "gross_margin_4q_avg": 8.37,
            "net_income": 20370,
            "net_income_4q": null,
            "revenue": 137404,
            "revenue_4q": null,
            "common_shares": 321400,
            "book_valuer_per_share": 11.57,
            "book_valuer_per_share_4q_avg": 5.71,
            "equity": 371900,
            "current_ratio": 105.1,
            "debt_ratio": 73.18,
            "inventory_turnover_ratio": 0.13,
            "account_receivable_turnover_ratio": null,
            "reinvestment_rate": null,
            "research_to_sale_ratio": null,
            "price_fair": 0,
            "eps_avg_yearly": 0,
            "eps_latest_yearly": 0,
            "eps_growth_yearly": 0
        },
        "20054": {
            "year_quarter": 20054,
            "year": 2005,
            "quarter": 4,
            "eps": 4.24,
            "eps_growth_year": null,
            "eps_4q": null,
            "eps_4q_growth_year": null,
            "roe": 30.55,
            "roe_4q": 36.03,
            "gross_profit": 177091,
            "gross_margin": 28.8,
            "gross_margin_4q_avg": 15.57,
            "net_income": 136408,
            "net_income_4q": null,
            "revenue": 614979,
            "revenue_4q": null,
            "common_shares": 321400,
            "book_valuer_per_share": 16.21,
            "book_valuer_per_share_4q_avg": 6.95,
            "equity": 521119,
            "current_ratio": 119.24,
            "debt_ratio": 64.4,
            "inventory_turnover_ratio": 0.64,
            "account_receivable_turnover_ratio": null,
            "reinvestment_rate": null,
            "research_to_sale_ratio": null,
            "price_fair": 593.6,
            "eps_avg_yearly": 16.96,
            "eps_latest_yearly": 16.96,
            "eps_growth_yearly": 2292.06
        },
        "20061": {
            "year_quarter": 20061,
            "year": 2006,
            "quarter": 1,
            "eps": 3.01,
            "eps_growth_year": null,
            "eps_4q": null,
            "eps_4q_growth_year": null,
            "roe": 17.03,
            "roe_4q": 53.06,
            "gross_profit": 136512,
            "gross_margin": 38,
            "gross_margin_4q_avg": 25.07,
            "net_income": 96874,
            "net_income_4q": null,
            "revenue": 359267,
            "revenue_4q": null,
            "common_shares": 321400,
            "book_valuer_per_share": 19.19,
            "book_valuer_per_share_4q_avg": 11.74,
            "equity": 616717,
            "current_ratio": 129.45,
            "debt_ratio": 57.24,
            "inventory_turnover_ratio": 0.38,
            "account_receivable_turnover_ratio": null,
            "reinvestment_rate": null,
            "research_to_sale_ratio": null,
            "price_fair": 507.5,
            "eps_avg_yearly": 14.5,
            "eps_latest_yearly": 12.04,
            "eps_growth_yearly": 1088.01
        },
        "20062": {
            "year_quarter": 20062,
            "year": 2006,
            "quarter": 2,
            "eps": 1.84,
            "eps_growth_year": null,
            "eps_4q": 9.72,
            "eps_4q_growth_year": null,
            "roe": 9.61,
            "roe_4q": 62.67,
            "gross_profit": 129919,
            "gross_margin": 32.62,
            "gross_margin_4q_avg": 33.23,
            "net_income": 59258,
            "net_income_4q": null,
            "revenue": 398276,
            "revenue_4q": null,
            "common_shares": 321400,
            "book_valuer_per_share": 19.17,
            "book_valuer_per_share_4q_avg": 16.54,
            "equity": 616077,
            "current_ratio": 127.4,
            "debt_ratio": 58.97,
            "inventory_turnover_ratio": 0.51,
            "account_receivable_turnover_ratio": null,
            "reinvestment_rate": null,
            "research_to_sale_ratio": null,
            "price_fair": 424.2,
            "eps_avg_yearly": 12.12,
            "eps_latest_yearly": 7.36,
            "eps_growth_yearly": 673.51
        },
        "20063": {
            "year_quarter": 20063,
            "year": 2006,
            "quarter": 3,
            "eps": 2.87,
            "eps_growth_year": 355.56,
            "eps_4q": 10.21,
            "eps_4q_growth_year": null,
            "roe": 16.93,
            "roe_4q": 74.12,
            "gross_profit": 165690,
            "gross_margin": 31.36,
            "gross_margin_4q_avg": 32.7,
            "net_income": 114382,
            "net_income_4q": null,
            "revenue": 528359,
            "revenue_4q": null,
            "common_shares": 398680,
            "book_valuer_per_share": 18.44,
            "book_valuer_per_share_4q_avg": 18.25,
            "equity": 735365,
            "current_ratio": 143.12,
            "debt_ratio": 51.02,
            "inventory_turnover_ratio": 0.75,
            "account_receivable_turnover_ratio": null,
            "reinvestment_rate": null,
            "research_to_sale_ratio": null,
            "price_fair": 418.6,
            "eps_avg_yearly": 11.96,
            "eps_latest_yearly": 11.48,
            "eps_growth_yearly": 561.11
        },
        "20064": {
            "year_quarter": 20064,
            "year": 2006,
            "quarter": 4,
            "eps": 1.56,
            "eps_growth_year": -63.21,
            "eps_4q": 8.36,
            "eps_4q_growth_year": null,
            "roe": 8.1,
            "roe_4q": 51.67,
            "gross_profit": 158136,
            "gross_margin": 37.09,
            "gross_margin_4q_avg": 34.77,
            "net_income": 62024,
            "net_income_4q": null,
            "revenue": 426313,
            "revenue_4q": null,
            "common_shares": 398680,
            "book_valuer_per_share": 19.99,
            "book_valuer_per_share_4q_avg": 19.2,
            "equity": 796875,
            "current_ratio": 144.17,
            "debt_ratio": 54.05,
            "inventory_turnover_ratio": 0.46,
            "account_receivable_turnover_ratio": null,
            "reinvestment_rate": null,
            "research_to_sale_ratio": null,
            "price_fair": 378.56,
            "eps_avg_yearly": 10.82,
            "eps_latest_yearly": 6.24,
            "eps_growth_yearly": 412.38
        },
        "20071": {
            "year_quarter": 20071,
            "year": 2007,
            "quarter": 1,
            "eps": 2.46,
            "eps_growth_year": -18.27,
            "eps_4q": 8.38,
            "eps_4q_growth_year": null,
            "roe": 11.55,
            "roe_4q": 46.19,
            "gross_profit": 134235,
            "gross_margin": 25.69,
            "gross_margin_4q_avg": 31.69,
            "net_income": 97912,
            "net_income_4q": null,
            "revenue": 522520,
            "revenue_4q": null,
            "common_shares": 398680,
            "book_valuer_per_share": 22.55,
            "book_valuer_per_share_4q_avg": 20.04,
            "equity": 899008,
            "current_ratio": 161.27,
            "debt_ratio": 46.23,
            "inventory_turnover_ratio": 0.72,
            "account_receivable_turnover_ratio": null,
            "reinvestment_rate": null,
            "research_to_sale_ratio": null,
            "price_fair": 372.87,
            "eps_avg_yearly": 10.65,
            "eps_latest_yearly": 9.84,
            "eps_growth_yearly": 382.11
        },
        "20072": {
            "year_quarter": 20072,
            "year": 2007,
            "quarter": 2,
            "eps": 1.54,
            "eps_growth_year": -16.3,
            "eps_4q": 7.7,
            "eps_4q_growth_year": -20.73,
            "roe": 7.91,
            "roe_4q": 44.49,
            "gross_profit": 131890,
            "gross_margin": 25.07,
            "gross_margin_4q_avg": 29.8,
            "net_income": 68553,
            "net_income_4q": null,
            "revenue": 526123,
            "revenue_4q": null,
            "common_shares": 398680,
            "book_valuer_per_share": 20.93,
            "book_valuer_per_share_4q_avg": 20.48,
            "equity": 834434,
            "current_ratio": 130.27,
            "debt_ratio": 59.9,
            "inventory_turnover_ratio": 0.91,
            "account_receivable_turnover_ratio": null,
            "reinvestment_rate": null,
            "research_to_sale_ratio": null,
            "price_fair": 350.4,
            "eps_avg_yearly": 10.01,
            "eps_latest_yearly": 6.16,
            "eps_growth_yearly": 306.15
        },
        "20073": {
            "year_quarter": 20073,
            "year": 2007,
            "quarter": 3,
            "eps": 2.73,
            "eps_growth_year": -4.88,
            "eps_4q": 7.71,
            "eps_4q_growth_year": -24.46,
            "roe": 11.77,
            "roe_4q": 39.33,
            "gross_profit": 205236,
            "gross_margin": 31.29,
            "gross_margin_4q_avg": 29.79,
            "net_income": 125188,
            "net_income_4q": null,
            "revenue": 655978,
            "revenue_4q": null,
            "common_shares": 494092,
            "book_valuer_per_share": 26.18,
            "book_valuer_per_share_4q_avg": 22.41,
            "equity": 1293330,
            "current_ratio": 200.86,
            "debt_ratio": 42.4,
            "inventory_turnover_ratio": 1.17,
            "account_receivable_turnover_ratio": null,
            "reinvestment_rate": null,
            "research_to_sale_ratio": null,
            "price_fair": 354.38,
            "eps_avg_yearly": 10.13,
            "eps_latest_yearly": 10.92,
            "eps_growth_yearly": 306.52
        },
        "20074": {
            "year_quarter": 20074,
            "year": 2007,
            "quarter": 4,
            "eps": 1.5,
            "eps_growth_year": -3.85,
            "eps_4q": 7.77,
            "eps_4q_growth_year": -7.13,
            "roe": 5.26,
            "roe_4q": 36.49,
            "gross_profit": 168809,
            "gross_margin": 31.54,
            "gross_margin_4q_avg": 28.4,
            "net_income": 69797,
            "net_income_4q": null,
            "revenue": 535254,
            "revenue_4q": null,
            "common_shares": 494092,
            "book_valuer_per_share": 27.53,
            "book_valuer_per_share_4q_avg": 24.3,
            "equity": 1360202,
            "current_ratio": 229.01,
            "debt_ratio": 41.58,
            "inventory_turnover_ratio": 1.01,
            "account_receivable_turnover_ratio": null,
            "reinvestment_rate": null,
            "research_to_sale_ratio": null,
            "price_fair": 338.33,
            "eps_avg_yearly": 9.67,
            "eps_latest_yearly": 6,
            "eps_growth_yearly": 252.44
        },
        "20081": {
            "year_quarter": 20081,
            "year": 2008,
            "quarter": 1,
            "eps": 0.43,
            "eps_growth_year": -82.52,
            "eps_4q": 5.79,
            "eps_4q_growth_year": -30.94,
            "roe": 1.55,
            "roe_4q": 26.49,
            "gross_profit": 167549,
            "gross_margin": 34.11,
            "gross_margin_4q_avg": 30.5,
            "net_income": 21149,
            "net_income_4q": null,
            "revenue": 491223,
            "revenue_4q": null,
            "common_shares": 494092,
            "book_valuer_per_share": 27.75,
            "book_valuer_per_share_4q_avg": 25.6,
            "equity": 1370886,
            "current_ratio": 216.72,
            "debt_ratio": 42.58,
            "inventory_turnover_ratio": 0.77,
            "account_receivable_turnover_ratio": null,
            "reinvestment_rate": null,
            "research_to_sale_ratio": null,
            "price_fair": 310.52,
            "eps_avg_yearly": 8.87,
            "eps_latest_yearly": 1.72,
            "eps_growth_yearly": 198.66
        },
        "20082": {
            "year_quarter": 20082,
            "year": 2008,
            "quarter": 2,
            "eps": -0.34,
            "eps_growth_year": -122.08,
            "eps_4q": 4.03,
            "eps_4q_growth_year": -47.67,
            "roe": -1.32,
            "roe_4q": 17.259999999999998,
            "gross_profit": 71716,
            "gross_margin": 24.63,
            "gross_margin_4q_avg": 30.39,
            "net_income": -16977,
            "net_income_4q": null,
            "revenue": 291190,
            "revenue_4q": null,
            "common_shares": 494092,
            "book_valuer_per_share": 24.34,
            "book_valuer_per_share_4q_avg": 26.45,
            "equity": 1202532,
            "current_ratio": 159.94,
            "debt_ratio": 53.73,
            "inventory_turnover_ratio": 0.49,
            "account_receivable_turnover_ratio": null,
            "reinvestment_rate": null,
            "research_to_sale_ratio": null,
            "price_fair": 310.52,
            "eps_avg_yearly": 8.87,
            "eps_latest_yearly": 1.72,
            "eps_growth_yearly": 198.66
        },
        "20083": {
            "year_quarter": 20083,
            "year": 2008,
            "quarter": 3,
            "eps": 0.78,
            "eps_growth_year": -71.43,
            "eps_4q": 2.28,
            "eps_4q_growth_year": -70.46,
            "roe": 3.13,
            "roe_4q": 8.62,
            "gross_profit": 135420,
            "gross_margin": 33.37,
            "gross_margin_4q_avg": 30.91,
            "net_income": 38498,
            "net_income_4q": null,
            "revenue": 405791,
            "revenue_4q": null,
            "common_shares": 528244,
            "book_valuer_per_share": 23.75,
            "book_valuer_per_share_4q_avg": 25.84,
            "equity": 1254800,
            "current_ratio": 146.83,
            "debt_ratio": 56.37,
            "inventory_turnover_ratio": 0.43,
            "account_receivable_turnover_ratio": null,
            "reinvestment_rate": null,
            "research_to_sale_ratio": null,
            "price_fair": 310.52,
            "eps_avg_yearly": 8.87,
            "eps_latest_yearly": 1.72,
            "eps_growth_yearly": 198.66
        },
        "20084": {
            "year_quarter": 20084,
            "year": 2008,
            "quarter": 4,
            "eps": 2.56,
            "eps_growth_year": 70.67,
            "eps_4q": 3.43,
            "eps_4q_growth_year": -55.84,
            "roe": 9.64,
            "roe_4q": 13,
            "gross_profit": 285270,
            "gross_margin": 44.74,
            "gross_margin_4q_avg": 34.21,
            "net_income": 127805,
            "net_income_4q": null,
            "revenue": 637674,
            "revenue_4q": null,
            "common_shares": 528244,
            "book_valuer_per_share": 26.33,
            "book_valuer_per_share_4q_avg": 25.54,
            "equity": 1397545,
            "current_ratio": 148.05,
            "debt_ratio": 57.33,
            "inventory_turnover_ratio": 0.43,
            "account_receivable_turnover_ratio": 1.46,
            "reinvestment_rate": null,
            "research_to_sale_ratio": null,
            "price_fair": 314.87,
            "eps_avg_yearly": 9,
            "eps_latest_yearly": 10.24,
            "eps_growth_yearly": 263.58
        },
        "20091": {
            "year_quarter": 20091,
            "year": 2009,
            "quarter": 1,
            "eps": 0.71,
            "eps_growth_year": 65.12,
            "eps_4q": 3.62,
            "eps_4q_growth_year": -37.41,
            "roe": 2.57,
            "roe_4q": 14.02,
            "gross_profit": 131763,
            "gross_margin": 36.97,
            "gross_margin_4q_avg": 34.93,
            "net_income": 36738,
            "net_income_4q": null,
            "revenue": 356368,
            "revenue_4q": null,
            "common_shares": 528244,
            "book_valuer_per_share": 27.31,
            "book_valuer_per_share_4q_avg": 25.43,
            "equity": 1461994,
            "current_ratio": 142.19,
            "debt_ratio": 58.44,
            "inventory_turnover_ratio": 0.23,
            "account_receivable_turnover_ratio": 0.41,
            "reinvestment_rate": null,
            "research_to_sale_ratio": null,
            "price_fair": 296.92,
            "eps_avg_yearly": 8.48,
            "eps_latest_yearly": 2.84,
            "eps_growth_yearly": 217.53
        },
        "20092": {
            "year_quarter": 20092,
            "year": 2009,
            "quarter": 2,
            "eps": 0.7,
            "eps_growth_year": null,
            "eps_4q": 4.66,
            "eps_4q_growth_year": 15.59,
            "roe": 2.52,
            "roe_4q": 17.86,
            "gross_profit": 152918,
            "gross_margin": 35.44,
            "gross_margin_4q_avg": 37.63,
            "net_income": 36250,
            "net_income_4q": null,
            "revenue": 431544,
            "revenue_4q": null,
            "common_shares": 528244,
            "book_valuer_per_share": 26.19,
            "book_valuer_per_share_4q_avg": 25.9,
            "equity": 1413708,
            "current_ratio": 129.5,
            "debt_ratio": 60.28,
            "inventory_turnover_ratio": 0.26,
            "account_receivable_turnover_ratio": 0.48,
            "reinvestment_rate": 71.31,
            "research_to_sale_ratio": null,
            "price_fair": 281.62,
            "eps_avg_yearly": 8.05,
            "eps_latest_yearly": 2.8,
            "eps_growth_yearly": 200.36
        },
        "20093": {
            "year_quarter": 20093,
            "year": 2009,
            "quarter": 3,
            "eps": 0.11,
            "eps_growth_year": -85.9,
            "eps_4q": 4.53,
            "eps_4q_growth_year": 98.66,
            "roe": 0.33,
            "roe_4q": 15.06,
            "gross_profit": 128281,
            "gross_margin": 31.41,
            "gross_margin_4q_avg": 37.14,
            "net_income": 5083,
            "net_income_4q": null,
            "revenue": 408472,
            "revenue_4q": null,
            "common_shares": 657460,
            "book_valuer_per_share": 25.36,
            "book_valuer_per_share_4q_avg": 26.3,
            "equity": 1696202,
            "current_ratio": 154.05,
            "debt_ratio": 49.46,
            "inventory_turnover_ratio": 0.28,
            "account_receivable_turnover_ratio": 0.46,
            "reinvestment_rate": 62.78,
            "research_to_sale_ratio": null,
            "price_fair": 262.6,
            "eps_avg_yearly": 7.5,
            "eps_latest_yearly": 0.44,
            "eps_growth_yearly": 161.97
        },
        "20094": {
            "year_quarter": 20094,
            "year": 2009,
            "quarter": 4,
            "eps": -0.14,
            "eps_growth_year": -105.47,
            "eps_4q": 1.11,
            "eps_4q_growth_year": -67.67,
            "roe": -0.66,
            "roe_4q": 4.76,
            "gross_profit": 61695,
            "gross_margin": 13.65,
            "gross_margin_4q_avg": 29.37,
            "net_income": -11070,
            "net_income_4q": null,
            "revenue": 451946,
            "revenue_4q": null,
            "common_shares": 657460,
            "book_valuer_per_share": 25.39,
            "book_valuer_per_share_4q_avg": 26.06,
            "equity": 1682746,
            "current_ratio": 147.99,
            "debt_ratio": 48.65,
            "inventory_turnover_ratio": 0.45,
            "account_receivable_turnover_ratio": 1.12,
            "reinvestment_rate": 66.55,
            "research_to_sale_ratio": null,
            "price_fair": 20.33,
            "eps_avg_yearly": 6.78,
            "eps_latest_yearly": 0.44,
            "eps_growth_yearly": -1.88
        },
        "20101": {
            "year_quarter": 20101,
            "year": 2010,
            "quarter": 1,
            "eps": -0.48,
            "eps_growth_year": -167.61,
            "eps_4q": 0.05,
            "eps_4q_growth_year": -98.57,
            "roe": -2,
            "roe_4q": 0.18999999999999995,
            "gross_profit": 58497,
            "gross_margin": 14.3,
            "gross_margin_4q_avg": 23.7,
            "net_income": -33346,
            "net_income_4q": null,
            "revenue": 408999,
            "revenue_4q": null,
            "common_shares": 657460,
            "book_valuer_per_share": 24.86,
            "book_valuer_per_share_4q_avg": 25.45,
            "equity": 1646526,
            "current_ratio": 149.09,
            "debt_ratio": 47.18,
            "inventory_turnover_ratio": 0.44,
            "account_receivable_turnover_ratio": 0.54,
            "reinvestment_rate": 90.46,
            "research_to_sale_ratio": 5.51,
            "price_fair": 111.71,
            "eps_avg_yearly": 6.34,
            "eps_latest_yearly": 0.44,
            "eps_growth_yearly": 7.63
        },
        "20102": {
            "year_quarter": 20102,
            "year": 2010,
            "quarter": 2,
            "eps": -0.58,
            "eps_growth_year": -182.92,
            "eps_4q": -1.08,
            "eps_4q_growth_year": -123.09,
            "roe": -2.64,
            "roe_4q": -4.970000000000001,
            "gross_profit": 78544,
            "gross_margin": 17.22,
            "gross_margin_4q_avg": 19.15,
            "net_income": -42657,
            "net_income_4q": null,
            "revenue": 456250,
            "revenue_4q": null,
            "common_shares": 657460,
            "book_valuer_per_share": 24.03,
            "book_valuer_per_share_4q_avg": 24.91,
            "equity": 1589195,
            "current_ratio": 147.61,
            "debt_ratio": 44.93,
            "inventory_turnover_ratio": 0.49,
            "account_receivable_turnover_ratio": 0.69,
            "reinvestment_rate": 105.59,
            "research_to_sale_ratio": 4.4,
            "price_fair": 202.65,
            "eps_avg_yearly": 6.24,
            "eps_latest_yearly": 0.44,
            "eps_growth_yearly": 22.46
        },
        "20103": {
            "year_quarter": 20103,
            "year": 2010,
            "quarter": 3,
            "eps": -0.35,
            "eps_growth_year": -417.67,
            "eps_4q": -1.52,
            "eps_4q_growth_year": -133.58,
            "roe": -1.71,
            "roe_4q": -7.01,
            "gross_profit": 85742,
            "gross_margin": 20.17,
            "gross_margin_4q_avg": 16.34,
            "net_income": -26854,
            "net_income_4q": null,
            "revenue": 425155,
            "revenue_4q": null,
            "common_shares": 680302,
            "book_valuer_per_share": 22.78,
            "book_valuer_per_share_4q_avg": 24.27,
            "equity": 1556127,
            "current_ratio": 138.98,
            "debt_ratio": 50.28,
            "inventory_turnover_ratio": 0.4,
            "account_receivable_turnover_ratio": 0.68,
            "reinvestment_rate": 125.66,
            "research_to_sale_ratio": 5.4,
            "price_fair": 70.42,
            "eps_avg_yearly": 5.72,
            "eps_latest_yearly": 0.44,
            "eps_growth_yearly": 2.31
        },
        "20104": {
            "year_quarter": 20104,
            "year": 2010,
            "quarter": 4,
            "eps": -0.53,
            "eps_growth_year": null,
            "eps_4q": -1.93,
            "eps_4q_growth_year": -274.45,
            "roe": -2.81,
            "roe_4q": -9.16,
            "gross_profit": 153000,
            "gross_margin": 16.24,
            "gross_margin_4q_avg": 16.98,
            "net_income": -42562,
            "net_income_4q": null,
            "revenue": 942045,
            "revenue_4q": null,
            "common_shares": 680302,
            "book_valuer_per_share": 21.81,
            "book_valuer_per_share_4q_avg": 23.37,
            "equity": 1478227,
            "current_ratio": 140.42,
            "debt_ratio": 51.25,
            "inventory_turnover_ratio": 0.99,
            "account_receivable_turnover_ratio": 1.33,
            "reinvestment_rate": 98.07,
            "research_to_sale_ratio": 3.21,
            "price_fair": 186.03,
            "eps_avg_yearly": 5.66,
            "eps_latest_yearly": 0.44,
            "eps_growth_yearly": 22.85
        },
        "20111": {
            "year_quarter": 20111,
            "year": 2011,
            "quarter": 1,
            "eps": -0.13,
            "eps_growth_year": null,
            "eps_4q": -1.58,
            "eps_4q_growth_year": -3153.74,
            "roe": -0.77,
            "roe_4q": -7.93,
            "gross_profit": 69922,
            "gross_margin": 19.88,
            "gross_margin_4q_avg": 18.38,
            "net_income": -11368,
            "net_income_4q": null,
            "revenue": 351732,
            "revenue_4q": null,
            "common_shares": 680302,
            "book_valuer_per_share": 21.68,
            "book_valuer_per_share_4q_avg": 22.58,
            "equity": 1474674,
            "current_ratio": 133.03,
            "debt_ratio": 56.4,
            "inventory_turnover_ratio": 0.39,
            "account_receivable_turnover_ratio": 0.43,
            "reinvestment_rate": 169.87,
            "research_to_sale_ratio": 6.66,
            "price_fair": 15.42,
            "eps_avg_yearly": 5.14,
            "eps_latest_yearly": 0.44,
            "eps_growth_yearly": -3.13
        },
        "20112": {
            "year_quarter": 20112,
            "year": 2011,
            "quarter": 2,
            "eps": -0.28,
            "eps_growth_year": null,
            "eps_4q": -1.28,
            "eps_4q_growth_year": null,
            "roe": -1.4,
            "roe_4q": -6.69,
            "gross_profit": 117098,
            "gross_margin": 27.13,
            "gross_margin_4q_avg": 20.86,
            "net_income": -20608,
            "net_income_4q": null,
            "revenue": 431650,
            "revenue_4q": null,
            "common_shares": 683772,
            "book_valuer_per_share": 21.3,
            "book_valuer_per_share_4q_avg": 21.89,
            "equity": 1474961,
            "current_ratio": 165.2,
            "debt_ratio": 56.39,
            "inventory_turnover_ratio": 0.39,
            "account_receivable_turnover_ratio": 0.5,
            "reinvestment_rate": 217.15,
            "research_to_sale_ratio": 7.32,
            "price_fair": 138.78,
            "eps_avg_yearly": 4.99,
            "eps_latest_yearly": 0.44,
            "eps_growth_yearly": 17.79
        },
        "20113": {
            "year_quarter": 20113,
            "year": 2011,
            "quarter": 3,
            "eps": 0.41,
            "eps_growth_year": null,
            "eps_4q": -0.52,
            "eps_4q_growth_year": null,
            "roe": 1.79,
            "roe_4q": -3.19,
            "gross_profit": 124229,
            "gross_margin": 22.23,
            "gross_margin_4q_avg": 21.37,
            "net_income": 27049,
            "net_income_4q": null,
            "revenue": 558855,
            "revenue_4q": null,
            "common_shares": 678942,
            "book_valuer_per_share": 22.44,
            "book_valuer_per_share_4q_avg": 21.81,
            "equity": 1551602,
            "current_ratio": 157.92,
            "debt_ratio": 59.46,
            "inventory_turnover_ratio": 0.5,
            "account_receivable_turnover_ratio": 0.59,
            "reinvestment_rate": 367.48,
            "research_to_sale_ratio": 6.47,
            "price_fair": 12.02,
            "eps_avg_yearly": 4.01,
            "eps_latest_yearly": 0.44,
            "eps_growth_yearly": -30.76
        },
        "20114": {
            "year_quarter": 20114,
            "year": 2011,
            "quarter": 4,
            "eps": 0.02,
            "eps_growth_year": null,
            "eps_4q": 0.04,
            "eps_4q_growth_year": null,
            "roe": -0.01,
            "roe_4q": -0.3899999999999999,
            "gross_profit": 130618,
            "gross_margin": 16.89,
            "gross_margin_4q_avg": 21.53,
            "net_income": -228,
            "net_income_4q": null,
            "revenue": 773332,
            "revenue_4q": null,
            "common_shares": 678942,
            "book_valuer_per_share": 22.33,
            "book_valuer_per_share_4q_avg": 21.94,
            "equity": 1542846,
            "current_ratio": 174.18,
            "debt_ratio": 58.01,
            "inventory_turnover_ratio": 0.78,
            "account_receivable_turnover_ratio": 0.78,
            "reinvestment_rate": 450.83,
            "research_to_sale_ratio": 2.79,
            "price_fair": 9.06,
            "eps_avg_yearly": 3.02,
            "eps_latest_yearly": 0.08,
            "eps_growth_yearly": -64.14
        },
        "20121": {
            "year_quarter": 20121,
            "year": 2012,
            "quarter": 1,
            "eps": -1.05,
            "eps_growth_year": null,
            "eps_4q": -0.89,
            "eps_4q_growth_year": null,
            "roe": -4.91,
            "roe_4q": -4.529999999999999,
            "gross_profit": 31908,
            "gross_margin": 14.44,
            "gross_margin_4q_avg": 20.17,
            "net_income": -73569,
            "net_income_4q": null,
            "revenue": 220918,
            "revenue_4q": null,
            "common_shares": 678942,
            "book_valuer_per_share": 21.04,
            "book_valuer_per_share_4q_avg": 21.78,
            "equity": 1452970,
            "current_ratio": 168.22,
            "debt_ratio": 57.18,
            "inventory_turnover_ratio": 0.25,
            "account_receivable_turnover_ratio": 0.25,
            "reinvestment_rate": 1885.87,
            "research_to_sale_ratio": 8.39,
            "price_fair": 9.84,
            "eps_avg_yearly": 3.28,
            "eps_latest_yearly": 0.08,
            "eps_growth_yearly": -19.9
        },
        "20122": {
            "year_quarter": 20122,
            "year": 2012,
            "quarter": 2,
            "eps": -0.48,
            "eps_growth_year": null,
            "eps_4q": -1.1,
            "eps_4q_growth_year": null,
            "roe": -2.34,
            "roe_4q": -5.47,
            "gross_profit": 64804,
            "gross_margin": 16.85,
            "gross_margin_4q_avg": 17.6,
            "net_income": -33662,
            "net_income_4q": null,
            "revenue": 384661,
            "revenue_4q": null,
            "common_shares": 678942,
            "book_valuer_per_share": 20.64,
            "book_valuer_per_share_4q_avg": 21.61,
            "equity": 1424670,
            "current_ratio": 163.56,
            "debt_ratio": 57.57,
            "inventory_turnover_ratio": 0.42,
            "account_receivable_turnover_ratio": 0.49,
            "reinvestment_rate": 5573.21,
            "research_to_sale_ratio": 4.67,
            "price_fair": 9.84,
            "eps_avg_yearly": 3.28,
            "eps_latest_yearly": 0.08,
            "eps_growth_yearly": -19.9
        },
        "20123": {
            "year_quarter": 20123,
            "year": 2012,
            "quarter": 3,
            "eps": -0.4,
            "eps_growth_year": -197.22,
            "eps_4q": -1.91,
            "eps_4q_growth_year": null,
            "roe": -2.03,
            "roe_4q": -9.29,
            "gross_profit": 83869,
            "gross_margin": 18.1,
            "gross_margin_4q_avg": 16.57,
            "net_income": -28531,
            "net_income_4q": null,
            "revenue": 463444,
            "revenue_4q": null,
            "common_shares": 678942,
            "book_valuer_per_share": 20.03,
            "book_valuer_per_share_4q_avg": 21.01,
            "equity": 1381688,
            "current_ratio": 167.78,
            "debt_ratio": 62.18,
            "inventory_turnover_ratio": 0.43,
            "account_receivable_turnover_ratio": 0.55,
            "reinvestment_rate": null,
            "research_to_sale_ratio": 4.57,
            "price_fair": 9.84,
            "eps_avg_yearly": 3.28,
            "eps_latest_yearly": 0.08,
            "eps_growth_yearly": -19.9
        },
        "20124": {
            "year_quarter": 20124,
            "year": 2012,
            "quarter": 4,
            "eps": 3.79,
            "eps_growth_year": 15559.03,
            "eps_4q": 1.86,
            "eps_4q_growth_year": 4937.71,
            "roe": 16.94,
            "roe_4q": 7.660000000000002,
            "gross_profit": 433682,
            "gross_margin": 39.71,
            "gross_margin_4q_avg": 22.28,
            "net_income": 256053,
            "net_income_4q": null,
            "revenue": 1092179,
            "revenue_4q": null,
            "common_shares": 679879,
            "book_valuer_per_share": 23.84,
            "book_valuer_per_share_4q_avg": 21.39,
            "equity": 1641567,
            "current_ratio": 175.06,
            "debt_ratio": 60.45,
            "inventory_turnover_ratio": 0.72,
            "account_receivable_turnover_ratio": 1.03,
            "reinvestment_rate": 307.31,
            "research_to_sale_ratio": 2.62,
            "price_fair": 4.62,
            "eps_avg_yearly": 1.54,
            "eps_latest_yearly": 0.08,
            "eps_growth_yearly": -253.08
        },
        "20131": {
            "year_quarter": 20131,
            "year": 2013,
            "quarter": 1,
            "eps": 2.05,
            "eps_growth_year": null,
            "eps_4q": 4.95,
            "eps_4q_growth_year": null,
            "roe": 7.8,
            "roe_4q": 20.37,
            "gross_profit": 282857,
            "gross_margin": 32.84,
            "gross_margin_4q_avg": 26.88,
            "net_income": 132673,
            "net_income_4q": null,
            "revenue": 861302,
            "revenue_4q": null,
            "common_shares": 681442,
            "book_valuer_per_share": 25.62,
            "book_valuer_per_share_4q_avg": 22.53,
            "equity": 1759993,
            "current_ratio": 186.78,
            "debt_ratio": 57.44,
            "inventory_turnover_ratio": 0.71,
            "account_receivable_turnover_ratio": 0.66,
            "reinvestment_rate": 78.64,
            "research_to_sale_ratio": 2.92,
            "price_fair": 8.64,
            "eps_avg_yearly": 2.88,
            "eps_latest_yearly": 8.2,
            "eps_growth_yearly": -226.73
        },
        "20132": {
            "year_quarter": 20132,
            "year": 2013,
            "quarter": 2,
            "eps": 1.99,
            "eps_growth_year": null,
            "eps_4q": 7.31,
            "eps_4q_growth_year": null,
            "roe": 6.97,
            "roe_4q": 29.68,
            "gross_profit": 303639,
            "gross_margin": 31.4,
            "gross_margin_4q_avg": 30.51,
            "net_income": 125619,
            "net_income_4q": null,
            "revenue": 966864,
            "revenue_4q": null,
            "common_shares": 691442,
            "book_valuer_per_share": 26.62,
            "book_valuer_per_share_4q_avg": 24.03,
            "equity": 1845884,
            "current_ratio": 198.33,
            "debt_ratio": 58.98,
            "inventory_turnover_ratio": 0.87,
            "account_receivable_turnover_ratio": 0.72,
            "reinvestment_rate": 25.17,
            "research_to_sale_ratio": 2.65,
            "price_fair": 12.51,
            "eps_avg_yearly": 4.17,
            "eps_latest_yearly": 7.96,
            "eps_growth_yearly": -228.24
        },
        "20133": {
            "year_quarter": 20133,
            "year": 2013,
            "quarter": 3,
            "eps": 2.15,
            "eps_growth_year": null,
            "eps_4q": 9.82,
            "eps_4q_growth_year": null,
            "roe": 7.22,
            "roe_4q": 38.93,
            "gross_profit": 309739,
            "gross_margin": 37.89,
            "gross_margin_4q_avg": 35.46,
            "net_income": 138317,
            "net_income_4q": null,
            "revenue": 817569,
            "revenue_4q": null,
            "common_shares": 691602,
            "book_valuer_per_share": 28.72,
            "book_valuer_per_share_4q_avg": 26.2,
            "equity": 1983292,
            "current_ratio": 186.58,
            "debt_ratio": 47.5,
            "inventory_turnover_ratio": 0.76,
            "account_receivable_turnover_ratio": 0.67,
            "reinvestment_rate": 0.5,
            "research_to_sale_ratio": 3.4,
            "price_fair": 18.63,
            "eps_avg_yearly": 6.21,
            "eps_latest_yearly": 8.6,
            "eps_growth_yearly": -135.92
        },
        "20134": {
            "year_quarter": 20134,
            "year": 2013,
            "quarter": 4,
            "eps": 0.96,
            "eps_growth_year": -74.63,
            "eps_4q": 6.37,
            "eps_4q_growth_year": 242.54,
            "roe": 2.82,
            "roe_4q": 24.81,
            "gross_profit": 294574,
            "gross_margin": 37.8,
            "gross_margin_4q_avg": 34.98,
            "net_income": 65002,
            "net_income_4q": null,
            "revenue": 779334,
            "revenue_4q": null,
            "common_shares": 777765,
            "book_valuer_per_share": 34.03,
            "book_valuer_per_share_4q_avg": 28.75,
            "equity": 2631420,
            "current_ratio": 252.2,
            "debt_ratio": 38.8,
            "inventory_turnover_ratio": 0.88,
            "account_receivable_turnover_ratio": 0.74,
            "reinvestment_rate": -27,
            "research_to_sale_ratio": 3.31,
            "price_fair": 17.21,
            "eps_avg_yearly": 5.74,
            "eps_latest_yearly": 3.84,
            "eps_growth_yearly": -153.01
        },
        "20141": {
            "year_quarter": 20141,
            "year": 2014,
            "quarter": 1,
            "eps": 0.61,
            "eps_growth_year": -70.24,
            "eps_4q": 5.17,
            "eps_4q_growth_year": 4.39,
            "roe": 1.53,
            "roe_4q": 18.54,
            "gross_profit": 175358,
            "gross_margin": 35.3,
            "gross_margin_4q_avg": 35.6,
            "net_income": 40821,
            "net_income_4q": null,
            "revenue": 496697,
            "revenue_4q": null,
            "common_shares": 776106,
            "book_valuer_per_share": 34.99,
            "book_valuer_per_share_4q_avg": 31.09,
            "equity": 2712447,
            "current_ratio": 261.98,
            "debt_ratio": 39.19,
            "inventory_turnover_ratio": 0.61,
            "account_receivable_turnover_ratio": 0.55,
            "reinvestment_rate": -23.01,
            "research_to_sale_ratio": 5.58,
            "price_fair": 15.56,
            "eps_avg_yearly": 5.19,
            "eps_latest_yearly": 2.44,
            "eps_growth_yearly": -151.82
        },
        "20142": {
            "year_quarter": 20142,
            "year": 2014,
            "quarter": 2,
            "eps": -0.11,
            "eps_growth_year": -105.53,
            "eps_4q": 3.33,
            "eps_4q_growth_year": -54.42,
            "roe": -0.45,
            "roe_4q": 11.12,
            "gross_profit": 159695,
            "gross_margin": 40.01,
            "gross_margin_4q_avg": 37.75,
            "net_income": -11320,
            "net_income_4q": null,
            "revenue": 399157,
            "revenue_4q": null,
            "common_shares": 776106,
            "book_valuer_per_share": 29.96,
            "book_valuer_per_share_4q_avg": 31.93,
            "equity": 2349497,
            "current_ratio": 214.13,
            "debt_ratio": 45.8,
            "inventory_turnover_ratio": 0.39,
            "account_receivable_turnover_ratio": 0.44,
            "reinvestment_rate": -30.07,
            "research_to_sale_ratio": 5.78,
            "price_fair": 15.56,
            "eps_avg_yearly": 5.19,
            "eps_latest_yearly": 2.44,
            "eps_growth_yearly": -151.82
        },
        "20143": {
            "year_quarter": 20143,
            "year": 2014,
            "quarter": 3,
            "eps": 1.04,
            "eps_growth_year": -51.63,
            "eps_4q": 2.49,
            "eps_4q_growth_year": -74.6,
            "roe": 3.13,
            "roe_4q": 7.029999999999999,
            "gross_profit": 197160,
            "gross_margin": 27.87,
            "gross_margin_4q_avg": 35.25,
            "net_income": 74763,
            "net_income_4q": null,
            "revenue": 707449,
            "revenue_4q": null,
            "common_shares": 774989,
            "book_valuer_per_share": 31.11,
            "book_valuer_per_share_4q_avg": 32.52,
            "equity": 2427906,
            "current_ratio": 282.23,
            "debt_ratio": 38.12,
            "inventory_turnover_ratio": 0.74,
            "account_receivable_turnover_ratio": 0.65,
            "reinvestment_rate": -23.06,
            "research_to_sale_ratio": 3.62,
            "price_fair": 15.56,
            "eps_avg_yearly": 5.19,
            "eps_latest_yearly": 2.44,
            "eps_growth_yearly": -151.82
        },
        "20144": {
            "year_quarter": 20144,
            "year": 2014,
            "quarter": 4,
            "eps": 1.81,
            "eps_growth_year": 87.87,
            "eps_4q": 3.35,
            "eps_4q_growth_year": -47.48,
            "roe": 5.47,
            "roe_4q": 9.68,
            "gross_profit": 402344,
            "gross_margin": 43.06,
            "gross_margin_4q_avg": 36.56,
            "net_income": 136941,
            "net_income_4q": null,
            "revenue": 934330,
            "revenue_4q": null,
            "common_shares": 770200,
            "book_valuer_per_share": 33.24,
            "book_valuer_per_share_4q_avg": 32.33,
            "equity": 2579555,
            "current_ratio": 250.7,
            "debt_ratio": 38.15,
            "inventory_turnover_ratio": 0.84,
            "account_receivable_turnover_ratio": 0.66,
            "reinvestment_rate": 5.36,
            "research_to_sale_ratio": 3.07,
            "price_fair": 16.44,
            "eps_avg_yearly": 5.48,
            "eps_latest_yearly": 7.24,
            "eps_growth_yearly": -87.82
        },
        "20151": {
            "year_quarter": 20151,
            "year": 2015,
            "quarter": 1,
            "eps": -0.22,
            "eps_growth_year": -136.07,
            "eps_4q": 2.52,
            "eps_4q_growth_year": -51.27,
            "roe": -0.73,
            "roe_4q": 7.42,
            "gross_profit": 137313,
            "gross_margin": 35.01,
            "gross_margin_4q_avg": 36.49,
            "net_income": -18702,
            "net_income_4q": null,
            "revenue": 392208,
            "revenue_4q": null,
            "common_shares": 770200,
            "book_valuer_per_share": 32.87,
            "book_valuer_per_share_4q_avg": 31.8,
            "equity": 2549108,
            "current_ratio": 233.31,
            "debt_ratio": 37.58,
            "inventory_turnover_ratio": 0.4,
            "account_receivable_turnover_ratio": 0.26,
            "reinvestment_rate": 20.7,
            "research_to_sale_ratio": 7.52,
            "price_fair": 16.44,
            "eps_avg_yearly": 5.48,
            "eps_latest_yearly": 7.24,
            "eps_growth_yearly": -87.82
        },
        "20152": {
            "year_quarter": 20152,
            "year": 2015,
            "quarter": 2,
            "eps": 1.32,
            "eps_growth_year": null,
            "eps_4q": 3.92,
            "eps_4q_growth_year": 17.75,
            "roe": 3.96,
            "roe_4q": 11.829999999999998,
            "gross_profit": 332310,
            "gross_margin": 38.97,
            "gross_margin_4q_avg": 36.23,
            "net_income": 99517,
            "net_income_4q": null,
            "revenue": 852723,
            "revenue_4q": null,
            "common_shares": 774816,
            "book_valuer_per_share": 31.81,
            "book_valuer_per_share_4q_avg": 32.26,
            "equity": 2480687,
            "current_ratio": 195.09,
            "debt_ratio": 43.75,
            "inventory_turnover_ratio": 0.69,
            "account_receivable_turnover_ratio": 0.57,
            "reinvestment_rate": 18.95,
            "research_to_sale_ratio": 3.53,
            "price_fair": 16.44,
            "eps_avg_yearly": 5.48,
            "eps_latest_yearly": 7.24,
            "eps_growth_yearly": -87.82
        },
        "20153": {
            "year_quarter": 20153,
            "year": 2015,
            "quarter": 3,
            "eps": 2.8,
            "eps_growth_year": 169.23,
            "eps_4q": 5.61,
            "eps_4q_growth_year": 125.13,
            "roe": 8.25,
            "roe_4q": 16.95,
            "gross_profit": 442192,
            "gross_margin": 42.35,
            "gross_margin_4q_avg": 39.85,
            "net_income": 214950,
            "net_income_4q": null,
            "revenue": 1044064,
            "revenue_4q": null,
            "common_shares": 781114,
            "book_valuer_per_share": 34.73,
            "book_valuer_per_share_4q_avg": 33.16,
            "equity": 2728760,
            "current_ratio": 216.11,
            "debt_ratio": 39.94,
            "inventory_turnover_ratio": 0.81,
            "account_receivable_turnover_ratio": 0.62,
            "reinvestment_rate": 9.59,
            "research_to_sale_ratio": 4.35,
            "price_fair": 18.59,
            "eps_avg_yearly": 6.2,
            "eps_latest_yearly": 11.2,
            "eps_growth_yearly": -20.78
        },
        "20154": {
            "year_quarter": 20154,
            "year": 2015,
            "quarter": 4,
            "eps": 1.21,
            "eps_growth_year": -32.98,
            "eps_4q": 4.46,
            "eps_4q_growth_year": 33.39,
            "roe": 3.43,
            "roe_4q": 14.91,
            "gross_profit": 368451,
            "gross_margin": 40.86,
            "gross_margin_4q_avg": 39.3,
            "net_income": 104899,
            "net_income_4q": null,
            "revenue": 901668,
            "revenue_4q": null,
            "common_shares": 920360,
            "book_valuer_per_share": 36.74,
            "book_valuer_per_share_4q_avg": 34.04,
            "equity": 3390399,
            "current_ratio": 263.36,
            "debt_ratio": 34.02,
            "inventory_turnover_ratio": 0.75,
            "account_receivable_turnover_ratio": 0.46,
            "reinvestment_rate": -6.85,
            "research_to_sale_ratio": 6.53,
            "price_fair": 20.37,
            "eps_avg_yearly": 6.79,
            "eps_latest_yearly": 4.84,
            "eps_growth_yearly": -1.62
        },
        "20161": {
            "year_quarter": 20161,
            "year": 2016,
            "quarter": 1,
            "eps": 1.22,
            "eps_growth_year": null,
            "eps_4q": 5.85,
            "eps_4q_growth_year": 132.57,
            "roe": 3.21,
            "roe_4q": 18.85,
            "gross_profit": 277005,
            "gross_margin": 39.22,
            "gross_margin_4q_avg": 40.35,
            "net_income": 110619,
            "net_income_4q": null,
            "revenue": 706313,
            "revenue_4q": null,
            "common_shares": 920360,
            "book_valuer_per_share": 37.96,
            "book_valuer_per_share_4q_avg": 35.31,
            "equity": 3502811,
            "current_ratio": 342.55,
            "debt_ratio": 26.72,
            "inventory_turnover_ratio": 0.67,
            "account_receivable_turnover_ratio": 0.35,
            "reinvestment_rate": -3.09,
            "research_to_sale_ratio": 5.99,
            "price_fair": 19.73,
            "eps_avg_yearly": 6.58,
            "eps_latest_yearly": 4.88,
            "eps_growth_yearly": -1.07
        },
        "20162": {
            "year_quarter": 20162,
            "year": 2016,
            "quarter": 2,
            "eps": 0.04,
            "eps_growth_year": -96.97,
            "eps_4q": 4.81,
            "eps_4q_growth_year": 22.61,
            "roe": 0.11,
            "roe_4q": 15,
            "gross_profit": 125444,
            "gross_margin": 31.81,
            "gross_margin_4q_avg": 38.56,
            "net_income": 3557,
            "net_income_4q": null,
            "revenue": 394297,
            "revenue_4q": null,
            "common_shares": 917550,
            "book_valuer_per_share": 35.52,
            "book_valuer_per_share_4q_avg": 36.24,
            "equity": 3267306,
            "current_ratio": 337.21,
            "debt_ratio": 27.67,
            "inventory_turnover_ratio": 0.52,
            "account_receivable_turnover_ratio": 0.21,
            "reinvestment_rate": -6.01,
            "research_to_sale_ratio": 9.02,
            "price_fair": 17.81,
            "eps_avg_yearly": 5.94,
            "eps_latest_yearly": 0.16,
            "eps_growth_yearly": -39.65
        },
        "20163": {
            "year_quarter": 20163,
            "year": 2016,
            "quarter": 3,
            "eps": -0.41,
            "eps_growth_year": -114.64,
            "eps_4q": 2.06,
            "eps_4q_growth_year": -63.3,
            "roe": -1.16,
            "roe_4q": 5.59,
            "gross_profit": 58274,
            "gross_margin": 22.61,
            "gross_margin_4q_avg": 33.63,
            "net_income": -37498,
            "net_income_4q": null,
            "revenue": 257772,
            "revenue_4q": null,
            "common_shares": 917550,
            "book_valuer_per_share": 34.74,
            "book_valuer_per_share_4q_avg": 36.24,
            "equity": 3196383,
            "current_ratio": 316.71,
            "debt_ratio": 28.41,
            "inventory_turnover_ratio": 0.43,
            "account_receivable_turnover_ratio": 0.16,
            "reinvestment_rate": -5.33,
            "research_to_sale_ratio": 13.36,
            "price_fair": 17.81,
            "eps_avg_yearly": 5.94,
            "eps_latest_yearly": 0.16,
            "eps_growth_yearly": -39.65
        },
        "20164": {
            "year_quarter": 20164,
            "year": 2016,
            "quarter": 4,
            "eps": 0.18,
            "eps_growth_year": -85.02,
            "eps_4q": 1.03,
            "eps_4q_growth_year": -76.99,
            "roe": 0.51,
            "roe_4q": 2.67,
            "gross_profit": 149127,
            "gross_margin": 37.48,
            "gross_margin_4q_avg": 32.78,
            "net_income": 16402,
            "net_income_4q": null,
            "revenue": 397895,
            "revenue_4q": null,
            "common_shares": 916403,
            "book_valuer_per_share": 34.96,
            "book_valuer_per_share_4q_avg": 35.8,
            "equity": 3211515,
            "current_ratio": 304.72,
            "debt_ratio": 28.49,
            "inventory_turnover_ratio": 0.48,
            "account_receivable_turnover_ratio": 0.27,
            "reinvestment_rate": -7.34,
            "research_to_sale_ratio": 11.09,
            "price_fair": 17.81,
            "eps_avg_yearly": 5.94,
            "eps_latest_yearly": 0.16,
            "eps_growth_yearly": -39.65
        },
        "20171": {
            "year_quarter": 20171,
            "year": 2017,
            "quarter": 1,
            "eps": 0.09,
            "eps_growth_year": -92.62,
            "eps_4q": -0.09,
            "eps_4q_growth_year": -101.54,
            "roe": 0.26,
            "roe_4q": -0.2799999999999999,
            "gross_profit": 170650,
            "gross_margin": 41.14,
            "gross_margin_4q_avg": 33.26,
            "net_income": 8157,
            "net_income_4q": null,
            "revenue": 414851,
            "revenue_4q": null,
            "common_shares": 922877,
            "book_valuer_per_share": 34.31,
            "book_valuer_per_share_4q_avg": 34.88,
            "equity": 3174027,
            "current_ratio": 362.92,
            "debt_ratio": 23.49,
            "inventory_turnover_ratio": 0.45,
            "account_receivable_turnover_ratio": 0.37,
            "reinvestment_rate": -9.01,
            "research_to_sale_ratio": 11.23,
            "price_fair": 15.46,
            "eps_avg_yearly": 5.15,
            "eps_latest_yearly": 0.36,
            "eps_growth_yearly": -41.29
        },
        "20172": {
            "year_quarter": 20172,
            "year": 2017,
            "quarter": 2,
            "eps": 0.57,
            "eps_growth_year": 1325,
            "eps_4q": 0.44,
            "eps_4q_growth_year": -90.93,
            "roe": 1.63,
            "roe_4q": 1.24,
            "gross_profit": 164477,
            "gross_margin": 32.85,
            "gross_margin_4q_avg": 33.52,
            "net_income": 51911,
            "net_income_4q": null,
            "revenue": 500628,
            "revenue_4q": null,
            "common_shares": 917181,
            "book_valuer_per_share": 34.74,
            "book_valuer_per_share_4q_avg": 34.69,
            "equity": 3193867,
            "current_ratio": 328.51,
            "debt_ratio": 27.16,
            "inventory_turnover_ratio": 0.58,
            "account_receivable_turnover_ratio": 0.49,
            "reinvestment_rate": -9.15,
            "research_to_sale_ratio": 13.1,
            "price_fair": 160.44,
            "eps_avg_yearly": 4.58,
            "eps_latest_yearly": 2.28,
            "eps_growth_yearly": 173.22
        },
        "20173": {
            "year_quarter": 20173,
            "year": 2017,
            "quarter": 3,
            "eps": 0.16,
            "eps_growth_year": null,
            "eps_4q": 1,
            "eps_4q_growth_year": -51.5,
            "roe": 0.44,
            "roe_4q": 2.84,
            "gross_profit": 128844,
            "gross_margin": 30.09,
            "gross_margin_4q_avg": 35.39,
            "net_income": 14147,
            "net_income_4q": null,
            "revenue": 428173,
            "revenue_4q": null,
            "common_shares": 917181,
            "book_valuer_per_share": 35.07,
            "book_valuer_per_share_4q_avg": 34.77,
            "equity": 3223976,
            "current_ratio": 360.02,
            "debt_ratio": 24.88,
            "inventory_turnover_ratio": 0.46,
            "account_receivable_turnover_ratio": 0.37,
            "reinvestment_rate": -10.02,
            "research_to_sale_ratio": 9.75,
            "price_fair": 132.58,
            "eps_avg_yearly": 3.79,
            "eps_latest_yearly": 0.64,
            "eps_growth_yearly": 141.23
        },
        "20174": {
            "year_quarter": 20174,
            "year": 2017,
            "quarter": 4,
            "eps": -0.02,
            "eps_growth_year": -109.08,
            "eps_4q": 0.81,
            "eps_4q_growth_year": -21.24,
            "roe": -0.05,
            "roe_4q": 2.2800000000000002,
            "gross_profit": 179840,
            "gross_margin": 31.17,
            "gross_margin_4q_avg": 33.81,
            "net_income": -1753,
            "net_income_4q": null,
            "revenue": 576911,
            "revenue_4q": null,
            "common_shares": 917181,
            "book_valuer_per_share": 34.89,
            "book_valuer_per_share_4q_avg": 34.75,
            "equity": 3177571,
            "current_ratio": 382.79,
            "debt_ratio": 24.09,
            "inventory_turnover_ratio": 0.68,
            "account_receivable_turnover_ratio": 0.52,
            "reinvestment_rate": -4.46,
            "research_to_sale_ratio": 11.62,
            "price_fair": 132.38,
            "eps_avg_yearly": 3.78,
            "eps_latest_yearly": 0.64,
            "eps_growth_yearly": 181.52
        },
        "20181": {
            "year_quarter": 20181,
            "year": 2018,
            "quarter": 1,
            "eps": -0.26,
            "eps_growth_year": -388.89,
            "eps_4q": 0.45,
            "eps_4q_growth_year": null,
            "roe": -0.76,
            "roe_4q": 1.2599999999999998,
            "gross_profit": 119244,
            "gross_margin": 26.86,
            "gross_margin_4q_avg": 30.24,
            "net_income": -24305,
            "net_income_4q": null,
            "revenue": 444025,
            "revenue_4q": null,
            "common_shares": 916757,
            "book_valuer_per_share": 35.57,
            "book_valuer_per_share_4q_avg": 35.07,
            "equity": 3232136,
            "current_ratio": 369.61,
            "debt_ratio": 24.78,
            "inventory_turnover_ratio": 0.68,
            "account_receivable_turnover_ratio": 0.46,
            "reinvestment_rate": -12.72,
            "research_to_sale_ratio": 9.74,
            "price_fair": 138.25,
            "eps_avg_yearly": 3.95,
            "eps_latest_yearly": 0.64,
            "eps_growth_yearly": 222.44
        },
        "20182": {
            "year_quarter": 20182,
            "year": 2018,
            "quarter": 2,
            "eps": -0.05,
            "eps_growth_year": -108.77,
            "eps_4q": -0.17,
            "eps_4q_growth_year": -139.77,
            "roe": -0.15,
            "roe_4q": -0.52,
            "gross_profit": 95382,
            "gross_margin": 26.85,
            "gross_margin_4q_avg": 28.74,
            "net_income": -4846,
            "net_income_4q": null,
            "revenue": 355219,
            "revenue_4q": null,
            "common_shares": 916757,
            "book_valuer_per_share": 34.91,
            "book_valuer_per_share_4q_avg": 35.11,
            "equity": 3171904,
            "current_ratio": 302.13,
            "debt_ratio": 29.14,
            "inventory_turnover_ratio": 0.52,
            "account_receivable_turnover_ratio": 0.4,
            "reinvestment_rate": -0.35,
            "research_to_sale_ratio": 19.76,
            "price_fair": 138.25,
            "eps_avg_yearly": 3.95,
            "eps_latest_yearly": 0.64,
            "eps_growth_yearly": 222.44
        },
        "20183": {
            "year_quarter": 20183,
            "year": 2018,
            "quarter": 3,
            "eps": 0.14,
            "eps_growth_year": -12.5,
            "eps_4q": -0.3,
            "eps_4q_growth_year": -130.02,
            "roe": 0.36,
            "roe_4q": -0.6000000000000001,
            "gross_profit": 144335,
            "gross_margin": 25.76,
            "gross_margin_4q_avg": 27.66,
            "net_income": 10837,
            "net_income_4q": null,
            "revenue": 560305,
            "revenue_4q": null,
            "common_shares": 641730,
            "book_valuer_per_share": 44.9,
            "book_valuer_per_share_4q_avg": 37.57,
            "equity": 2856434,
            "current_ratio": 229.57,
            "debt_ratio": 37.72,
            "inventory_turnover_ratio": 0.76,
            "account_receivable_turnover_ratio": 0.62,
            "reinvestment_rate": -2.17,
            "research_to_sale_ratio": 11.5,
            "price_fair": 138.25,
            "eps_avg_yearly": 3.95,
            "eps_latest_yearly": 0.64,
            "eps_growth_yearly": 222.44
        },
        "20184": {
            "year_quarter": 20184,
            "year": 2018,
            "quarter": 4,
            "eps": -0.52,
            "eps_growth_year": null,
            "eps_4q": -0.8,
            "eps_4q_growth_year": -199.3,
            "roe": -1.18,
            "roe_4q": -1.73,
            "gross_profit": 84523,
            "gross_margin": 15.37,
            "gross_margin_4q_avg": 23.71,
            "net_income": -33286,
            "net_income_4q": null,
            "revenue": 550091,
            "revenue_4q": null,
            "common_shares": 641730,
            "book_valuer_per_share": 44.51,
            "book_valuer_per_share_4q_avg": 39.97,
            "equity": 2806875,
            "current_ratio": 251.02,
            "debt_ratio": 34.17,
            "inventory_turnover_ratio": 0.85,
            "account_receivable_turnover_ratio": 0.6,
            "reinvestment_rate": -23.68,
            "research_to_sale_ratio": 13.97,
            "price_fair": 121.8,
            "eps_avg_yearly": 3.48,
            "eps_latest_yearly": 0.64,
            "eps_growth_yearly": 211.91
        },
        "20191": {
            "year_quarter": 20191,
            "year": 2019,
            "quarter": 1,
            "eps": -0.36,
            "eps_growth_year": null,
            "eps_4q": -0.78,
            "eps_4q_growth_year": -271.86,
            "roe": -0.8,
            "roe_4q": -1.77,
            "gross_profit": 88588,
            "gross_margin": 25.22,
            "gross_margin_4q_avg": 23.3,
            "net_income": -22590,
            "net_income_4q": null,
            "revenue": 351263,
            "revenue_4q": null,
            "common_shares": 641730,
            "book_valuer_per_share": 44.79,
            "book_valuer_per_share_4q_avg": 42.28,
            "equity": 2821804,
            "current_ratio": 268.86,
            "debt_ratio": 31.9,
            "inventory_turnover_ratio": 0.44,
            "account_receivable_turnover_ratio": 0.41,
            "reinvestment_rate": -53.15,
            "research_to_sale_ratio": 15.09,
            "price_fair": 121.8,
            "eps_avg_yearly": 3.48,
            "eps_latest_yearly": 0.64,
            "eps_growth_yearly": 211.91
        },
        "20192": {
            "year_quarter": 20192,
            "year": 2019,
            "quarter": 2,
            "eps": -2.41,
            "eps_growth_year": null,
            "eps_4q": -3.11,
            "eps_4q_growth_year": null,
            "roe": -5.54,
            "roe_4q": -7.159999999999999,
            "gross_profit": 19699,
            "gross_margin": 4.62,
            "gross_margin_4q_avg": 17.74,
            "net_income": -151594,
            "net_income_4q": null,
            "revenue": 426796,
            "revenue_4q": null,
            "common_shares": 641730,
            "book_valuer_per_share": 42.1,
            "book_valuer_per_share_4q_avg": 44.08,
            "equity": 2652427,
            "current_ratio": 243.62,
            "debt_ratio": 31.57,
            "inventory_turnover_ratio": 0.66,
            "account_receivable_turnover_ratio": 0.55,
            "reinvestment_rate": -6.91,
            "research_to_sale_ratio": 14.51,
            "price_fair": 121.8,
            "eps_avg_yearly": 3.48,
            "eps_latest_yearly": 0.64,
            "eps_growth_yearly": 211.91
        },
        "20193": {
            "year_quarter": 20193,
            "year": 2019,
            "quarter": 3,
            "eps": -1.95,
            "eps_growth_year": -1492.86,
            "eps_4q": -5.24,
            "eps_4q_growth_year": null,
            "roe": -4.77,
            "roe_4q": -12.29,
            "gross_profit": 58976,
            "gross_margin": 18.01,
            "gross_margin_4q_avg": 15.81,
            "net_income": -123016,
            "net_income_4q": null,
            "revenue": 327401,
            "revenue_4q": null,
            "common_shares": 641730,
            "book_valuer_per_share": 39.83,
            "book_valuer_per_share_4q_avg": 42.81,
            "equity": 2509583,
            "current_ratio": 252.94,
            "debt_ratio": 30.46,
            "inventory_turnover_ratio": 0.47,
            "account_receivable_turnover_ratio": 0.48,
            "reinvestment_rate": null,
            "research_to_sale_ratio": 22.62,
            "price_fair": 76.77,
            "eps_avg_yearly": 2.19,
            "eps_latest_yearly": 0.64,
            "eps_growth_yearly": 172.48
        },
        "20194": {
            "year_quarter": 20194,
            "year": 2019,
            "quarter": 4,
            "eps": -2.18,
            "eps_growth_year": null,
            "eps_4q": -6.89,
            "eps_4q_growth_year": null,
            "roe": -5.63,
            "roe_4q": -16.74,
            "gross_profit": 40183,
            "gross_margin": 10.84,
            "gross_margin_4q_avg": 14.67,
            "net_income": -137111,
            "net_income_4q": null,
            "revenue": 370817,
            "revenue_4q": null,
            "common_shares": 641730,
            "book_valuer_per_share": 37.46,
            "book_valuer_per_share_4q_avg": 41.05,
            "equity": 2360193,
            "current_ratio": 235.61,
            "debt_ratio": 33.66,
            "inventory_turnover_ratio": 0.59,
            "account_receivable_turnover_ratio": 0.58,
            "reinvestment_rate": null,
            "research_to_sale_ratio": 18.07,
            "price_fair": 58.24,
            "eps_avg_yearly": 1.66,
            "eps_latest_yearly": 0.64,
            "eps_growth_yearly": 252.41
        },
        "20201": {
            "year_quarter": 20201,
            "year": 2020,
            "quarter": 1,
            "eps": -0.53,
            "eps_growth_year": null,
            "eps_4q": -7.14,
            "eps_4q_growth_year": null,
            "roe": -1.45,
            "roe_4q": -17.39,
            "gross_profit": 79215,
            "gross_margin": 26,
            "gross_margin_4q_avg": 14.87,
            "net_income": -33620,
            "net_income_4q": null,
            "revenue": 304732,
            "revenue_4q": null,
            "common_shares": 641730,
            "book_valuer_per_share": 36.54,
            "book_valuer_per_share_4q_avg": 38.98,
            "equity": 2280292,
            "current_ratio": 229.48,
            "debt_ratio": 34.29,
            "inventory_turnover_ratio": 0.38,
            "account_receivable_turnover_ratio": 0.42,
            "reinvestment_rate": null,
            "research_to_sale_ratio": 14.88,
            "price_fair": 30.1,
            "eps_avg_yearly": 0.86,
            "eps_latest_yearly": 0.64,
            "eps_growth_yearly": 314.68
        },
        "20202": {
            "year_quarter": 20202,
            "year": 2020,
            "quarter": 2,
            "eps": 1.19,
            "eps_growth_year": null,
            "eps_4q": -3.52,
            "eps_4q_growth_year": null,
            "roe": 3.18,
            "roe_4q": -8.669999999999998,
            "gross_profit": 202921,
            "gross_margin": 30.82,
            "gross_margin_4q_avg": 21.42,
            "net_income": 73622,
            "net_income_4q": null,
            "revenue": 658377,
            "revenue_4q": null,
            "common_shares": 641730,
            "book_valuer_per_share": 37.77,
            "book_valuer_per_share_4q_avg": 37.9,
            "equity": 2357181,
            "current_ratio": 233.34,
            "debt_ratio": 33.65,
            "inventory_turnover_ratio": 0.81,
            "account_receivable_turnover_ratio": 0.84,
            "reinvestment_rate": null,
            "research_to_sale_ratio": 7.94,
            "price_fair": 38.27,
            "eps_avg_yearly": 1.09,
            "eps_latest_yearly": 0.64,
            "eps_growth_yearly": 548.54
        },
        "20203": {
            "year_quarter": 20203,
            "year": 2020,
            "quarter": 3,
            "eps": -0.54,
            "eps_growth_year": null,
            "eps_4q": -2.12,
            "eps_4q_growth_year": null,
            "roe": -1.46,
            "roe_4q": -5.359999999999999,
            "gross_profit": 167800,
            "gross_margin": 39.08,
            "gross_margin_4q_avg": 26.69,
            "net_income": -34058,
            "net_income_4q": null,
            "revenue": 429414,
            "revenue_4q": null,
            "common_shares": 641730,
            "book_valuer_per_share": 37.31,
            "book_valuer_per_share_4q_avg": 37.27,
            "equity": 2300343,
            "current_ratio": 236.98,
            "debt_ratio": 33.75,
            "inventory_turnover_ratio": 0.54,
            "account_receivable_turnover_ratio": 0.55,
            "reinvestment_rate": null,
            "research_to_sale_ratio": 13.84,
            "price_fair": 38.27,
            "eps_avg_yearly": 1.09,
            "eps_latest_yearly": 0.64,
            "eps_growth_yearly": 548.54
        },
        "20204": {
            "year_quarter": 20204,
            "year": 2020,
            "quarter": 4,
            "eps": -0.69,
            "eps_growth_year": null,
            "eps_4q": -0.59,
            "eps_4q_growth_year": null,
            "roe": -1.85,
            "roe_4q": -1.5799999999999998,
            "gross_profit": 113543,
            "gross_margin": 22.08,
            "gross_margin_4q_avg": 29.5,
            "net_income": -42386,
            "net_income_4q": null,
            "revenue": 514284,
            "revenue_4q": null,
            "common_shares": 641730,
            "book_valuer_per_share": 37,
            "book_valuer_per_share_4q_avg": 37.16,
            "equity": 2271690,
            "current_ratio": 213.51,
            "debt_ratio": 36.67,
            "inventory_turnover_ratio": 0.82,
            "account_receivable_turnover_ratio": 0.77,
            "reinvestment_rate": null,
            "research_to_sale_ratio": 12.78,
            "price_fair": 38.27,
            "eps_avg_yearly": 1.09,
            "eps_latest_yearly": 0.64,
            "eps_growth_yearly": 548.54
        },
        "20211": {
            "year_quarter": 20211,
            "year": 2021,
            "quarter": 1,
            "eps": 0.5,
            "eps_growth_year": null,
            "eps_4q": 0.46,
            "eps_4q_growth_year": null,
            "roe": 1.32,
            "roe_4q": 1.1900000000000002,
            "gross_profit": 151914,
            "gross_margin": 38.48,
            "gross_margin_4q_avg": 32.62,
            "net_income": 30290,
            "net_income_4q": null,
            "revenue": 394791,
            "revenue_4q": null,
            "common_shares": 634730,
            "book_valuer_per_share": 37.72,
            "book_valuer_per_share_4q_avg": 37.45,
            "equity": 2315726,
            "current_ratio": 225.01,
            "debt_ratio": 36.82,
            "inventory_turnover_ratio": 0.45,
            "account_receivable_turnover_ratio": 0.81,
            "reinvestment_rate": null,
            "research_to_sale_ratio": 12.29,
            "price_fair": 51.1,
            "eps_avg_yearly": 1.46,
            "eps_latest_yearly": 0.64,
            "eps_growth_yearly": 922.81
        },
        "20212": {
            "year_quarter": 20212,
            "year": 2021,
            "quarter": 2,
            "eps": 0.93,
            "eps_growth_year": -21.85,
            "eps_4q": 0.18,
            "eps_4q_growth_year": null,
            "roe": 2.43,
            "roe_4q": 0.43999999999999995,
            "gross_profit": 155159,
            "gross_margin": 31.81,
            "gross_margin_4q_avg": 32.86,
            "net_income": 57042,
            "net_income_4q": null,
            "revenue": 487727,
            "revenue_4q": null,
            "common_shares": 634730,
            "book_valuer_per_share": 38.75,
            "book_valuer_per_share_4q_avg": 37.7,
            "equity": 2379017,
            "current_ratio": 222.35,
            "debt_ratio": 36.25,
            "inventory_turnover_ratio": 0.55,
            "account_receivable_turnover_ratio": 1.17,
            "reinvestment_rate": null,
            "research_to_sale_ratio": 11.97,
            "price_fair": 76.3,
            "eps_avg_yearly": 2.18,
            "eps_latest_yearly": 3.72,
            "eps_growth_yearly": 28.14
        },
        "20213": {
            "year_quarter": 20213,
            "year": 2021,
            "quarter": 3,
            "eps": -0.73,
            "eps_growth_year": null,
            "eps_4q": 0,
            "eps_4q_growth_year": null,
            "roe": -1.92,
            "roe_4q": -0.019999999999999796,
            "gross_profit": 68437,
            "gross_margin": 30.99,
            "gross_margin_4q_avg": 30.84,
            "net_income": -45139,
            "net_income_4q": null,
            "revenue": 220840,
            "revenue_4q": null,
            "common_shares": 634730,
            "book_valuer_per_share": 37.8,
            "book_valuer_per_share_4q_avg": 37.82,
            "equity": 2320625,
            "current_ratio": 208.28,
            "debt_ratio": 38.41,
            "inventory_turnover_ratio": 0.21,
            "account_receivable_turnover_ratio": 0.56,
            "reinvestment_rate": null,
            "research_to_sale_ratio": 26.47,
            "price_fair": 130.2,
            "eps_avg_yearly": 3.72,
            "eps_latest_yearly": 3.72,
            "eps_growth_yearly": 344
        },
        "20214": {
            "year_quarter": 20214,
            "year": 2021,
            "quarter": 4,
            "eps": -0.43,
            "eps_growth_year": null,
            "eps_4q": 0.27,
            "eps_4q_growth_year": null,
            "roe": -1.14,
            "roe_4q": 0.6900000000000006,
            "gross_profit": 126939,
            "gross_margin": 34.96,
            "gross_margin_4q_avg": 34.06,
            "net_income": -26405,
            "net_income_4q": null,
            "revenue": 363123,
            "revenue_4q": null,
            "common_shares": 634730,
            "book_valuer_per_share": 37.63,
            "book_valuer_per_share_4q_avg": 37.98,
            "equity": 2309722,
            "current_ratio": 209.92,
            "debt_ratio": 41.82,
            "inventory_turnover_ratio": 0.26,
            "account_receivable_turnover_ratio": 1.17,
            "reinvestment_rate": null,
            "research_to_sale_ratio": 14.94,
            "price_fair": 130.2,
            "eps_avg_yearly": 3.72,
            "eps_latest_yearly": 3.72,
            "eps_growth_yearly": 344
        },
        "20221": {
            "year_quarter": 20221,
            "year": 2022,
            "quarter": 1,
            "eps": -0.02,
            "eps_growth_year": -104,
            "eps_4q": -0.25,
            "eps_4q_growth_year": -155.05,
            "roe": -0.07,
            "roe_4q": -0.6999999999999997,
            "gross_profit": 126414,
            "gross_margin": 44.28,
            "gross_margin_4q_avg": 35.51,
            "net_income": -1614,
            "net_income_4q": null,
            "revenue": 285471,
            "revenue_4q": null,
            "common_shares": 628730,
            "book_valuer_per_share": 37.98,
            "book_valuer_per_share_4q_avg": 38.04,
            "equity": 2330721,
            "current_ratio": 191.86,
            "debt_ratio": 45.46,
            "inventory_turnover_ratio": 0.14,
            "account_receivable_turnover_ratio": 1.03,
            "reinvestment_rate": null,
            "research_to_sale_ratio": 19.5,
            "price_fair": 130.2,
            "eps_avg_yearly": 3.72,
            "eps_latest_yearly": 3.72,
            "eps_growth_yearly": 344
        },
        "20222": {
            "year_quarter": 20222,
            "year": 2022,
            "quarter": 2,
            "eps": -1.3,
            "eps_growth_year": -239.78,
            "eps_4q": -2.48,
            "eps_4q_growth_year": -1445.9,
            "roe": -3.51,
            "roe_4q": -6.64,
            "gross_profit": 33541,
            "gross_margin": 19.97,
            "gross_margin_4q_avg": 32.55,
            "net_income": -79730,
            "net_income_4q": null,
            "revenue": 167930,
            "revenue_4q": null,
            "common_shares": 628730,
            "book_valuer_per_share": 35.99,
            "book_valuer_per_share_4q_avg": 37.35,
            "equity": 2209060,
            "current_ratio": 185.86,
            "debt_ratio": 46.39,
            "inventory_turnover_ratio": 0.11,
            "account_receivable_turnover_ratio": 0.67,
            "reinvestment_rate": null,
            "research_to_sale_ratio": 33.25,
            "price_fair": 130.2,
            "eps_avg_yearly": 3.72,
            "eps_latest_yearly": 3.72,
            "eps_growth_yearly": 344
        },
        "20223": {
            "year_quarter": 20223,
            "year": 2022,
            "quarter": 3,
            "eps": 1.75,
            "eps_growth_year": null,
            "eps_4q": 0,
            "eps_4q_growth_year": -76.78,
            "roe": 4.73,
            "roe_4q": 0.010000000000000675,
            "gross_profit": 167144,
            "gross_margin": 35.6,
            "gross_margin_4q_avg": 33.7,
            "net_income": 107058,
            "net_income_4q": null,
            "revenue": 469466,
            "revenue_4q": null,
            "common_shares": 628730,
            "book_valuer_per_share": 37.79,
            "book_valuer_per_share_4q_avg": 37.35,
            "equity": 2319042,
            "current_ratio": 202.65,
            "debt_ratio": 43.1,
            "inventory_turnover_ratio": 0.24,
            "account_receivable_turnover_ratio": 1.91,
            "reinvestment_rate": null,
            "research_to_sale_ratio": 12.22,
            "price_fair": 130.2,
            "eps_avg_yearly": 3.72,
            "eps_latest_yearly": 3.72,
            "eps_growth_yearly": 344
        },
        "20224": {
            "year_quarter": 20224,
            "year": 2022,
            "quarter": 4,
            "eps": 1.26,
            "eps_growth_year": null,
            "eps_4q": 1.7,
            "eps_4q_growth_year": 528.98,
            "roe": 3.24,
            "roe_4q": 4.390000000000001,
            "gross_profit": 118923,
            "gross_margin": 14.54,
            "gross_margin_4q_avg": 28.6,
            "net_income": 76180,
            "net_income_4q": null,
            "revenue": 817942,
            "revenue_4q": null,
            "common_shares": 628730,
            "book_valuer_per_share": 39.4,
            "book_valuer_per_share_4q_avg": 37.79,
            "equity": 2383717,
            "current_ratio": 235.02,
            "debt_ratio": 37.66,
            "inventory_turnover_ratio": 0.7,
            "account_receivable_turnover_ratio": 2.53,
            "reinvestment_rate": null,
            "research_to_sale_ratio": 9.07,
            "price_fair": 153.3,
            "eps_avg_yearly": 4.38,
            "eps_latest_yearly": 5.04,
            "eps_growth_yearly": 116
        },
        "20231": {
            "year_quarter": 20231,
            "year": 2023,
            "quarter": 1,
            "eps": -0.33,
            "eps_growth_year": null,
            "eps_4q": 1.39,
            "eps_4q_growth_year": null,
            "roe": -0.81,
            "roe_4q": 3.6500000000000004,
            "gross_profit": 100411,
            "gross_margin": 33.36,
            "gross_margin_4q_avg": 25.87,
            "net_income": -20107,
            "net_income_4q": null,
            "revenue": 300994,
            "revenue_4q": null,
            "common_shares": 628730,
            "book_valuer_per_share": 42.82,
            "book_valuer_per_share_4q_avg": 39,
            "equity": 2589681,
            "current_ratio": 245.8,
            "debt_ratio": 33.11,
            "inventory_turnover_ratio": 0.27,
            "account_receivable_turnover_ratio": 0.86,
            "reinvestment_rate": null,
            "research_to_sale_ratio": 22.24,
            "price_fair": 153.3,
            "eps_avg_yearly": 4.38,
            "eps_latest_yearly": 5.04,
            "eps_growth_yearly": 116
        },
        "20232": {
            "year_quarter": 20232,
            "year": 2023,
            "quarter": 2,
            "eps": -1.47,
            "eps_growth_year": null,
            "eps_4q": 1.24,
            "eps_4q_growth_year": null,
            "roe": -3.6,
            "roe_4q": 3.5600000000000005,
            "gross_profit": 33599,
            "gross_margin": 8.58,
            "gross_margin_4q_avg": 23.02,
            "net_income": -89034,
            "net_income_4q": null,
            "revenue": 391555,
            "revenue_4q": null,
            "common_shares": 628730,
            "book_valuer_per_share": 39.01,
            "book_valuer_per_share_4q_avg": 39.76,
            "equity": 2359397,
            "current_ratio": 277.2,
            "debt_ratio": 31.62,
            "inventory_turnover_ratio": 0.62,
            "account_receivable_turnover_ratio": 1.4,
            "reinvestment_rate": null,
            "research_to_sale_ratio": 15.16,
            "price_fair": 153.3,
            "eps_avg_yearly": 4.38,
            "eps_latest_yearly": 5.04,
            "eps_growth_yearly": 116
        },
        "20233": {
            "year_quarter": 20233,
            "year": 2023,
            "quarter": 3,
            "eps": 1.03,
            "eps_growth_year": -41.14,
            "eps_4q": 0.49,
            "eps_4q_growth_year": 57588.81,
            "roe": 2.57,
            "roe_4q": 1.4,
            "gross_profit": 170349,
            "gross_margin": 39.13,
            "gross_margin_4q_avg": 23.9,
            "net_income": 61808,
            "net_income_4q": null,
            "revenue": 435378,
            "revenue_4q": null,
            "common_shares": 628730,
            "book_valuer_per_share": 40.62,
            "book_valuer_per_share_4q_avg": 40.46,
            "equity": 2456484,
            "current_ratio": 381.28,
            "debt_ratio": 24.08,
            "inventory_turnover_ratio": 0.74,
            "account_receivable_turnover_ratio": 1.52,
            "reinvestment_rate": null,
            "research_to_sale_ratio": 13.34,
            "price_fair": 153.3,
            "eps_avg_yearly": 4.38,
            "eps_latest_yearly": 5.04,
            "eps_growth_yearly": 116
        }
    },
    "months": {
        "2006-02": {
            "month": "2006-02",
            "price": "72.75",
            "revenue": 127418
        },
        "2006-03": {
            "month": "2006-03",
            "price": "71.24",
            "revenue": 102640
        },
        "2006-04": {
            "month": "2006-04",
            "price": "83.60",
            "revenue": 84555
        },
        "2006-05": {
            "month": "2006-05",
            "price": "88.85",
            "revenue": 151828
        },
        "2006-06": {
            "month": "2006-06",
            "price": "86.38",
            "revenue": 161892
        },
        "2006-07": {
            "month": "2006-07",
            "price": "84.83",
            "revenue": 271184
        },
        "2006-08": {
            "month": "2006-08",
            "price": "87.99",
            "revenue": 160927
        },
        "2006-09": {
            "month": "2006-09",
            "price": "84.99",
            "revenue": 96248
        },
        "2006-10": {
            "month": "2006-10",
            "price": "86.57",
            "revenue": 137352
        },
        "2006-11": {
            "month": "2006-11",
            "price": "87.57",
            "revenue": 217456
        },
        "2006-12": {
            "month": "2006-12",
            "price": "84.54",
            "revenue": 71505
        },
        "2007-01": {
            "month": "2007-01",
            "price": "83.14",
            "revenue": 154463
        },
        "2007-02": {
            "month": "2007-02",
            "price": "81.27",
            "revenue": 146099
        },
        "2007-03": {
            "month": "2007-03",
            "price": "82.36",
            "revenue": 221957
        },
        "2007-04": {
            "month": "2007-04",
            "price": "84.98",
            "revenue": 140876
        },
        "2007-05": {
            "month": "2007-05",
            "price": "93.80",
            "revenue": 187446
        },
        "2007-06": {
            "month": "2007-06",
            "price": "118.23",
            "revenue": 197801
        },
        "2007-07": {
            "month": "2007-07",
            "price": "117.30",
            "revenue": 188028
        },
        "2007-08": {
            "month": "2007-08",
            "price": "115.59",
            "revenue": 244748
        },
        "2007-09": {
            "month": "2007-09",
            "price": "78.28",
            "revenue": 223202
        },
        "2007-10": {
            "month": "2007-10",
            "price": "80.37",
            "revenue": 175922
        },
        "2007-11": {
            "month": "2007-11",
            "price": "73.03",
            "revenue": 192135
        },
        "2007-12": {
            "month": "2007-12",
            "price": "66.48",
            "revenue": 167197
        },
        "2008-01": {
            "month": "2008-01",
            "price": "66.21",
            "revenue": 155316
        },
        "2008-02": {
            "month": "2008-02",
            "price": "62.56",
            "revenue": 71410
        },
        "2008-03": {
            "month": "2008-03",
            "price": "62.86",
            "revenue": 198382
        },
        "2008-04": {
            "month": "2008-04",
            "price": "62.63",
            "revenue": 82882
        },
        "2008-05": {
            "month": "2008-05",
            "price": "54.81",
            "revenue": 59415
        },
        "2008-06": {
            "month": "2008-06",
            "price": "46.35",
            "revenue": 135268
        },
        "2008-07": {
            "month": "2008-07",
            "price": "36.33",
            "revenue": 106323
        },
        "2008-08": {
            "month": "2008-08",
            "price": "30.91",
            "revenue": 102182
        },
        "2008-09": {
            "month": "2008-09",
            "price": "22.89",
            "revenue": 86272
        },
        "2008-10": {
            "month": "2008-10",
            "price": "19.44",
            "revenue": 206378
        },
        "2008-11": {
            "month": "2008-11",
            "price": "15.74",
            "revenue": 244743
        },
        "2008-12": {
            "month": "2008-12",
            "price": "14.49",
            "revenue": 183908
        },
        "2009-01": {
            "month": "2009-01",
            "price": "13.71",
            "revenue": 94079
        },
        "2009-02": {
            "month": "2009-02",
            "price": "14.75",
            "revenue": 102024
        },
        "2009-03": {
            "month": "2009-03",
            "price": "21.22",
            "revenue": 112844
        },
        "2009-04": {
            "month": "2009-04",
            "price": "25.68",
            "revenue": 117867
        },
        "2009-05": {
            "month": "2009-05",
            "price": "30.92",
            "revenue": 129978
        },
        "2009-06": {
            "month": "2009-06",
            "price": "36.67",
            "revenue": 132493
        },
        "2009-07": {
            "month": "2009-07",
            "price": "37.48",
            "revenue": 130596
        },
        "2009-08": {
            "month": "2009-08",
            "price": "35.19",
            "revenue": 108600
        },
        "2009-09": {
            "month": "2009-09",
            "price": "37.44",
            "revenue": 136216
        },
        "2009-10": {
            "month": "2009-10",
            "price": "41.38",
            "revenue": 165856
        },
        "2009-11": {
            "month": "2009-11",
            "price": "39.36",
            "revenue": 131362
        },
        "2009-12": {
            "month": "2009-12",
            "price": "39.65",
            "revenue": 127361
        },
        "2010-01": {
            "month": "2010-01",
            "price": "36.66",
            "revenue": 107191
        },
        "2010-02": {
            "month": "2010-02",
            "price": "29.45",
            "revenue": 63607
        },
        "2010-03": {
            "month": "2010-03",
            "price": "31.88",
            "revenue": 132506
        },
        "2010-04": {
            "month": "2010-04",
            "price": "33.33",
            "revenue": 139803
        },
        "2010-05": {
            "month": "2010-05",
            "price": "29.75",
            "revenue": 131289
        },
        "2010-06": {
            "month": "2010-06",
            "price": "27.41",
            "revenue": 136787
        },
        "2010-07": {
            "month": "2010-07",
            "price": "27.58",
            "revenue": 89603
        },
        "2010-08": {
            "month": "2010-08",
            "price": "28.29",
            "revenue": 132425
        },
        "2010-09": {
            "month": "2010-09",
            "price": "25.02",
            "revenue": 190634
        },
        "2010-10": {
            "month": "2010-10",
            "price": "23.42",
            "revenue": 248775
        },
        "2010-11": {
            "month": "2010-11",
            "price": "21.67",
            "revenue": 178851
        },
        "2010-12": {
            "month": "2010-12",
            "price": "23.39",
            "revenue": 519655
        },
        "2011-01": {
            "month": "2011-01",
            "price": "22.61",
            "revenue": 195359
        },
        "2011-02": {
            "month": "2011-02",
            "price": "26.61",
            "revenue": 72456
        },
        "2011-03": {
            "month": "2011-03",
            "price": "28.78",
            "revenue": 86936
        },
        "2011-04": {
            "month": "2011-04",
            "price": "26.42",
            "revenue": 110508
        },
        "2011-05": {
            "month": "2011-05",
            "price": "22.69",
            "revenue": 171211
        },
        "2011-06": {
            "month": "2011-06",
            "price": "22.38",
            "revenue": 214228
        },
        "2011-07": {
            "month": "2011-07",
            "price": "20.85",
            "revenue": 177368
        },
        "2011-08": {
            "month": "2011-08",
            "price": "16.44",
            "revenue": 103462
        },
        "2011-09": {
            "month": "2011-09",
            "price": "13.96",
            "revenue": 197884
        },
        "2011-10": {
            "month": "2011-10",
            "price": "12.76",
            "revenue": 125123
        },
        "2011-11": {
            "month": "2011-11",
            "price": "12.78",
            "revenue": 204365
        },
        "2011-12": {
            "month": "2011-12",
            "price": "11.47",
            "revenue": 256189
        },
        "2012-01": {
            "month": "2012-01",
            "price": "12.09",
            "revenue": 32051
        },
        "2012-02": {
            "month": "2012-02",
            "price": "15.88",
            "revenue": 74157
        },
        "2012-03": {
            "month": "2012-03",
            "price": "16.04",
            "revenue": 107329
        },
        "2012-04": {
            "month": "2012-04",
            "price": "15.44",
            "revenue": 126469
        },
        "2012-05": {
            "month": "2012-05",
            "price": "14.41",
            "revenue": 101377
        },
        "2012-06": {
            "month": "2012-06",
            "price": "14.09",
            "revenue": 149187
        },
        "2012-07": {
            "month": "2012-07",
            "price": "13.62",
            "revenue": 122289
        },
        "2012-08": {
            "month": "2012-08",
            "price": "13.67",
            "revenue": 64010
        },
        "2012-09": {
            "month": "2012-09",
            "price": "17.85",
            "revenue": 200308
        },
        "2012-10": {
            "month": "2012-10",
            "price": "25.08",
            "revenue": 204339
        },
        "2012-11": {
            "month": "2012-11",
            "price": "23.61",
            "revenue": 349751
        },
        "2012-12": {
            "month": "2012-12",
            "price": "26.30",
            "revenue": 622213
        },
        "2013-01": {
            "month": "2013-01",
            "price": "29.48",
            "revenue": 334335
        },
        "2013-02": {
            "month": "2013-02",
            "price": "30.08",
            "revenue": 344446
        },
        "2013-03": {
            "month": "2013-03",
            "price": "52.68",
            "revenue": 161292
        },
        "2013-04": {
            "month": "2013-04",
            "price": "67.64",
            "revenue": 312057
        },
        "2013-05": {
            "month": "2013-05",
            "price": "73.96",
            "revenue": 273317
        },
        "2013-06": {
            "month": "2013-06",
            "price": "84.36",
            "revenue": 388656
        },
        "2013-07": {
            "month": "2013-07",
            "price": "87.80",
            "revenue": 239020
        },
        "2013-08": {
            "month": "2013-08",
            "price": "81.27",
            "revenue": 310026
        },
        "2013-09": {
            "month": "2013-09",
            "price": "79.86",
            "revenue": 253433
        },
        "2013-10": {
            "month": "2013-10",
            "price": "78.21",
            "revenue": 267434
        },
        "2013-11": {
            "month": "2013-11",
            "price": "73.67",
            "revenue": 261292
        },
        "2013-12": {
            "month": "2013-12",
            "price": "111.05",
            "revenue": 254800
        },
        "2014-01": {
            "month": "2014-01",
            "price": "117.69",
            "revenue": 199025
        },
        "2014-02": {
            "month": "2014-02",
            "price": "138.74",
            "revenue": 135031
        },
        "2014-03": {
            "month": "2014-03",
            "price": "128.74",
            "revenue": 153312
        },
        "2014-04": {
            "month": "2014-04",
            "price": "112.04",
            "revenue": 150539
        },
        "2014-05": {
            "month": "2014-05",
            "price": "97.89",
            "revenue": 101140
        },
        "2014-06": {
            "month": "2014-06",
            "price": "114.78",
            "revenue": 134257
        },
        "2014-07": {
            "month": "2014-07",
            "price": "105.53",
            "revenue": 228615
        },
        "2014-08": {
            "month": "2014-08",
            "price": "89.70",
            "revenue": 266430
        },
        "2014-09": {
            "month": "2014-09",
            "price": "86.11",
            "revenue": 219125
        },
        "2014-10": {
            "month": "2014-10",
            "price": "62.70",
            "revenue": 339654
        },
        "2014-11": {
            "month": "2014-11",
            "price": "59.28",
            "revenue": 282788
        },
        "2014-12": {
            "month": "2014-12",
            "price": "67.05",
            "revenue": 323872
        },
        "2015-01": {
            "month": "2015-01",
            "price": "66.76",
            "revenue": 151466
        },
        "2015-02": {
            "month": "2015-02",
            "price": "62.48",
            "revenue": 91615
        },
        "2015-03": {
            "month": "2015-03",
            "price": "65.08",
            "revenue": 144552
        },
        "2015-04": {
            "month": "2015-04",
            "price": "70.96",
            "revenue": 275775
        },
        "2015-05": {
            "month": "2015-05",
            "price": "70.75",
            "revenue": 308617
        },
        "2015-06": {
            "month": "2015-06",
            "price": "85.65",
            "revenue": 249493
        },
        "2015-07": {
            "month": "2015-07",
            "price": "71.66",
            "revenue": 297126
        },
        "2015-08": {
            "month": "2015-08",
            "price": "55.57",
            "revenue": 368047
        },
        "2015-09": {
            "month": "2015-09",
            "price": "58.15",
            "revenue": 350354
        },
        "2015-10": {
            "month": "2015-10",
            "price": "70.56",
            "revenue": 326548
        },
        "2015-11": {
            "month": "2015-11",
            "price": "73.05",
            "revenue": 279457
        },
        "2015-12": {
            "month": "2015-12",
            "price": "63.05",
            "revenue": 336549
        },
        "2016-01": {
            "month": "2016-01",
            "price": "54.00",
            "revenue": 391610
        },
        "2016-02": {
            "month": "2016-02",
            "price": "62.99",
            "revenue": 127468
        },
        "2016-03": {
            "month": "2016-03",
            "price": "66.62",
            "revenue": 186127
        },
        "2016-04": {
            "month": "2016-04",
            "price": "60.85",
            "revenue": 180999
        },
        "2016-05": {
            "month": "2016-05",
            "price": "52.58",
            "revenue": 128477
        },
        "2016-06": {
            "month": "2016-06",
            "price": "53.03",
            "revenue": 84806
        },
        "2016-07": {
            "month": "2016-07",
            "price": "52.30",
            "revenue": 114223
        },
        "2016-08": {
            "month": "2016-08",
            "price": "54.45",
            "revenue": 72500
        },
        "2016-09": {
            "month": "2016-09",
            "price": "48.66",
            "revenue": 76634
        },
        "2016-10": {
            "month": "2016-10",
            "price": "43.91",
            "revenue": 92914
        },
        "2016-11": {
            "month": "2016-11",
            "price": "43.25",
            "revenue": 147846
        },
        "2016-12": {
            "month": "2016-12",
            "price": "48.74",
            "revenue": 160266
        },
        "2017-01": {
            "month": "2017-01",
            "price": "54.24",
            "revenue": 166206
        },
        "2017-02": {
            "month": "2017-02",
            "price": "56.21",
            "revenue": 108565
        },
        "2017-03": {
            "month": "2017-03",
            "price": "59.53",
            "revenue": 140665
        },
        "2017-04": {
            "month": "2017-04",
            "price": "52.56",
            "revenue": 127938
        },
        "2017-05": {
            "month": "2017-05",
            "price": "52.36",
            "revenue": 149589
        },
        "2017-06": {
            "month": "2017-06",
            "price": "51.65",
            "revenue": 219349
        },
        "2017-07": {
            "month": "2017-07",
            "price": "53.77",
            "revenue": 130238
        },
        "2017-08": {
            "month": "2017-08",
            "price": "58.04",
            "revenue": 139983
        },
        "2017-09": {
            "month": "2017-09",
            "price": "57.78",
            "revenue": 159576
        },
        "2017-10": {
            "month": "2017-10",
            "price": "55.55",
            "revenue": 151427
        },
        "2017-11": {
            "month": "2017-11",
            "price": "53.46",
            "revenue": 212000
        },
        "2017-12": {
            "month": "2017-12",
            "price": "50.77",
            "revenue": 214294
        },
        "2018-01": {
            "month": "2018-01",
            "price": "52.85",
            "revenue": 129475
        },
        "2018-02": {
            "month": "2018-02",
            "price": "48.29",
            "revenue": 144732
        },
        "2018-03": {
            "month": "2018-03",
            "price": "46.40",
            "revenue": 170087
        },
        "2018-04": {
            "month": "2018-04",
            "price": "44.82",
            "revenue": 108773
        },
        "2018-05": {
            "month": "2018-05",
            "price": "41.87",
            "revenue": 101222
        },
        "2018-06": {
            "month": "2018-06",
            "price": "42.62",
            "revenue": 145522
        },
        "2018-07": {
            "month": "2018-07",
            "price": "39.48",
            "revenue": 169050
        },
        "2018-08": {
            "month": "2018-08",
            "price": "34.76",
            "revenue": 228952
        },
        "2018-09": {
            "month": "2018-09",
            "price": "31.46",
            "revenue": 160221
        },
        "2018-10": {
            "month": "2018-10",
            "price": "31.80",
            "revenue": 189878
        },
        "2018-11": {
            "month": "2018-11",
            "price": "32.02",
            "revenue": 182033
        },
        "2018-12": {
            "month": "2018-12",
            "price": "34.63",
            "revenue": 192415
        },
        "2019-01": {
            "month": "2019-01",
            "price": "34.28",
            "revenue": 156092
        },
        "2019-02": {
            "month": "2019-02",
            "price": "34.17",
            "revenue": 80399
        },
        "2019-03": {
            "month": "2019-03",
            "price": "32.24",
            "revenue": 115569
        },
        "2019-04": {
            "month": "2019-04",
            "price": "31.18",
            "revenue": 113430
        },
        "2019-05": {
            "month": "2019-05",
            "price": "29.44",
            "revenue": 132170
        },
        "2019-06": {
            "month": "2019-06",
            "price": "28.07",
            "revenue": 180665
        },
        "2019-07": {
            "month": "2019-07",
            "price": "29.65",
            "revenue": 134317
        },
        "2019-08": {
            "month": "2019-08",
            "price": "27.41",
            "revenue": 105711
        },
        "2019-09": {
            "month": "2019-09",
            "price": "26.07",
            "revenue": 87922
        },
        "2019-10": {
            "month": "2019-10",
            "price": "25.50",
            "revenue": 133850
        },
        "2019-11": {
            "month": "2019-11",
            "price": "24.35",
            "revenue": 96722
        },
        "2019-12": {
            "month": "2019-12",
            "price": "26.02",
            "revenue": 120620
        },
        "2020-01": {
            "month": "2020-01",
            "price": "25.99",
            "revenue": 62927
        },
        "2020-02": {
            "month": "2020-02",
            "price": "26.63",
            "revenue": 104988
        },
        "2020-03": {
            "month": "2020-03",
            "price": "22.32",
            "revenue": 135549
        },
        "2020-04": {
            "month": "2020-04",
            "price": "20.25",
            "revenue": 66038
        },
        "2020-05": {
            "month": "2020-05",
            "price": "21.88",
            "revenue": 389004
        },
        "2020-06": {
            "month": "2020-06",
            "price": "30.34",
            "revenue": 192972
        },
        "2020-07": {
            "month": "2020-07",
            "price": "37.21",
            "revenue": 114321
        },
        "2020-08": {
            "month": "2020-08",
            "price": "35.16",
            "revenue": 140960
        },
        "2020-09": {
            "month": "2020-09",
            "price": "39.87",
            "revenue": 183474
        },
        "2020-10": {
            "month": "2020-10",
            "price": "52.73",
            "revenue": 168237
        },
        "2020-11": {
            "month": "2020-11",
            "price": "48.56",
            "revenue": 178603
        },
        "2020-12": {
            "month": "2020-12",
            "price": "42.65",
            "revenue": 174069
        },
        "2021-01": {
            "month": "2021-01",
            "price": "43.80",
            "revenue": 130352
        },
        "2021-02": {
            "month": "2021-02",
            "price": "39.92",
            "revenue": 112054
        },
        "2021-03": {
            "month": "2021-03",
            "price": "42.46",
            "revenue": 163700
        },
        "2021-04": {
            "month": "2021-04",
            "price": "43.64",
            "revenue": 208296
        },
        "2021-05": {
            "month": "2021-05",
            "price": "36.00",
            "revenue": 173067
        },
        "2021-06": {
            "month": "2021-06",
            "price": "37.10",
            "revenue": 114189
        },
        "2021-07": {
            "month": "2021-07",
            "price": "38.88",
            "revenue": 74035
        },
        "2021-08": {
            "month": "2021-08",
            "price": "36.06",
            "revenue": 76658
        },
        "2021-09": {
            "month": "2021-09",
            "price": "35.38",
            "revenue": 70542
        },
        "2021-10": {
            "month": "2021-10",
            "price": "33.47",
            "revenue": 82777
        },
        "2021-11": {
            "month": "2021-11",
            "price": "33.65",
            "revenue": 145056
        },
        "2021-12": {
            "month": "2021-12",
            "price": "32.66",
            "revenue": 135071
        },
        "2022-01": {
            "month": "2022-01",
            "price": "32.35",
            "revenue": 157396
        },
        "2022-02": {
            "month": "2022-02",
            "price": "31.91",
            "revenue": 85060
        },
        "2022-03": {
            "month": "2022-03",
            "price": "29.97",
            "revenue": 43088
        },
        "2022-04": {
            "month": "2022-04",
            "price": "29.04",
            "revenue": 61094
        },
        "2022-05": {
            "month": "2022-05",
            "price": "26.76",
            "revenue": 50168
        },
        "2022-06": {
            "month": "2022-06",
            "price": "26.42",
            "revenue": 56303
        },
        "2022-07": {
            "month": "2022-07",
            "price": "23.68",
            "revenue": 183633
        },
        "2022-08": {
            "month": "2022-08",
            "price": "26.92",
            "revenue": 102143
        },
        "2022-09": {
            "month": "2022-09",
            "price": "26.15",
            "revenue": 183053
        },
        "2022-10": {
            "month": "2022-10",
            "price": "24.78",
            "revenue": 209570
        },
        "2022-11": {
            "month": "2022-11",
            "price": "28.97",
            "revenue": 289018
        },
        "2022-12": {
            "month": "2022-12",
            "price": "35.55",
            "revenue": 309149
        },
        "2023-01": {
            "month": "2023-01",
            "price": "37.67",
            "revenue": 86469
        },
        "2023-02": {
            "month": "2023-02",
            "price": "36.07",
            "revenue": 116533
        },
        "2023-03": {
            "month": "2023-03",
            "price": "36.31",
            "revenue": 98093
        },
        "2023-04": {
            "month": "2023-04",
            "price": "34.59",
            "revenue": 61574
        },
        "2023-05": {
            "month": "2023-05",
            "price": "33.55",
            "revenue": 225008
        },
        "2023-06": {
            "month": "2023-06",
            "price": "42.07",
            "revenue": 102534
        },
        "2023-07": {
            "month": "2023-07",
            "price": "40.00",
            "revenue": 264742
        },
        "2023-08": {
            "month": "2023-08",
            "price": "35.53",
            "revenue": 86276
        },
        "2023-09": {
            "month": "2023-09",
            "price": "33.94",
            "revenue": 83999
        },
        "2023-10": {
            "month": "2023-10",
            "price": "31.19",
            "revenue": 23141
        },
        "2023-11": {
            "month": "2023-11",
            "price": "30.15",
            "revenue": 17086
        },
        "2023-12": {
            "month": "2023-12",
            "price": "30.10",
            "revenue": 29838
        }
    }
}
