{
    "summary": {
        "stock_name": "環天科",
        "stock_id": "3499",
        "category": "通信網路",
        "main_business": "衛星導航定位系統及IOT應用產品之設計、生產及銷售",
        "website_url": "http://www.globalsat.com.tw",
        "ceo": "陳文賢",
        "pe_ratio": -31,
        "report_year_from": 2005,
        "report_year_to": 2023,
        "age": 18,
        "eps_negative_percentage": 47,
        "eps_growth_avg": {
            "last_all": -26.82,
            "last_2y": -100,
            "last_4y": 8.89,
            "last_8y": 5.96,
            "last_12y": -3.82,
            "last_16y": -26.82,
            "last_20y": null,
            "at_2006_last_3y": null,
            "at_2007_last_3y": null,
            "at_2008_last_3y": null,
            "at_2009_last_3y": -80.5,
            "at_2010_last_3y": -46.05,
            "at_2011_last_3y": -52.17,
            "at_2012_last_3y": -28.26,
            "at_2013_last_3y": -28.26,
            "at_2014_last_3y": -100,
            "at_2015_last_3y": null,
            "at_2016_last_3y": -96.88,
            "at_2017_last_3y": 1.56,
            "at_2018_last_3y": 34.38,
            "at_2019_last_3y": 32.45,
            "at_2020_last_3y": 31.67,
            "at_2021_last_3y": 8.89,
            "at_2022_last_3y": -36.67,
            "at_2023_last_3y": -36.67,
            "at_2006_last_all": null,
            "at_2007_last_all": -70.75,
            "at_2008_last_all": -80.5,
            "at_2009_last_all": -80.5,
            "at_2010_last_all": -49.51,
            "at_2011_last_all": -59.61,
            "at_2012_last_all": -59.61,
            "at_2013_last_all": -59.61,
            "at_2014_last_all": -59.61,
            "at_2015_last_all": -59.61,
            "at_2016_last_all": -65.82,
            "at_2017_last_all": -42.13,
            "at_2018_last_all": -24.36,
            "at_2019_last_all": -18.69,
            "at_2020_last_all": -26.82,
            "at_2021_last_all": -26.82,
            "at_2022_last_all": -26.82,
            "at_2023_last_all": -26.82
        },
        "latest_eps": -0.61,
        "latest_price": 19.1,
        "latest_roe": -5.97,
        "latest_gross_margin": 19.29,
        "latest_equity": 542417,
        "latest_revenue": 70304,
        "latest_gross_profit": 13563,
        "latest_net_income": -7789,
        "latest_debt_ratio": 39.57,
        "latest_current_ratio": 165.03,
        "latest_account_receivable_turnover_ratio": 2.78,
        "latest_inventory_turnover_ratio": 0.35,
        "latest_reinvestment_rate": null,
        "latest_research_to_sale_ratio": 13.49
    },
    "eps_dividends": {
        "2001": {
            "cash": 0,
            "stock": 0,
            "eps": 0
        },
        "2002": {
            "cash": 0,
            "stock": 0,
            "eps": 0
        },
        "2003": {
            "cash": 0,
            "stock": 0,
            "eps": 0
        },
        "2004": {
            "cash": 0,
            "stock": 0,
            "eps": 0
        },
        "2005": {
            "cash": 0,
            "stock": 0,
            "eps": 20.07
        },
        "2006": {
            "cash": 4,
            "stock": 8,
            "eps": 8.05
        },
        "2007": {
            "cash": 2.5,
            "stock": 2.5,
            "eps": 1.48
        },
        "2008": {
            "cash": 0.4,
            "stock": 0.8,
            "eps": -0.26
        },
        "2009": {
            "cash": 0,
            "stock": 0,
            "eps": 0.23
        },
        "2010": {
            "cash": 0,
            "stock": 1,
            "eps": 0.33
        },
        "2011": {
            "cash": 0,
            "stock": 0,
            "eps": -0.83
        },
        "2012": {
            "cash": 0,
            "stock": 1.04,
            "eps": -0.45
        },
        "2013": {
            "cash": 0,
            "stock": 0,
            "eps": -1.9
        },
        "2014": {
            "cash": 0,
            "stock": 0,
            "eps": -0.76
        },
        "2015": {
            "cash": 0,
            "stock": 0,
            "eps": 0.32
        },
        "2016": {
            "cash": 0,
            "stock": 0,
            "eps": 0.01
        },
        "2017": {
            "cash": 0,
            "stock": 0,
            "eps": 0.15
        },
        "2018": {
            "cash": 0.3,
            "stock": 0,
            "eps": 0.45
        },
        "2019": {
            "cash": 0.35,
            "stock": 0,
            "eps": 0.57
        },
        "2020": {
            "cash": 0.45,
            "stock": 0,
            "eps": -0.49
        },
        "2021": {
            "cash": 0,
            "stock": 0,
            "eps": -0.18
        },
        "2022": {
            "cash": 0,
            "stock": 0,
            "eps": -0.09
        },
        "2023": {
            "cash": 0,
            "stock": 0,
            "eps": -0.45
        }
    },
    "dividends": {
        "2006-04-10": {
            "cash": 4,
            "stock": 8
        },
        "2007-03-14": {
            "cash": 2.5,
            "stock": 2.5
        },
        "2008-03-19": {
            "cash": 0.4,
            "stock": 0.8
        },
        "2010-03-17": {
            "cash": 0,
            "stock": 1
        },
        "2012-06-13": {
            "cash": 0,
            "stock": 1.04
        },
        "2018-09-18": {
            "cash": 0.3,
            "stock": 0
        },
        "2019-07-23": {
            "cash": 0.35,
            "stock": 0
        },
        "2020-07-27": {
            "cash": 0.45,
            "stock": 0
        }
    },
    "prices": {
        "200101": "無",
        "200102": "無",
        "200103": "無",
        "200104": "無",
        "200105": "無",
        "200106": "無",
        "200107": "無",
        "200108": "無",
        "200109": "無",
        "200110": "無",
        "200111": "無",
        "200112": "無",
        "200201": "無",
        "200202": "無",
        "200203": "無",
        "200204": "無",
        "200205": "無",
        "200206": "無",
        "200207": "無",
        "200208": "無",
        "200209": "無",
        "200210": "無",
        "200211": "無",
        "200212": "無",
        "200301": "無",
        "200302": "無",
        "200303": "無",
        "200304": "無",
        "200305": "無",
        "200306": "無",
        "200307": "無",
        "200308": "無",
        "200309": "無",
        "200310": "無",
        "200311": "無",
        "200312": "無",
        "200401": "無",
        "200402": "無",
        "200403": "無",
        "200404": "無",
        "200405": "無",
        "200406": "無",
        "200407": "無",
        "200408": "無",
        "200409": "無",
        "200410": "無",
        "200411": "無",
        "200412": "無",
        "200501": "無",
        "200502": "無",
        "200503": "無",
        "200504": "無",
        "200505": "無",
        "200506": "無",
        "200507": "無",
        "200508": "無",
        "200509": "148.04",
        "200510": "158.02",
        "200511": "143.98",
        "200512": "159.13",
        "200601": "194.17",
        "200602": "188.75",
        "200603": "177.77",
        "200604": "196.54",
        "200605": "228.01",
        "200606": "206.98",
        "200607": "204.50",
        "200608": "129.82",
        "200609": "114.27",
        "200610": "117.39",
        "200611": "110.11",
        "200612": "114.67",
        "200701": "112.84",
        "200702": "103.66",
        "200703": "89.84",
        "200704": "93.28",
        "200705": "82.01",
        "200706": "100.18",
        "200707": "81.49",
        "200708": "62.81",
        "200709": "60.32",
        "200710": "58.50",
        "200711": "41.38",
        "200712": "47.89",
        "200801": "41.25",
        "200802": "29.86",
        "200803": "31.33",
        "200804": "31.65",
        "200805": "28.68",
        "200806": "22.45",
        "200807": "16.50",
        "200808": "14.03",
        "200809": "9.65",
        "200810": "8.77",
        "200811": "7.37",
        "200812": "7.10",
        "200901": "6.92",
        "200902": "7.08",
        "200903": "9.38",
        "200904": "11.04",
        "200905": "11.68",
        "200906": "11.57",
        "200907": "12.84",
        "200908": "13.82",
        "200909": "14.24",
        "200910": "17.51",
        "200911": "19.18",
        "200912": "26.88",
        "201001": "32.84",
        "201002": "28.80",
        "201003": "34.19",
        "201004": "32.37",
        "201005": "26.08",
        "201006": "24.44",
        "201007": "25.68",
        "201008": "26.47",
        "201009": "26.06",
        "201010": "24.43",
        "201011": "22.29",
        "201012": "24.98",
        "201101": "26.52",
        "201102": "25.25",
        "201103": "23.03",
        "201104": "21.39",
        "201105": "17.16",
        "201106": "16.70",
        "201107": "19.07",
        "201108": "15.47",
        "201109": "13.66",
        "201110": "13.52",
        "201111": "12.09",
        "201112": "11.46",
        "201201": "11.74",
        "201202": "13.88",
        "201203": "13.99",
        "201204": "13.02",
        "201205": "12.83",
        "201206": "12.83",
        "201207": "11.12",
        "201208": "11.14",
        "201209": "12.54",
        "201210": "11.31",
        "201211": "9.20",
        "201212": "9.21",
        "201301": "10.08",
        "201302": "9.73",
        "201303": "9.57",
        "201304": "9.77",
        "201305": "10.03",
        "201306": "9.54",
        "201307": "9.07",
        "201308": "8.76",
        "201309": "9.91",
        "201310": "10.16",
        "201311": "11.44",
        "201312": "11.18",
        "201401": "14.26",
        "201402": "13.63",
        "201403": "14.83",
        "201404": "13.92",
        "201405": "11.88",
        "201406": "12.66",
        "201407": "13.05",
        "201408": "12.16",
        "201409": "11.75",
        "201410": "11.25",
        "201411": "11.22",
        "201412": "10.91",
        "201501": "11.34",
        "201502": "11.35",
        "201503": "13.59",
        "201504": "18.40",
        "201505": "15.65",
        "201506": "19.04",
        "201507": "20.68",
        "201508": "16.56",
        "201509": "19.85",
        "201510": "22.36",
        "201511": "25.01",
        "201512": "22.19",
        "201601": "17.66",
        "201602": "17.87",
        "201603": "19.57",
        "201604": "17.33",
        "201605": "15.19",
        "201606": "15.41",
        "201607": "17.48",
        "201608": "18.86",
        "201609": "18.06",
        "201610": "16.76",
        "201611": "15.03",
        "201612": "16.28",
        "201701": "16.74",
        "201702": "16.50",
        "201703": "16.43",
        "201704": "15.91",
        "201705": "14.84",
        "201706": "15.02",
        "201707": "14.86",
        "201708": "17.89",
        "201709": "19.74",
        "201710": "19.35",
        "201711": "17.66",
        "201712": "16.41",
        "201801": "16.98",
        "201802": "15.03",
        "201803": "15.40",
        "201804": "14.63",
        "201805": "13.80",
        "201806": "14.33",
        "201807": "13.74",
        "201808": "13.87",
        "201809": "13.75",
        "201810": "11.66",
        "201811": "10.55",
        "201812": "12.51",
        "201901": "14.33",
        "201902": "16.23",
        "201903": "18.09",
        "201904": "19.60",
        "201905": "17.82",
        "201906": "17.62",
        "201907": "17.63",
        "201908": "16.65",
        "201909": "17.49",
        "201910": "16.90",
        "201911": "16.92",
        "201912": "15.95",
        "202001": "15.13",
        "202002": "13.04",
        "202003": "10.74",
        "202004": "10.58",
        "202005": "11.48",
        "202006": "11.80",
        "202007": "11.48",
        "202008": "10.52",
        "202009": "10.34",
        "202010": "10.28",
        "202011": "10.52",
        "202012": "12.41",
        "202101": "12.21",
        "202102": "11.28",
        "202103": "12.24",
        "202104": "15.03",
        "202105": "13.18",
        "202106": "12.87",
        "202107": "13.89",
        "202108": "13.07",
        "202109": "12.72",
        "202110": "12.42",
        "202111": "15.32",
        "202112": "24.92",
        "202201": "23.40",
        "202202": "22.94",
        "202203": "19.97",
        "202204": "19.44",
        "202205": "18.37",
        "202206": "18.98",
        "202207": "16.69",
        "202208": "19.08",
        "202209": "17.51",
        "202210": "14.22",
        "202211": "18.36",
        "202212": "19.10",
        "202301": "18.25",
        "202302": "18.54",
        "202303": "19.89",
        "202304": "22.37",
        "202305": "20.69",
        "202306": "20.95",
        "202307": "20.86",
        "202308": "20.13",
        "202309": "19.80"
    },
    "quarters": {
        "20011": {
            "year_quarter": 20011,
            "year": 2001,
            "quarter": 1,
            "eps": null,
            "eps_growth_year": null,
            "eps_4q": null,
            "eps_4q_growth_year": null,
            "roe": null,
            "roe_4q": 0,
            "gross_profit": null,
            "gross_margin": null,
            "gross_margin_4q_avg": 0,
            "net_income": null,
            "revenue": null,
            "common_shares": null,
            "book_valuer_per_share": null,
            "book_valuer_per_share_4q_avg": 0,
            "equity": null,
            "current_ratio": null,
            "debt_ratio": null,
            "inventory_turnover_ratio": null,
            "account_receivable_turnover_ratio": null,
            "reinvestment_rate": null,
            "research_to_sale_ratio": null,
            "price_fair": 0,
            "eps_avg_yearly": 0,
            "eps_latest_yearly": 0,
            "eps_growth_yearly": 0
        },
        "20012": {
            "year_quarter": 20012,
            "year": 2001,
            "quarter": 2,
            "eps": null,
            "eps_growth_year": null,
            "eps_4q": null,
            "eps_4q_growth_year": null,
            "roe": null,
            "roe_4q": 0,
            "gross_profit": null,
            "gross_margin": null,
            "gross_margin_4q_avg": 0,
            "net_income": null,
            "revenue": null,
            "common_shares": null,
            "book_valuer_per_share": null,
            "book_valuer_per_share_4q_avg": 0,
            "equity": null,
            "current_ratio": null,
            "debt_ratio": null,
            "inventory_turnover_ratio": null,
            "account_receivable_turnover_ratio": null,
            "reinvestment_rate": null,
            "research_to_sale_ratio": null,
            "price_fair": 0,
            "eps_avg_yearly": 0,
            "eps_latest_yearly": 0,
            "eps_growth_yearly": 0
        },
        "20013": {
            "year_quarter": 20013,
            "year": 2001,
            "quarter": 3,
            "eps": null,
            "eps_growth_year": null,
            "eps_4q": null,
            "eps_4q_growth_year": null,
            "roe": null,
            "roe_4q": 0,
            "gross_profit": null,
            "gross_margin": null,
            "gross_margin_4q_avg": 0,
            "net_income": null,
            "revenue": null,
            "common_shares": null,
            "book_valuer_per_share": null,
            "book_valuer_per_share_4q_avg": 0,
            "equity": null,
            "current_ratio": null,
            "debt_ratio": null,
            "inventory_turnover_ratio": null,
            "account_receivable_turnover_ratio": null,
            "reinvestment_rate": null,
            "research_to_sale_ratio": null,
            "price_fair": 0,
            "eps_avg_yearly": 0,
            "eps_latest_yearly": 0,
            "eps_growth_yearly": 0
        },
        "20014": {
            "year_quarter": 20014,
            "year": 2001,
            "quarter": 4,
            "eps": null,
            "eps_growth_year": null,
            "eps_4q": null,
            "eps_4q_growth_year": null,
            "roe": null,
            "roe_4q": 0,
            "gross_profit": null,
            "gross_margin": null,
            "gross_margin_4q_avg": 0,
            "net_income": null,
            "revenue": null,
            "common_shares": 50000,
            "book_valuer_per_share": 5.53,
            "book_valuer_per_share_4q_avg": 1.38,
            "equity": 27664,
            "current_ratio": 305.98,
            "debt_ratio": 26.09,
            "inventory_turnover_ratio": null,
            "account_receivable_turnover_ratio": null,
            "reinvestment_rate": null,
            "research_to_sale_ratio": null,
            "price_fair": 0,
            "eps_avg_yearly": 0,
            "eps_latest_yearly": 0,
            "eps_growth_yearly": 0
        },
        "20021": {
            "year_quarter": 20021,
            "year": 2002,
            "quarter": 1,
            "eps": null,
            "eps_growth_year": null,
            "eps_4q": null,
            "eps_4q_growth_year": null,
            "roe": null,
            "roe_4q": 0,
            "gross_profit": null,
            "gross_margin": null,
            "gross_margin_4q_avg": 0,
            "net_income": null,
            "revenue": null,
            "common_shares": null,
            "book_valuer_per_share": null,
            "book_valuer_per_share_4q_avg": 1.38,
            "equity": null,
            "current_ratio": null,
            "debt_ratio": null,
            "inventory_turnover_ratio": null,
            "account_receivable_turnover_ratio": null,
            "reinvestment_rate": null,
            "research_to_sale_ratio": null,
            "price_fair": 0,
            "eps_avg_yearly": 0,
            "eps_latest_yearly": 0,
            "eps_growth_yearly": 0
        },
        "20022": {
            "year_quarter": 20022,
            "year": 2002,
            "quarter": 2,
            "eps": null,
            "eps_growth_year": null,
            "eps_4q": null,
            "eps_4q_growth_year": null,
            "roe": null,
            "roe_4q": 0,
            "gross_profit": null,
            "gross_margin": null,
            "gross_margin_4q_avg": 0,
            "net_income": null,
            "revenue": null,
            "common_shares": null,
            "book_valuer_per_share": null,
            "book_valuer_per_share_4q_avg": 1.38,
            "equity": null,
            "current_ratio": null,
            "debt_ratio": null,
            "inventory_turnover_ratio": null,
            "account_receivable_turnover_ratio": null,
            "reinvestment_rate": null,
            "research_to_sale_ratio": null,
            "price_fair": 0,
            "eps_avg_yearly": 0,
            "eps_latest_yearly": 0,
            "eps_growth_yearly": 0
        },
        "20023": {
            "year_quarter": 20023,
            "year": 2002,
            "quarter": 3,
            "eps": null,
            "eps_growth_year": null,
            "eps_4q": null,
            "eps_4q_growth_year": null,
            "roe": null,
            "roe_4q": 0,
            "gross_profit": null,
            "gross_margin": null,
            "gross_margin_4q_avg": 0,
            "net_income": null,
            "revenue": null,
            "common_shares": null,
            "book_valuer_per_share": null,
            "book_valuer_per_share_4q_avg": 1.38,
            "equity": null,
            "current_ratio": null,
            "debt_ratio": null,
            "inventory_turnover_ratio": null,
            "account_receivable_turnover_ratio": null,
            "reinvestment_rate": null,
            "research_to_sale_ratio": null,
            "price_fair": 0,
            "eps_avg_yearly": 0,
            "eps_latest_yearly": 0,
            "eps_growth_yearly": 0
        },
        "20024": {
            "year_quarter": 20024,
            "year": 2002,
            "quarter": 4,
            "eps": null,
            "eps_growth_year": null,
            "eps_4q": null,
            "eps_4q_growth_year": null,
            "roe": null,
            "roe_4q": 0,
            "gross_profit": null,
            "gross_margin": null,
            "gross_margin_4q_avg": 0,
            "net_income": null,
            "revenue": null,
            "common_shares": 50000,
            "book_valuer_per_share": 5.03,
            "book_valuer_per_share_4q_avg": 1.26,
            "equity": 25151,
            "current_ratio": 194.18,
            "debt_ratio": 42.5,
            "inventory_turnover_ratio": null,
            "account_receivable_turnover_ratio": null,
            "reinvestment_rate": null,
            "research_to_sale_ratio": null,
            "price_fair": 0,
            "eps_avg_yearly": 0,
            "eps_latest_yearly": 0,
            "eps_growth_yearly": 0
        },
        "20031": {
            "year_quarter": 20031,
            "year": 2003,
            "quarter": 1,
            "eps": null,
            "eps_growth_year": null,
            "eps_4q": null,
            "eps_4q_growth_year": null,
            "roe": null,
            "roe_4q": 0,
            "gross_profit": null,
            "gross_margin": null,
            "gross_margin_4q_avg": 0,
            "net_income": null,
            "revenue": null,
            "common_shares": null,
            "book_valuer_per_share": null,
            "book_valuer_per_share_4q_avg": 1.26,
            "equity": null,
            "current_ratio": null,
            "debt_ratio": null,
            "inventory_turnover_ratio": null,
            "account_receivable_turnover_ratio": null,
            "reinvestment_rate": null,
            "research_to_sale_ratio": null,
            "price_fair": 0,
            "eps_avg_yearly": 0,
            "eps_latest_yearly": 0,
            "eps_growth_yearly": 0
        },
        "20032": {
            "year_quarter": 20032,
            "year": 2003,
            "quarter": 2,
            "eps": null,
            "eps_growth_year": null,
            "eps_4q": null,
            "eps_4q_growth_year": null,
            "roe": null,
            "roe_4q": 0,
            "gross_profit": null,
            "gross_margin": null,
            "gross_margin_4q_avg": 0,
            "net_income": null,
            "revenue": null,
            "common_shares": null,
            "book_valuer_per_share": null,
            "book_valuer_per_share_4q_avg": 1.26,
            "equity": null,
            "current_ratio": null,
            "debt_ratio": null,
            "inventory_turnover_ratio": null,
            "account_receivable_turnover_ratio": null,
            "reinvestment_rate": null,
            "research_to_sale_ratio": null,
            "price_fair": 0,
            "eps_avg_yearly": 0,
            "eps_latest_yearly": 0,
            "eps_growth_yearly": 0
        },
        "20033": {
            "year_quarter": 20033,
            "year": 2003,
            "quarter": 3,
            "eps": null,
            "eps_growth_year": null,
            "eps_4q": null,
            "eps_4q_growth_year": null,
            "roe": null,
            "roe_4q": 0,
            "gross_profit": null,
            "gross_margin": null,
            "gross_margin_4q_avg": 0,
            "net_income": null,
            "revenue": null,
            "common_shares": null,
            "book_valuer_per_share": null,
            "book_valuer_per_share_4q_avg": 1.26,
            "equity": null,
            "current_ratio": null,
            "debt_ratio": null,
            "inventory_turnover_ratio": null,
            "account_receivable_turnover_ratio": null,
            "reinvestment_rate": null,
            "research_to_sale_ratio": null,
            "price_fair": 0,
            "eps_avg_yearly": 0,
            "eps_latest_yearly": 0,
            "eps_growth_yearly": 0
        },
        "20034": {
            "year_quarter": 20034,
            "year": 2003,
            "quarter": 4,
            "eps": null,
            "eps_growth_year": null,
            "eps_4q": null,
            "eps_4q_growth_year": null,
            "roe": null,
            "roe_4q": 0,
            "gross_profit": null,
            "gross_margin": null,
            "gross_margin_4q_avg": 0,
            "net_income": null,
            "revenue": null,
            "common_shares": 50000,
            "book_valuer_per_share": 14.78,
            "book_valuer_per_share_4q_avg": 3.7,
            "equity": 73878,
            "current_ratio": 124.19,
            "debt_ratio": 73.12,
            "inventory_turnover_ratio": null,
            "account_receivable_turnover_ratio": null,
            "reinvestment_rate": null,
            "research_to_sale_ratio": null,
            "price_fair": 0,
            "eps_avg_yearly": 0,
            "eps_latest_yearly": 0,
            "eps_growth_yearly": 0
        },
        "20041": {
            "year_quarter": 20041,
            "year": 2004,
            "quarter": 1,
            "eps": null,
            "eps_growth_year": null,
            "eps_4q": null,
            "eps_4q_growth_year": null,
            "roe": null,
            "roe_4q": 0,
            "gross_profit": null,
            "gross_margin": null,
            "gross_margin_4q_avg": 0,
            "net_income": null,
            "revenue": null,
            "common_shares": null,
            "book_valuer_per_share": null,
            "book_valuer_per_share_4q_avg": 3.7,
            "equity": null,
            "current_ratio": null,
            "debt_ratio": null,
            "inventory_turnover_ratio": null,
            "account_receivable_turnover_ratio": null,
            "reinvestment_rate": null,
            "research_to_sale_ratio": null,
            "price_fair": 0,
            "eps_avg_yearly": 0,
            "eps_latest_yearly": 0,
            "eps_growth_yearly": 0
        },
        "20042": {
            "year_quarter": 20042,
            "year": 2004,
            "quarter": 2,
            "eps": null,
            "eps_growth_year": null,
            "eps_4q": null,
            "eps_4q_growth_year": null,
            "roe": null,
            "roe_4q": 0,
            "gross_profit": null,
            "gross_margin": null,
            "gross_margin_4q_avg": 0,
            "net_income": null,
            "revenue": null,
            "common_shares": null,
            "book_valuer_per_share": null,
            "book_valuer_per_share_4q_avg": 3.7,
            "equity": null,
            "current_ratio": null,
            "debt_ratio": null,
            "inventory_turnover_ratio": null,
            "account_receivable_turnover_ratio": null,
            "reinvestment_rate": null,
            "research_to_sale_ratio": null,
            "price_fair": 0,
            "eps_avg_yearly": 0,
            "eps_latest_yearly": 0,
            "eps_growth_yearly": 0
        },
        "20043": {
            "year_quarter": 20043,
            "year": 2004,
            "quarter": 3,
            "eps": null,
            "eps_growth_year": null,
            "eps_4q": null,
            "eps_4q_growth_year": null,
            "roe": null,
            "roe_4q": 0,
            "gross_profit": null,
            "gross_margin": null,
            "gross_margin_4q_avg": 0,
            "net_income": null,
            "revenue": null,
            "common_shares": null,
            "book_valuer_per_share": null,
            "book_valuer_per_share_4q_avg": 3.7,
            "equity": null,
            "current_ratio": null,
            "debt_ratio": null,
            "inventory_turnover_ratio": null,
            "account_receivable_turnover_ratio": null,
            "reinvestment_rate": null,
            "research_to_sale_ratio": null,
            "price_fair": 0,
            "eps_avg_yearly": 0,
            "eps_latest_yearly": 0,
            "eps_growth_yearly": 0
        },
        "20044": {
            "year_quarter": 20044,
            "year": 2004,
            "quarter": 4,
            "eps": null,
            "eps_growth_year": null,
            "eps_4q": null,
            "eps_4q_growth_year": null,
            "roe": null,
            "roe_4q": 0,
            "gross_profit": null,
            "gross_margin": null,
            "gross_margin_4q_avg": 0,
            "net_income": null,
            "revenue": null,
            "common_shares": 70000,
            "book_valuer_per_share": 22.58,
            "book_valuer_per_share_4q_avg": 5.65,
            "equity": 158094,
            "current_ratio": 125.02,
            "debt_ratio": 72.22,
            "inventory_turnover_ratio": null,
            "account_receivable_turnover_ratio": null,
            "reinvestment_rate": null,
            "research_to_sale_ratio": null,
            "price_fair": 0,
            "eps_avg_yearly": 0,
            "eps_latest_yearly": 0,
            "eps_growth_yearly": 0
        },
        "20051": {
            "year_quarter": 20051,
            "year": 2005,
            "quarter": 1,
            "eps": 3.09,
            "eps_growth_year": null,
            "eps_4q": null,
            "eps_4q_growth_year": null,
            "roe": 12.82,
            "roe_4q": 12.82,
            "gross_profit": 56315,
            "gross_margin": 26.76,
            "gross_margin_4q_avg": 6.69,
            "net_income": 21654,
            "revenue": 210434,
            "common_shares": 70000,
            "book_valuer_per_share": 25.68,
            "book_valuer_per_share_4q_avg": 12.07,
            "equity": 179748,
            "current_ratio": 120.26,
            "debt_ratio": 73.44,
            "inventory_turnover_ratio": 0.99,
            "account_receivable_turnover_ratio": null,
            "reinvestment_rate": null,
            "research_to_sale_ratio": null,
            "price_fair": 0,
            "eps_avg_yearly": 0,
            "eps_latest_yearly": 0,
            "eps_growth_yearly": 0
        },
        "20052": {
            "year_quarter": 20052,
            "year": 2005,
            "quarter": 2,
            "eps": 4.81,
            "eps_growth_year": null,
            "eps_4q": null,
            "eps_4q_growth_year": null,
            "roe": 32.23,
            "roe_4q": 45.05,
            "gross_profit": 102130,
            "gross_margin": 32.11,
            "gross_margin_4q_avg": 14.72,
            "net_income": 68326,
            "revenue": 318095,
            "common_shares": 70000,
            "book_valuer_per_share": 34.9,
            "book_valuer_per_share_4q_avg": 20.79,
            "equity": 244297,
            "current_ratio": 139.19,
            "debt_ratio": 67.66,
            "inventory_turnover_ratio": 1.05,
            "account_receivable_turnover_ratio": null,
            "reinvestment_rate": null,
            "research_to_sale_ratio": null,
            "price_fair": 673.4,
            "eps_avg_yearly": 19.24,
            "eps_latest_yearly": 19.24,
            "eps_growth_yearly": 222.65
        },
        "20053": {
            "year_quarter": 20053,
            "year": 2005,
            "quarter": 3,
            "eps": 4.45,
            "eps_growth_year": null,
            "eps_4q": null,
            "eps_4q_growth_year": null,
            "roe": 38.57,
            "roe_4q": 83.62,
            "gross_profit": 168935,
            "gross_margin": 31.31,
            "gross_margin_4q_avg": 22.55,
            "net_income": 123386,
            "revenue": 539549,
            "common_shares": 160000,
            "book_valuer_per_share": 24.72,
            "book_valuer_per_share_4q_avg": 26.97,
            "equity": 395535,
            "current_ratio": 169.06,
            "debt_ratio": 59.37,
            "inventory_turnover_ratio": 1.32,
            "account_receivable_turnover_ratio": null,
            "reinvestment_rate": null,
            "research_to_sale_ratio": null,
            "price_fair": 648.2,
            "eps_avg_yearly": 18.52,
            "eps_latest_yearly": 17.8,
            "eps_growth_yearly": 96.36
        },
        "20054": {
            "year_quarter": 20054,
            "year": 2005,
            "quarter": 4,
            "eps": 7.72,
            "eps_growth_year": null,
            "eps_4q": 22,
            "eps_4q_growth_year": null,
            "roe": 25.5,
            "roe_4q": 109.11999999999998,
            "gross_profit": 176287,
            "gross_margin": 34.67,
            "gross_margin_4q_avg": 31.21,
            "net_income": 115367,
            "revenue": 508446,
            "common_shares": 160000,
            "book_valuer_per_share": 31.83,
            "book_valuer_per_share_4q_avg": 29.28,
            "equity": 509349,
            "current_ratio": 243.96,
            "debt_ratio": 47.21,
            "inventory_turnover_ratio": 0.89,
            "account_receivable_turnover_ratio": null,
            "reinvestment_rate": null,
            "research_to_sale_ratio": null,
            "price_fair": 792.4,
            "eps_avg_yearly": 22.64,
            "eps_latest_yearly": 30.88,
            "eps_growth_yearly": 162.22
        },
        "20061": {
            "year_quarter": 20061,
            "year": 2006,
            "quarter": 1,
            "eps": 3.27,
            "eps_growth_year": 5.83,
            "eps_4q": 22.46,
            "eps_4q_growth_year": null,
            "roe": 9.77,
            "roe_4q": 106.07,
            "gross_profit": 88238,
            "gross_margin": 28.31,
            "gross_margin_4q_avg": 31.6,
            "net_income": 52319,
            "revenue": 311682,
            "common_shares": 160000,
            "book_valuer_per_share": 35.09,
            "book_valuer_per_share_4q_avg": 31.64,
            "equity": 561435,
            "current_ratio": 363.58,
            "debt_ratio": 37.93,
            "inventory_turnover_ratio": 0.57,
            "account_receivable_turnover_ratio": null,
            "reinvestment_rate": null,
            "research_to_sale_ratio": null,
            "price_fair": 708.75,
            "eps_avg_yearly": 20.25,
            "eps_latest_yearly": 13.08,
            "eps_growth_yearly": 64.02
        },
        "20062": {
            "year_quarter": 20062,
            "year": 2006,
            "quarter": 2,
            "eps": 2.06,
            "eps_growth_year": -57.17,
            "eps_4q": 20.24,
            "eps_4q_growth_year": null,
            "roe": 6.14,
            "roe_4q": 79.97999999999999,
            "gross_profit": 75034,
            "gross_margin": 24.21,
            "gross_margin_4q_avg": 29.63,
            "net_income": 32982,
            "revenue": 309898,
            "common_shares": 160000,
            "book_valuer_per_share": 32.03,
            "book_valuer_per_share_4q_avg": 30.92,
            "equity": 512539,
            "current_ratio": 254.81,
            "debt_ratio": 44.1,
            "inventory_turnover_ratio": 0.69,
            "account_receivable_turnover_ratio": null,
            "reinvestment_rate": null,
            "research_to_sale_ratio": null,
            "price_fair": 564.23,
            "eps_avg_yearly": 17.85,
            "eps_latest_yearly": 8.24,
            "eps_growth_yearly": 21.61
        },
        "20063": {
            "year_quarter": 20063,
            "year": 2006,
            "quarter": 3,
            "eps": 1.14,
            "eps_growth_year": -74.38,
            "eps_4q": 7.73,
            "eps_4q_growth_year": null,
            "roe": 6.55,
            "roe_4q": 47.96,
            "gross_profit": 73291,
            "gross_margin": 23.74,
            "gross_margin_4q_avg": 27.73,
            "net_income": 34722,
            "revenue": 308775,
            "common_shares": 304000,
            "book_valuer_per_share": 18.02,
            "book_valuer_per_share_4q_avg": 29.24,
            "equity": 547920,
            "current_ratio": 246.77,
            "debt_ratio": 45.07,
            "inventory_turnover_ratio": 0.77,
            "account_receivable_turnover_ratio": null,
            "reinvestment_rate": null,
            "research_to_sale_ratio": null,
            "price_fair": 46.9,
            "eps_avg_yearly": 15.63,
            "eps_latest_yearly": 4.56,
            "eps_growth_yearly": -11.76
        },
        "20064": {
            "year_quarter": 20064,
            "year": 2006,
            "quarter": 4,
            "eps": 1.58,
            "eps_growth_year": -79.53,
            "eps_4q": 5.41,
            "eps_4q_growth_year": -75.42,
            "roe": 7.2,
            "roe_4q": 29.66,
            "gross_profit": 93183,
            "gross_margin": 21.16,
            "gross_margin_4q_avg": 24.36,
            "net_income": 49553,
            "revenue": 440316,
            "common_shares": 340000,
            "book_valuer_per_share": 24.39,
            "book_valuer_per_share_4q_avg": 27.38,
            "equity": 829340,
            "current_ratio": 288.35,
            "debt_ratio": 26.43,
            "inventory_turnover_ratio": 1.12,
            "account_receivable_turnover_ratio": null,
            "reinvestment_rate": null,
            "research_to_sale_ratio": null,
            "price_fair": 314.28,
            "eps_avg_yearly": 14.3,
            "eps_latest_yearly": 6.32,
            "eps_growth_yearly": 11.97
        },
        "20071": {
            "year_quarter": 20071,
            "year": 2007,
            "quarter": 1,
            "eps": 0.22,
            "eps_growth_year": -93.27,
            "eps_4q": 3.64,
            "eps_4q_growth_year": -83.8,
            "roe": 0.91,
            "roe_4q": 20.8,
            "gross_profit": 54234,
            "gross_margin": 20.13,
            "gross_margin_4q_avg": 22.31,
            "net_income": 7544,
            "revenue": 269432,
            "common_shares": 340000,
            "book_valuer_per_share": 24.63,
            "book_valuer_per_share_4q_avg": 24.77,
            "equity": 837492,
            "current_ratio": 348.28,
            "debt_ratio": 22.35,
            "inventory_turnover_ratio": 0.75,
            "account_receivable_turnover_ratio": null,
            "reinvestment_rate": null,
            "research_to_sale_ratio": null,
            "price_fair": 37.88,
            "eps_avg_yearly": 12.63,
            "eps_latest_yearly": 0.88,
            "eps_growth_yearly": -32.56
        },
        "20072": {
            "year_quarter": 20072,
            "year": 2007,
            "quarter": 2,
            "eps": 0.84,
            "eps_growth_year": -59.22,
            "eps_4q": 2.97,
            "eps_4q_growth_year": -85.35,
            "roe": 4.5,
            "roe_4q": 19.16,
            "gross_profit": 55910,
            "gross_margin": 21.15,
            "gross_margin_4q_avg": 21.55,
            "net_income": 36294,
            "revenue": 264343,
            "common_shares": 340000,
            "book_valuer_per_share": 22.81,
            "book_valuer_per_share_4q_avg": 22.46,
            "equity": 775512,
            "current_ratio": 321.51,
            "debt_ratio": 41.17,
            "inventory_turnover_ratio": 0.82,
            "account_receivable_turnover_ratio": null,
            "reinvestment_rate": null,
            "research_to_sale_ratio": null,
            "price_fair": 405.84,
            "eps_avg_yearly": 11.6,
            "eps_latest_yearly": 3.36,
            "eps_growth_yearly": 96.31
        },
        "20073": {
            "year_quarter": 20073,
            "year": 2007,
            "quarter": 3,
            "eps": 0.19,
            "eps_growth_year": -83.33,
            "eps_4q": 2.31,
            "eps_4q_growth_year": -70.17,
            "roe": 1.03,
            "roe_4q": 13.64,
            "gross_profit": 50474,
            "gross_margin": 18.34,
            "gross_margin_4q_avg": 20.2,
            "net_income": 8387,
            "revenue": 275162,
            "common_shares": 431000,
            "book_valuer_per_share": 19.7,
            "book_valuer_per_share_4q_avg": 22.88,
            "equity": 849182,
            "current_ratio": 374.36,
            "debt_ratio": 33.17,
            "inventory_turnover_ratio": 0.87,
            "account_receivable_turnover_ratio": null,
            "reinvestment_rate": null,
            "research_to_sale_ratio": null,
            "price_fair": 367.92,
            "eps_avg_yearly": 10.51,
            "eps_latest_yearly": 0.76,
            "eps_growth_yearly": 55.73
        },
        "20074": {
            "year_quarter": 20074,
            "year": 2007,
            "quarter": 4,
            "eps": 0.23,
            "eps_growth_year": -85.44,
            "eps_4q": 1.42,
            "eps_4q_growth_year": -73.78,
            "roe": 1.18,
            "roe_4q": 7.62,
            "gross_profit": 55589,
            "gross_margin": 16.61,
            "gross_margin_4q_avg": 19.06,
            "net_income": 10114,
            "revenue": 334614,
            "common_shares": 443517,
            "book_valuer_per_share": 19.35,
            "book_valuer_per_share_4q_avg": 21.62,
            "equity": 858173,
            "current_ratio": 624.29,
            "debt_ratio": 25.88,
            "inventory_turnover_ratio": 1.06,
            "account_receivable_turnover_ratio": null,
            "reinvestment_rate": null,
            "research_to_sale_ratio": null,
            "price_fair": 337.4,
            "eps_avg_yearly": 9.64,
            "eps_latest_yearly": 0.92,
            "eps_growth_yearly": 58.32
        },
        "20081": {
            "year_quarter": 20081,
            "year": 2008,
            "quarter": 1,
            "eps": -0.83,
            "eps_growth_year": -477.27,
            "eps_4q": 0.41,
            "eps_4q_growth_year": -88.7,
            "roe": -4.37,
            "roe_4q": 2.34,
            "gross_profit": 35356,
            "gross_margin": 16.19,
            "gross_margin_4q_avg": 18.07,
            "net_income": -36642,
            "revenue": 218348,
            "common_shares": 443517,
            "book_valuer_per_share": 18.49,
            "book_valuer_per_share_4q_avg": 20.09,
            "equity": 819930,
            "current_ratio": 619.96,
            "debt_ratio": 26.3,
            "inventory_turnover_ratio": 0.72,
            "account_receivable_turnover_ratio": null,
            "reinvestment_rate": null,
            "research_to_sale_ratio": null,
            "price_fair": 337.4,
            "eps_avg_yearly": 9.64,
            "eps_latest_yearly": 0.92,
            "eps_growth_yearly": 58.32
        },
        "20082": {
            "year_quarter": 20082,
            "year": 2008,
            "quarter": 2,
            "eps": 0.04,
            "eps_growth_year": -95.24,
            "eps_4q": -0.33,
            "eps_4q_growth_year": -111.21,
            "roe": 0.24,
            "roe_4q": -1.9200000000000002,
            "gross_profit": 35539,
            "gross_margin": 17.78,
            "gross_margin_4q_avg": 17.23,
            "net_income": 1948,
            "revenue": 199832,
            "common_shares": 443517,
            "book_valuer_per_share": 18.05,
            "book_valuer_per_share_4q_avg": 18.9,
            "equity": 800755,
            "current_ratio": 495.55,
            "debt_ratio": 29.06,
            "inventory_turnover_ratio": 0.66,
            "account_receivable_turnover_ratio": null,
            "reinvestment_rate": null,
            "research_to_sale_ratio": null,
            "price_fair": 337.4,
            "eps_avg_yearly": 9.64,
            "eps_latest_yearly": 0.92,
            "eps_growth_yearly": 58.32
        },
        "20083": {
            "year_quarter": 20083,
            "year": 2008,
            "quarter": 3,
            "eps": 0.4,
            "eps_growth_year": 110.53,
            "eps_4q": -0.11,
            "eps_4q_growth_year": -104.94,
            "roe": 2.36,
            "roe_4q": -0.5900000000000005,
            "gross_profit": 41890,
            "gross_margin": 22.14,
            "gross_margin_4q_avg": 18.18,
            "net_income": 19129,
            "revenue": 189207,
            "common_shares": 483076,
            "book_valuer_per_share": 17.03,
            "book_valuer_per_share_4q_avg": 18.23,
            "equity": 822780,
            "current_ratio": 696.77,
            "debt_ratio": 22.89,
            "inventory_turnover_ratio": 0.59,
            "account_receivable_turnover_ratio": null,
            "reinvestment_rate": null,
            "research_to_sale_ratio": null,
            "price_fair": 313.95,
            "eps_avg_yearly": 8.97,
            "eps_latest_yearly": 1.6,
            "eps_growth_yearly": 353.46
        },
        "20084": {
            "year_quarter": 20084,
            "year": 2008,
            "quarter": 4,
            "eps": 0.13,
            "eps_growth_year": -43.48,
            "eps_4q": -0.2,
            "eps_4q_growth_year": -114.22,
            "roe": 0.74,
            "roe_4q": -1.0300000000000002,
            "gross_profit": 37808,
            "gross_margin": 20.18,
            "gross_margin_4q_avg": 19.07,
            "net_income": 6103,
            "revenue": 187343,
            "common_shares": 483076,
            "book_valuer_per_share": 17.21,
            "book_valuer_per_share_4q_avg": 17.7,
            "equity": 831262,
            "current_ratio": 654.26,
            "debt_ratio": 22.24,
            "inventory_turnover_ratio": 0.64,
            "account_receivable_turnover_ratio": 3.05,
            "reinvestment_rate": 4.44,
            "research_to_sale_ratio": null,
            "price_fair": 291.2,
            "eps_avg_yearly": 8.32,
            "eps_latest_yearly": 0.52,
            "eps_growth_yearly": 305.5
        },
        "20091": {
            "year_quarter": 20091,
            "year": 2009,
            "quarter": 1,
            "eps": -0.13,
            "eps_growth_year": null,
            "eps_4q": 0.44,
            "eps_4q_growth_year": 6.37,
            "roe": -0.76,
            "roe_4q": 2.58,
            "gross_profit": 32668,
            "gross_margin": 18.22,
            "gross_margin_4q_avg": 19.58,
            "net_income": -6329,
            "revenue": 179326,
            "common_shares": 483076,
            "book_valuer_per_share": 17.17,
            "book_valuer_per_share_4q_avg": 17.37,
            "equity": 830448,
            "current_ratio": 746.91,
            "debt_ratio": 21.19,
            "inventory_turnover_ratio": 0.72,
            "account_receivable_turnover_ratio": 1.37,
            "reinvestment_rate": 3.35,
            "research_to_sale_ratio": null,
            "price_fair": 291.2,
            "eps_avg_yearly": 8.32,
            "eps_latest_yearly": 0.52,
            "eps_growth_yearly": 305.5
        },
        "20092": {
            "year_quarter": 20092,
            "year": 2009,
            "quarter": 2,
            "eps": -0.25,
            "eps_growth_year": -725,
            "eps_4q": 0.15,
            "eps_4q_growth_year": null,
            "roe": -1.49,
            "roe_4q": 0.8499999999999999,
            "gross_profit": 43161,
            "gross_margin": 22.37,
            "gross_margin_4q_avg": 20.73,
            "net_income": -12258,
            "revenue": 192923,
            "common_shares": 483076,
            "book_valuer_per_share": 16.88,
            "book_valuer_per_share_4q_avg": 17.07,
            "equity": 816119,
            "current_ratio": 292.74,
            "debt_ratio": 24,
            "inventory_turnover_ratio": 0.82,
            "account_receivable_turnover_ratio": 1.27,
            "reinvestment_rate": 4.73,
            "research_to_sale_ratio": null,
            "price_fair": 259.35,
            "eps_avg_yearly": 7.41,
            "eps_latest_yearly": 0.52,
            "eps_growth_yearly": 312.4
        },
        "20093": {
            "year_quarter": 20093,
            "year": 2009,
            "quarter": 3,
            "eps": -0.04,
            "eps_growth_year": -110,
            "eps_4q": -0.29,
            "eps_4q_growth_year": null,
            "roe": -0.3,
            "roe_4q": -1.8099999999999998,
            "gross_profit": 42690,
            "gross_margin": 20.32,
            "gross_margin_4q_avg": 20.27,
            "net_income": -2447,
            "revenue": 210095,
            "common_shares": 483076,
            "book_valuer_per_share": 16.83,
            "book_valuer_per_share_4q_avg": 17.02,
            "equity": 814467,
            "current_ratio": 280.04,
            "debt_ratio": 25.48,
            "inventory_turnover_ratio": 0.88,
            "account_receivable_turnover_ratio": 1.43,
            "reinvestment_rate": 4.73,
            "research_to_sale_ratio": null,
            "price_fair": 226.29,
            "eps_avg_yearly": 6.47,
            "eps_latest_yearly": 0.52,
            "eps_growth_yearly": 343.52
        },
        "20094": {
            "year_quarter": 20094,
            "year": 2009,
            "quarter": 4,
            "eps": 0.65,
            "eps_growth_year": 400,
            "eps_4q": 0.24,
            "eps_4q_growth_year": null,
            "roe": 3.73,
            "roe_4q": 1.1800000000000002,
            "gross_profit": 64931,
            "gross_margin": 23.41,
            "gross_margin_4q_avg": 21.08,
            "net_income": 30940,
            "revenue": 277314,
            "common_shares": 483076,
            "book_valuer_per_share": 17.42,
            "book_valuer_per_share_4q_avg": 17.08,
            "equity": 842398,
            "current_ratio": 304.13,
            "debt_ratio": 23.6,
            "inventory_turnover_ratio": 1.09,
            "account_receivable_turnover_ratio": 2.5,
            "reinvestment_rate": 49.79,
            "research_to_sale_ratio": null,
            "price_fair": 140.84,
            "eps_avg_yearly": 4.02,
            "eps_latest_yearly": 0.52,
            "eps_growth_yearly": 348.48
        },
        "20101": {
            "year_quarter": 20101,
            "year": 2010,
            "quarter": 1,
            "eps": 0.14,
            "eps_growth_year": null,
            "eps_4q": 0.5,
            "eps_4q_growth_year": 14.02,
            "roe": 0.74,
            "roe_4q": 2.6799999999999997,
            "gross_profit": 51902,
            "gross_margin": 16.32,
            "gross_margin_4q_avg": 20.61,
            "net_income": 6283,
            "revenue": 318064,
            "common_shares": 483076,
            "book_valuer_per_share": 17.53,
            "book_valuer_per_share_4q_avg": 17.17,
            "equity": 849078,
            "current_ratio": 253.25,
            "debt_ratio": 25.69,
            "inventory_turnover_ratio": 1.37,
            "account_receivable_turnover_ratio": 1.21,
            "reinvestment_rate": 13.64,
            "research_to_sale_ratio": 3.67,
            "price_fair": 97.02,
            "eps_avg_yearly": 2.77,
            "eps_latest_yearly": 0.56,
            "eps_growth_yearly": 340.15
        },
        "20102": {
            "year_quarter": 20102,
            "year": 2010,
            "quarter": 2,
            "eps": 0.17,
            "eps_growth_year": null,
            "eps_4q": 0.84,
            "eps_4q_growth_year": 457.71,
            "roe": 1.01,
            "roe_4q": 5.180000000000001,
            "gross_profit": 60234,
            "gross_margin": 27.8,
            "gross_margin_4q_avg": 21.96,
            "net_income": 8568,
            "revenue": 216695,
            "common_shares": 483076,
            "book_valuer_per_share": 16.01,
            "book_valuer_per_share_4q_avg": 16.95,
            "equity": 852695,
            "current_ratio": 299.91,
            "debt_ratio": 22.26,
            "inventory_turnover_ratio": 0.64,
            "account_receivable_turnover_ratio": 0.92,
            "reinvestment_rate": 68.06,
            "research_to_sale_ratio": 5.57,
            "price_fair": 70.56,
            "eps_avg_yearly": 2.02,
            "eps_latest_yearly": 0.68,
            "eps_growth_yearly": 363.53
        },
        "20103": {
            "year_quarter": 20103,
            "year": 2010,
            "quarter": 3,
            "eps": 0.32,
            "eps_growth_year": null,
            "eps_4q": 1.2,
            "eps_4q_growth_year": null,
            "roe": 1.96,
            "roe_4q": 7.4399999999999995,
            "gross_profit": 71719,
            "gross_margin": 23.19,
            "gross_margin_4q_avg": 22.68,
            "net_income": 16748,
            "revenue": 309296,
            "common_shares": 531384,
            "book_valuer_per_share": 16.16,
            "book_valuer_per_share_4q_avg": 16.78,
            "equity": 860383,
            "current_ratio": 201.55,
            "debt_ratio": 33.43,
            "inventory_turnover_ratio": 0.72,
            "account_receivable_turnover_ratio": 1.4,
            "reinvestment_rate": 104.08,
            "research_to_sale_ratio": 4.01,
            "price_fair": 59.08,
            "eps_avg_yearly": 1.69,
            "eps_latest_yearly": 1.28,
            "eps_growth_yearly": 416.69
        },
        "20104": {
            "year_quarter": 20104,
            "year": 2010,
            "quarter": 4,
            "eps": -0.3,
            "eps_growth_year": -146.76,
            "eps_4q": 0.31,
            "eps_4q_growth_year": 30.67,
            "roe": -1.95,
            "roe_4q": 1.76,
            "gross_profit": 41138,
            "gross_margin": 10.03,
            "gross_margin_4q_avg": 19.34,
            "net_income": -16593,
            "revenue": 410023,
            "common_shares": 531384,
            "book_valuer_per_share": 15.74,
            "book_valuer_per_share_4q_avg": 16.36,
            "equity": 837217,
            "current_ratio": 167.05,
            "debt_ratio": 42.77,
            "inventory_turnover_ratio": 0.85,
            "account_receivable_turnover_ratio": 1.35,
            "reinvestment_rate": 185.08,
            "research_to_sale_ratio": 3.2,
            "price_fair": 41.07,
            "eps_avg_yearly": 1.17,
            "eps_latest_yearly": 1.28,
            "eps_growth_yearly": 445.83
        },
        "20111": {
            "year_quarter": 20111,
            "year": 2011,
            "quarter": 1,
            "eps": -0.55,
            "eps_growth_year": -492.86,
            "eps_4q": -0.37,
            "eps_4q_growth_year": -174.19,
            "roe": -3.52,
            "roe_4q": -2.5,
            "gross_profit": 25779,
            "gross_margin": 8.55,
            "gross_margin_4q_avg": 17.39,
            "net_income": -29670,
            "revenue": 301484,
            "common_shares": 531384,
            "book_valuer_per_share": 15.97,
            "book_valuer_per_share_4q_avg": 15.97,
            "equity": 849162,
            "current_ratio": 204.86,
            "debt_ratio": 52.54,
            "inventory_turnover_ratio": 0.55,
            "account_receivable_turnover_ratio": 0.77,
            "reinvestment_rate": 124.69,
            "research_to_sale_ratio": 3.91,
            "price_fair": 42.35,
            "eps_avg_yearly": 1.21,
            "eps_latest_yearly": 1.28,
            "eps_growth_yearly": 544.6
        },
        "20112": {
            "year_quarter": 20112,
            "year": 2011,
            "quarter": 2,
            "eps": -0.33,
            "eps_growth_year": -297.64,
            "eps_4q": -0.87,
            "eps_4q_growth_year": -202.92,
            "roe": -2.14,
            "roe_4q": -5.65,
            "gross_profit": 26591,
            "gross_margin": 7.33,
            "gross_margin_4q_avg": 12.28,
            "net_income": -17979,
            "revenue": 362907,
            "common_shares": 531384,
            "book_valuer_per_share": 15.66,
            "book_valuer_per_share_4q_avg": 15.88,
            "equity": 834119,
            "current_ratio": 232.04,
            "debt_ratio": 44.14,
            "inventory_turnover_ratio": 0.74,
            "account_receivable_turnover_ratio": 1.15,
            "reinvestment_rate": null,
            "research_to_sale_ratio": 3.17,
            "price_fair": 31.6,
            "eps_avg_yearly": 0.9,
            "eps_latest_yearly": 1.28,
            "eps_growth_yearly": 461.36
        },
        "20113": {
            "year_quarter": 20113,
            "year": 2011,
            "quarter": 3,
            "eps": -0.04,
            "eps_growth_year": -114.04,
            "eps_4q": -1.23,
            "eps_4q_growth_year": -202.6,
            "roe": -0.32,
            "roe_4q": -7.930000000000001,
            "gross_profit": 52596,
            "gross_margin": 18.66,
            "gross_margin_4q_avg": 11.14,
            "net_income": -2702,
            "revenue": 281895,
            "common_shares": 531384,
            "book_valuer_per_share": 15.74,
            "book_valuer_per_share_4q_avg": 15.78,
            "equity": 837728,
            "current_ratio": 236.44,
            "debt_ratio": 42.4,
            "inventory_turnover_ratio": 0.66,
            "account_receivable_turnover_ratio": 1.43,
            "reinvestment_rate": null,
            "research_to_sale_ratio": 3.81,
            "price_fair": 32.43,
            "eps_avg_yearly": 0.93,
            "eps_latest_yearly": 1.28,
            "eps_growth_yearly": 589.84
        },
        "20114": {
            "year_quarter": 20114,
            "year": 2011,
            "quarter": 4,
            "eps": 0.09,
            "eps_growth_year": null,
            "eps_4q": -0.85,
            "eps_4q_growth_year": -376.5,
            "roe": 0.53,
            "roe_4q": -5.45,
            "gross_profit": 66760,
            "gross_margin": 15.76,
            "gross_margin_4q_avg": 12.58,
            "net_income": 4396,
            "revenue": 423512,
            "common_shares": 531384,
            "book_valuer_per_share": 15.7,
            "book_valuer_per_share_4q_avg": 15.77,
            "equity": 825316,
            "current_ratio": 398.82,
            "debt_ratio": 34.55,
            "inventory_turnover_ratio": 1.5,
            "account_receivable_turnover_ratio": 2.06,
            "reinvestment_rate": null,
            "research_to_sale_ratio": 1.99,
            "price_fair": 32.48,
            "eps_avg_yearly": 0.93,
            "eps_latest_yearly": 1.28,
            "eps_growth_yearly": 690.96
        },
        "20121": {
            "year_quarter": 20121,
            "year": 2012,
            "quarter": 1,
            "eps": -0.42,
            "eps_growth_year": null,
            "eps_4q": -0.72,
            "eps_4q_growth_year": null,
            "roe": -2.78,
            "roe_4q": -4.71,
            "gross_profit": 33322,
            "gross_margin": 21.11,
            "gross_margin_4q_avg": 15.72,
            "net_income": -22328,
            "revenue": 157884,
            "common_shares": 531384,
            "book_valuer_per_share": 15.04,
            "book_valuer_per_share_4q_avg": 15.54,
            "equity": 782719,
            "current_ratio": 147.99,
            "debt_ratio": 37.43,
            "inventory_turnover_ratio": 0.64,
            "account_receivable_turnover_ratio": 0.97,
            "reinvestment_rate": null,
            "research_to_sale_ratio": 6.91,
            "price_fair": 32.48,
            "eps_avg_yearly": 0.93,
            "eps_latest_yearly": 1.28,
            "eps_growth_yearly": 690.96
        },
        "20122": {
            "year_quarter": 20122,
            "year": 2012,
            "quarter": 2,
            "eps": 0.14,
            "eps_growth_year": null,
            "eps_4q": -0.21,
            "eps_4q_growth_year": null,
            "roe": 0.99,
            "roe_4q": -1.5799999999999998,
            "gross_profit": 51225,
            "gross_margin": 23.86,
            "gross_margin_4q_avg": 19.85,
            "net_income": 7734,
            "revenue": 214665,
            "common_shares": 531384,
            "book_valuer_per_share": 15.29,
            "book_valuer_per_share_4q_avg": 15.44,
            "equity": 784472,
            "current_ratio": 157.91,
            "debt_ratio": 37.67,
            "inventory_turnover_ratio": 0.84,
            "account_receivable_turnover_ratio": 1.38,
            "reinvestment_rate": null,
            "research_to_sale_ratio": 5.1,
            "price_fair": 32.48,
            "eps_avg_yearly": 0.93,
            "eps_latest_yearly": 1.28,
            "eps_growth_yearly": 690.96
        },
        "20123": {
            "year_quarter": 20123,
            "year": 2012,
            "quarter": 3,
            "eps": -0.07,
            "eps_growth_year": null,
            "eps_4q": -0.24,
            "eps_4q_growth_year": null,
            "roe": -0.55,
            "roe_4q": -1.8099999999999998,
            "gross_profit": 40069,
            "gross_margin": 23.12,
            "gross_margin_4q_avg": 20.96,
            "net_income": -4196,
            "revenue": 173328,
            "common_shares": 531384,
            "book_valuer_per_share": 14.99,
            "book_valuer_per_share_4q_avg": 15.26,
            "equity": 747729,
            "current_ratio": 168.1,
            "debt_ratio": 38.5,
            "inventory_turnover_ratio": 0.76,
            "account_receivable_turnover_ratio": 1.05,
            "reinvestment_rate": null,
            "research_to_sale_ratio": 6.24,
            "price_fair": 2.28,
            "eps_avg_yearly": 0.76,
            "eps_latest_yearly": 1.28,
            "eps_growth_yearly": -36.3
        },
        "20124": {
            "year_quarter": 20124,
            "year": 2012,
            "quarter": 4,
            "eps": -0.1,
            "eps_growth_year": -208.87,
            "eps_4q": -0.43,
            "eps_4q_growth_year": null,
            "roe": -0.72,
            "roe_4q": -3.0599999999999996,
            "gross_profit": 40784,
            "gross_margin": 27.57,
            "gross_margin_4q_avg": 23.92,
            "net_income": -5387,
            "revenue": 147923,
            "common_shares": 583356,
            "book_valuer_per_share": 13.75,
            "book_valuer_per_share_4q_avg": 14.77,
            "equity": 756191,
            "current_ratio": 236.26,
            "debt_ratio": 37.51,
            "inventory_turnover_ratio": 0.67,
            "account_receivable_turnover_ratio": 1.14,
            "reinvestment_rate": null,
            "research_to_sale_ratio": 6.04,
            "price_fair": 29.4,
            "eps_avg_yearly": 0.84,
            "eps_latest_yearly": 1.28,
            "eps_growth_yearly": 41.6
        },
        "20131": {
            "year_quarter": 20131,
            "year": 2013,
            "quarter": 1,
            "eps": -0.18,
            "eps_growth_year": null,
            "eps_4q": -0.2,
            "eps_4q_growth_year": null,
            "roe": -1.27,
            "roe_4q": -1.55,
            "gross_profit": 25575,
            "gross_margin": 21.59,
            "gross_margin_4q_avg": 24.04,
            "net_income": -9572,
            "revenue": 118471,
            "common_shares": 583356,
            "book_valuer_per_share": 13.69,
            "book_valuer_per_share_4q_avg": 14.43,
            "equity": 752839,
            "current_ratio": 236.22,
            "debt_ratio": 37.02,
            "inventory_turnover_ratio": 0.6,
            "account_receivable_turnover_ratio": 1.2,
            "reinvestment_rate": null,
            "research_to_sale_ratio": 9.87,
            "price_fair": 29.4,
            "eps_avg_yearly": 0.84,
            "eps_latest_yearly": 1.28,
            "eps_growth_yearly": 41.6
        },
        "20132": {
            "year_quarter": 20132,
            "year": 2013,
            "quarter": 2,
            "eps": -0.15,
            "eps_growth_year": -206.13,
            "eps_4q": -0.5,
            "eps_4q_growth_year": null,
            "roe": -1.12,
            "roe_4q": -3.66,
            "gross_profit": 36144,
            "gross_margin": 28.76,
            "gross_margin_4q_avg": 25.26,
            "net_income": -8444,
            "revenue": 125674,
            "common_shares": 583356,
            "book_valuer_per_share": 13.67,
            "book_valuer_per_share_4q_avg": 14.03,
            "equity": 752083,
            "current_ratio": 250.15,
            "debt_ratio": 34.87,
            "inventory_turnover_ratio": 0.57,
            "account_receivable_turnover_ratio": 1.34,
            "reinvestment_rate": null,
            "research_to_sale_ratio": 9,
            "price_fair": 29.4,
            "eps_avg_yearly": 0.84,
            "eps_latest_yearly": 1.28,
            "eps_growth_yearly": 41.6
        },
        "20133": {
            "year_quarter": 20133,
            "year": 2013,
            "quarter": 3,
            "eps": -0.81,
            "eps_growth_year": null,
            "eps_4q": -1.23,
            "eps_4q_growth_year": null,
            "roe": -6.13,
            "roe_4q": -9.24,
            "gross_profit": 23986,
            "gross_margin": 22.78,
            "gross_margin_4q_avg": 25.18,
            "net_income": -44666,
            "revenue": 105295,
            "common_shares": 583356,
            "book_valuer_per_share": 12.83,
            "book_valuer_per_share_4q_avg": 13.49,
            "equity": 705733,
            "current_ratio": 271.48,
            "debt_ratio": 31.93,
            "inventory_turnover_ratio": 0.54,
            "account_receivable_turnover_ratio": 1.32,
            "reinvestment_rate": null,
            "research_to_sale_ratio": 10.08,
            "price_fair": 29.4,
            "eps_avg_yearly": 0.84,
            "eps_latest_yearly": 1.28,
            "eps_growth_yearly": 41.6
        },
        "20134": {
            "year_quarter": 20134,
            "year": 2013,
            "quarter": 4,
            "eps": -0.76,
            "eps_growth_year": null,
            "eps_4q": -1.9,
            "eps_4q_growth_year": null,
            "roe": -6.13,
            "roe_4q": -14.649999999999999,
            "gross_profit": 29431,
            "gross_margin": 26.95,
            "gross_margin_4q_avg": 25.02,
            "net_income": -42063,
            "revenue": 109207,
            "common_shares": 583356,
            "book_valuer_per_share": 12.13,
            "book_valuer_per_share_4q_avg": 13.08,
            "equity": 666920,
            "current_ratio": 246.53,
            "debt_ratio": 33.67,
            "inventory_turnover_ratio": 0.58,
            "account_receivable_turnover_ratio": 1.88,
            "reinvestment_rate": null,
            "research_to_sale_ratio": 9.31,
            "price_fair": 29.4,
            "eps_avg_yearly": 0.84,
            "eps_latest_yearly": 1.28,
            "eps_growth_yearly": 41.6
        },
        "20141": {
            "year_quarter": 20141,
            "year": 2014,
            "quarter": 1,
            "eps": -0.52,
            "eps_growth_year": null,
            "eps_4q": -2.24,
            "eps_4q_growth_year": null,
            "roe": -4.35,
            "roe_4q": -17.73,
            "gross_profit": 11384,
            "gross_margin": 13.96,
            "gross_margin_4q_avg": 23.11,
            "net_income": -28410,
            "revenue": 81533,
            "common_shares": 583356,
            "book_valuer_per_share": 11.61,
            "book_valuer_per_share_4q_avg": 12.56,
            "equity": 638290,
            "current_ratio": 284.68,
            "debt_ratio": 29.37,
            "inventory_turnover_ratio": 0.57,
            "account_receivable_turnover_ratio": 1.78,
            "reinvestment_rate": null,
            "research_to_sale_ratio": 14.62,
            "price_fair": 34.3,
            "eps_avg_yearly": 0.98,
            "eps_latest_yearly": 1.28,
            "eps_growth_yearly": 219.33
        },
        "20142": {
            "year_quarter": 20142,
            "year": 2014,
            "quarter": 2,
            "eps": -0.26,
            "eps_growth_year": null,
            "eps_4q": -2.35,
            "eps_4q_growth_year": null,
            "roe": -2.29,
            "roe_4q": -18.9,
            "gross_profit": 26396,
            "gross_margin": 26.43,
            "gross_margin_4q_avg": 22.53,
            "net_income": -14379,
            "revenue": 99853,
            "common_shares": 583356,
            "book_valuer_per_share": 11.23,
            "book_valuer_per_share_4q_avg": 11.95,
            "equity": 617564,
            "current_ratio": 249.13,
            "debt_ratio": 30.44,
            "inventory_turnover_ratio": 0.59,
            "account_receivable_turnover_ratio": 2.18,
            "reinvestment_rate": null,
            "research_to_sale_ratio": 12.15,
            "price_fair": 44.8,
            "eps_avg_yearly": 1.28,
            "eps_latest_yearly": 1.28,
            "eps_growth_yearly": 352.94
        },
        "20143": {
            "year_quarter": 20143,
            "year": 2014,
            "quarter": 3,
            "eps": 0.03,
            "eps_growth_year": null,
            "eps_4q": -1.52,
            "eps_4q_growth_year": null,
            "roe": 0.21,
            "roe_4q": -12.559999999999999,
            "gross_profit": 38193,
            "gross_margin": 27.85,
            "gross_margin_4q_avg": 23.8,
            "net_income": 1290,
            "revenue": 137160,
            "common_shares": 583356,
            "book_valuer_per_share": 11.42,
            "book_valuer_per_share_4q_avg": 11.6,
            "equity": 627818,
            "current_ratio": 246.5,
            "debt_ratio": 29.43,
            "inventory_turnover_ratio": 0.77,
            "account_receivable_turnover_ratio": 2.18,
            "reinvestment_rate": null,
            "research_to_sale_ratio": 7.64,
            "price_fair": 0,
            "eps_avg_yearly": 0,
            "eps_latest_yearly": 0,
            "eps_growth_yearly": 0
        },
        "20144": {
            "year_quarter": 20144,
            "year": 2014,
            "quarter": 4,
            "eps": -0.01,
            "eps_growth_year": null,
            "eps_4q": -0.77,
            "eps_4q_growth_year": null,
            "roe": -0.11,
            "roe_4q": -6.539999999999999,
            "gross_profit": 22928,
            "gross_margin": 20.93,
            "gross_margin_4q_avg": 22.29,
            "net_income": -714,
            "revenue": 109524,
            "common_shares": 583356,
            "book_valuer_per_share": 11.57,
            "book_valuer_per_share_4q_avg": 11.46,
            "equity": 636321,
            "current_ratio": 254.69,
            "debt_ratio": 27.03,
            "inventory_turnover_ratio": 0.73,
            "account_receivable_turnover_ratio": 1.71,
            "reinvestment_rate": null,
            "research_to_sale_ratio": 6.64,
            "price_fair": 0,
            "eps_avg_yearly": 0,
            "eps_latest_yearly": 0,
            "eps_growth_yearly": 0
        },
        "20151": {
            "year_quarter": 20151,
            "year": 2015,
            "quarter": 1,
            "eps": 0.01,
            "eps_growth_year": null,
            "eps_4q": -0.25,
            "eps_4q_growth_year": null,
            "roe": 0.05,
            "roe_4q": -2.14,
            "gross_profit": 38335,
            "gross_margin": 29.6,
            "gross_margin_4q_avg": 26.2,
            "net_income": 321,
            "revenue": 129499,
            "common_shares": 571696,
            "book_valuer_per_share": 11.56,
            "book_valuer_per_share_4q_avg": 11.45,
            "equity": 635699,
            "current_ratio": 246.84,
            "debt_ratio": 26.11,
            "inventory_turnover_ratio": 0.84,
            "account_receivable_turnover_ratio": 2.05,
            "reinvestment_rate": null,
            "research_to_sale_ratio": 7.53,
            "price_fair": 0,
            "eps_avg_yearly": 0,
            "eps_latest_yearly": 0,
            "eps_growth_yearly": 0
        },
        "20152": {
            "year_quarter": 20152,
            "year": 2015,
            "quarter": 2,
            "eps": 0,
            "eps_growth_year": null,
            "eps_4q": 0.02,
            "eps_4q_growth_year": null,
            "roe": 0.02,
            "roe_4q": 0.16999999999999998,
            "gross_profit": 35704,
            "gross_margin": 25.55,
            "gross_margin_4q_avg": 25.98,
            "net_income": 140,
            "revenue": 139757,
            "common_shares": 571696,
            "book_valuer_per_share": 11.38,
            "book_valuer_per_share_4q_avg": 11.48,
            "equity": 625546,
            "current_ratio": 210.94,
            "debt_ratio": 28.04,
            "inventory_turnover_ratio": 0.87,
            "account_receivable_turnover_ratio": 1.9,
            "reinvestment_rate": null,
            "research_to_sale_ratio": 7.63,
            "price_fair": 0,
            "eps_avg_yearly": 0,
            "eps_latest_yearly": 0,
            "eps_growth_yearly": 0
        },
        "20153": {
            "year_quarter": 20153,
            "year": 2015,
            "quarter": 3,
            "eps": 0.3,
            "eps_growth_year": 900,
            "eps_4q": 0.29,
            "eps_4q_growth_year": null,
            "roe": 2.49,
            "roe_4q": 2.45,
            "gross_profit": 55324,
            "gross_margin": 27.35,
            "gross_margin_4q_avg": 25.86,
            "net_income": 15946,
            "revenue": 202317,
            "common_shares": 564336,
            "book_valuer_per_share": 11.93,
            "book_valuer_per_share_4q_avg": 11.61,
            "equity": 655802,
            "current_ratio": 200.03,
            "debt_ratio": 29.46,
            "inventory_turnover_ratio": 1.09,
            "account_receivable_turnover_ratio": 2.42,
            "reinvestment_rate": null,
            "research_to_sale_ratio": 5,
            "price_fair": 0,
            "eps_avg_yearly": 0,
            "eps_latest_yearly": 0,
            "eps_growth_yearly": 0
        },
        "20154": {
            "year_quarter": 20154,
            "year": 2015,
            "quarter": 4,
            "eps": 0.01,
            "eps_growth_year": null,
            "eps_4q": 0.3,
            "eps_4q_growth_year": null,
            "roe": 0.05,
            "roe_4q": 2.61,
            "gross_profit": 39744,
            "gross_margin": 28.52,
            "gross_margin_4q_avg": 27.76,
            "net_income": 310,
            "revenue": 139354,
            "common_shares": 549706,
            "book_valuer_per_share": 11.68,
            "book_valuer_per_share_4q_avg": 11.64,
            "equity": 642051,
            "current_ratio": 209.06,
            "debt_ratio": 26.49,
            "inventory_turnover_ratio": 0.84,
            "account_receivable_turnover_ratio": 2.08,
            "reinvestment_rate": null,
            "research_to_sale_ratio": 9.77,
            "price_fair": 0.12,
            "eps_avg_yearly": 0.04,
            "eps_latest_yearly": 0.04,
            "eps_growth_yearly": -386.67
        },
        "20161": {
            "year_quarter": 20161,
            "year": 2016,
            "quarter": 1,
            "eps": -0.25,
            "eps_growth_year": -2600,
            "eps_4q": 0.05,
            "eps_4q_growth_year": null,
            "roe": -2.16,
            "roe_4q": 0.3999999999999999,
            "gross_profit": 29585,
            "gross_margin": 27.25,
            "gross_margin_4q_avg": 27.17,
            "net_income": -13679,
            "revenue": 108571,
            "common_shares": 549706,
            "book_valuer_per_share": 11.39,
            "book_valuer_per_share_4q_avg": 11.6,
            "equity": 626298,
            "current_ratio": 178.89,
            "debt_ratio": 29.42,
            "inventory_turnover_ratio": 0.74,
            "account_receivable_turnover_ratio": 2.29,
            "reinvestment_rate": null,
            "research_to_sale_ratio": 12.13,
            "price_fair": 0.12,
            "eps_avg_yearly": 0.04,
            "eps_latest_yearly": 0.04,
            "eps_growth_yearly": -386.67
        },
        "20162": {
            "year_quarter": 20162,
            "year": 2016,
            "quarter": 2,
            "eps": 0.02,
            "eps_growth_year": null,
            "eps_4q": 0.06,
            "eps_4q_growth_year": 243.39,
            "roe": 0.16,
            "roe_4q": 0.5400000000000003,
            "gross_profit": 37098,
            "gross_margin": 25.14,
            "gross_margin_4q_avg": 27.07,
            "net_income": 984,
            "revenue": 147540,
            "common_shares": 549706,
            "book_valuer_per_share": 11.27,
            "book_valuer_per_share_4q_avg": 11.57,
            "equity": 619413,
            "current_ratio": 181.22,
            "debt_ratio": 32.92,
            "inventory_turnover_ratio": 0.93,
            "account_receivable_turnover_ratio": 2.53,
            "reinvestment_rate": null,
            "research_to_sale_ratio": 8.78,
            "price_fair": 0.12,
            "eps_avg_yearly": 0.04,
            "eps_latest_yearly": 0.04,
            "eps_growth_yearly": -386.67
        },
        "20163": {
            "year_quarter": 20163,
            "year": 2016,
            "quarter": 3,
            "eps": -0.09,
            "eps_growth_year": -130,
            "eps_4q": -0.31,
            "eps_4q_growth_year": -209.59,
            "roe": -0.79,
            "roe_4q": -2.74,
            "gross_profit": 39443,
            "gross_margin": 28.35,
            "gross_margin_4q_avg": 27.32,
            "net_income": -4813,
            "revenue": 139149,
            "common_shares": 549706,
            "book_valuer_per_share": 11.02,
            "book_valuer_per_share_4q_avg": 11.34,
            "equity": 605973,
            "current_ratio": 168.79,
            "debt_ratio": 35.66,
            "inventory_turnover_ratio": 0.77,
            "account_receivable_turnover_ratio": 2.31,
            "reinvestment_rate": null,
            "research_to_sale_ratio": 9.39,
            "price_fair": 0.12,
            "eps_avg_yearly": 0.04,
            "eps_latest_yearly": 0.04,
            "eps_growth_yearly": -386.67
        },
        "20164": {
            "year_quarter": 20164,
            "year": 2016,
            "quarter": 4,
            "eps": 0.33,
            "eps_growth_year": 5776.84,
            "eps_4q": 0.01,
            "eps_4q_growth_year": -95.76,
            "roe": 2.96,
            "roe_4q": 0.16999999999999993,
            "gross_profit": 46569,
            "gross_margin": 28.14,
            "gross_margin_4q_avg": 27.22,
            "net_income": 18217,
            "revenue": 165483,
            "common_shares": 549706,
            "book_valuer_per_share": 11.33,
            "book_valuer_per_share_4q_avg": 11.25,
            "equity": 622985,
            "current_ratio": 176.32,
            "debt_ratio": 35.56,
            "inventory_turnover_ratio": 1.04,
            "account_receivable_turnover_ratio": 2.14,
            "reinvestment_rate": null,
            "research_to_sale_ratio": 7.32,
            "price_fair": 0.12,
            "eps_avg_yearly": 0.04,
            "eps_latest_yearly": 0.04,
            "eps_growth_yearly": -386.67
        },
        "20171": {
            "year_quarter": 20171,
            "year": 2017,
            "quarter": 1,
            "eps": -0.21,
            "eps_growth_year": null,
            "eps_4q": 0.05,
            "eps_4q_growth_year": 2.5,
            "roe": -1.9,
            "roe_4q": 0.43000000000000005,
            "gross_profit": 38953,
            "gross_margin": 33.15,
            "gross_margin_4q_avg": 28.7,
            "net_income": -11603,
            "revenue": 117500,
            "common_shares": 549706,
            "book_valuer_per_share": 10.9,
            "book_valuer_per_share_4q_avg": 11.13,
            "equity": 599062,
            "current_ratio": 161.75,
            "debt_ratio": 38.62,
            "inventory_turnover_ratio": 0.73,
            "account_receivable_turnover_ratio": 1.48,
            "reinvestment_rate": null,
            "research_to_sale_ratio": 8.89,
            "price_fair": 0.12,
            "eps_avg_yearly": 0.04,
            "eps_latest_yearly": 0.04,
            "eps_growth_yearly": -386.67
        },
        "20172": {
            "year_quarter": 20172,
            "year": 2017,
            "quarter": 2,
            "eps": 0.44,
            "eps_growth_year": 2100,
            "eps_4q": 0.47,
            "eps_4q_growth_year": 625.86,
            "roe": 3.92,
            "roe_4q": 4.19,
            "gross_profit": 68491,
            "gross_margin": 34.17,
            "gross_margin_4q_avg": 30.95,
            "net_income": 24047,
            "revenue": 200452,
            "common_shares": 549706,
            "book_valuer_per_share": 11.4,
            "book_valuer_per_share_4q_avg": 11.16,
            "equity": 626648,
            "current_ratio": 174.51,
            "debt_ratio": 37.24,
            "inventory_turnover_ratio": 1.11,
            "account_receivable_turnover_ratio": 2.57,
            "reinvestment_rate": null,
            "research_to_sale_ratio": 5.44,
            "price_fair": 0.12,
            "eps_avg_yearly": 0.04,
            "eps_latest_yearly": 0.04,
            "eps_growth_yearly": -386.67
        },
        "20173": {
            "year_quarter": 20173,
            "year": 2017,
            "quarter": 3,
            "eps": 0.1,
            "eps_growth_year": null,
            "eps_4q": 0.66,
            "eps_4q_growth_year": null,
            "roe": 0.92,
            "roe_4q": 5.9,
            "gross_profit": 44789,
            "gross_margin": 27.86,
            "gross_margin_4q_avg": 30.83,
            "net_income": 5811,
            "revenue": 160739,
            "common_shares": 549706,
            "book_valuer_per_share": 11.51,
            "book_valuer_per_share_4q_avg": 11.29,
            "equity": 632956,
            "current_ratio": 178.04,
            "debt_ratio": 37.1,
            "inventory_turnover_ratio": 0.98,
            "account_receivable_turnover_ratio": 1.76,
            "reinvestment_rate": null,
            "research_to_sale_ratio": 6.59,
            "price_fair": 0.66,
            "eps_avg_yearly": 0.22,
            "eps_latest_yearly": 0.4,
            "eps_growth_yearly": -347.88
        },
        "20174": {
            "year_quarter": 20174,
            "year": 2017,
            "quarter": 4,
            "eps": -0.18,
            "eps_growth_year": -155.73,
            "eps_4q": 0.15,
            "eps_4q_growth_year": 1042.72,
            "roe": -1.62,
            "roe_4q": 1.3199999999999998,
            "gross_profit": 29834,
            "gross_margin": 25.4,
            "gross_margin_4q_avg": 30.15,
            "net_income": -10153,
            "revenue": 117480,
            "common_shares": 549706,
            "book_valuer_per_share": 11.29,
            "book_valuer_per_share_4q_avg": 11.28,
            "equity": 620876,
            "current_ratio": 169.25,
            "debt_ratio": 39.26,
            "inventory_turnover_ratio": 0.69,
            "account_receivable_turnover_ratio": 1.68,
            "reinvestment_rate": null,
            "research_to_sale_ratio": 9.28,
            "price_fair": 0.66,
            "eps_avg_yearly": 0.22,
            "eps_latest_yearly": 0.4,
            "eps_growth_yearly": -347.88
        },
        "20181": {
            "year_quarter": 20181,
            "year": 2018,
            "quarter": 1,
            "eps": -0.12,
            "eps_growth_year": null,
            "eps_4q": 0.24,
            "eps_4q_growth_year": 379.97,
            "roe": -1.02,
            "roe_4q": 2.1999999999999997,
            "gross_profit": 34602,
            "gross_margin": 30.26,
            "gross_margin_4q_avg": 29.42,
            "net_income": -6338,
            "revenue": 114360,
            "common_shares": 549706,
            "book_valuer_per_share": 11.24,
            "book_valuer_per_share_4q_avg": 11.36,
            "equity": 617887,
            "current_ratio": 157.44,
            "debt_ratio": 42.95,
            "inventory_turnover_ratio": 0.5,
            "account_receivable_turnover_ratio": 1.74,
            "reinvestment_rate": -1879.71,
            "research_to_sale_ratio": 11.79,
            "price_fair": 0.66,
            "eps_avg_yearly": 0.22,
            "eps_latest_yearly": 0.4,
            "eps_growth_yearly": -347.88
        },
        "20182": {
            "year_quarter": 20182,
            "year": 2018,
            "quarter": 2,
            "eps": 0.32,
            "eps_growth_year": -27.27,
            "eps_4q": 0.12,
            "eps_4q_growth_year": -73.57,
            "roe": 2.83,
            "roe_4q": 1.1099999999999999,
            "gross_profit": 45329,
            "gross_margin": 24.52,
            "gross_margin_4q_avg": 27.01,
            "net_income": 17511,
            "revenue": 184900,
            "common_shares": 549706,
            "book_valuer_per_share": 11.26,
            "book_valuer_per_share_4q_avg": 11.33,
            "equity": 618733,
            "current_ratio": 154.79,
            "debt_ratio": 44.49,
            "inventory_turnover_ratio": 0.8,
            "account_receivable_turnover_ratio": 1.84,
            "reinvestment_rate": -256.82,
            "research_to_sale_ratio": 6.14,
            "price_fair": 0.66,
            "eps_avg_yearly": 0.22,
            "eps_latest_yearly": 0.4,
            "eps_growth_yearly": -347.88
        },
        "20183": {
            "year_quarter": 20183,
            "year": 2018,
            "quarter": 3,
            "eps": 0.1,
            "eps_growth_year": 0,
            "eps_4q": 0.12,
            "eps_4q_growth_year": -81.59,
            "roe": 0.92,
            "roe_4q": 1.1099999999999999,
            "gross_profit": 44161,
            "gross_margin": 29,
            "gross_margin_4q_avg": 27.3,
            "net_income": 5696,
            "revenue": 152259,
            "common_shares": 549706,
            "book_valuer_per_share": 11.18,
            "book_valuer_per_share_4q_avg": 11.24,
            "equity": 614474,
            "current_ratio": 153.65,
            "debt_ratio": 45.72,
            "inventory_turnover_ratio": 0.6,
            "account_receivable_turnover_ratio": 1.52,
            "reinvestment_rate": -243.33,
            "research_to_sale_ratio": 8.67,
            "price_fair": 0.84,
            "eps_avg_yearly": 0.28,
            "eps_latest_yearly": 0.4,
            "eps_growth_yearly": -323.59
        },
        "20184": {
            "year_quarter": 20184,
            "year": 2018,
            "quarter": 4,
            "eps": 0.15,
            "eps_growth_year": null,
            "eps_4q": 0.45,
            "eps_4q_growth_year": 206.84,
            "roe": 1.29,
            "roe_4q": 4.02,
            "gross_profit": 48299,
            "gross_margin": 27.94,
            "gross_margin_4q_avg": 27.93,
            "net_income": 7991,
            "revenue": 172849,
            "common_shares": 549706,
            "book_valuer_per_share": 11.34,
            "book_valuer_per_share_4q_avg": 11.26,
            "equity": 623603,
            "current_ratio": 157.56,
            "debt_ratio": 45.05,
            "inventory_turnover_ratio": 0.67,
            "account_receivable_turnover_ratio": 2.31,
            "reinvestment_rate": -198.88,
            "research_to_sale_ratio": 7.15,
            "price_fair": 1.08,
            "eps_avg_yearly": 0.36,
            "eps_latest_yearly": 0.6,
            "eps_growth_yearly": -192.69
        },
        "20191": {
            "year_quarter": 20191,
            "year": 2019,
            "quarter": 1,
            "eps": 0.1,
            "eps_growth_year": null,
            "eps_4q": 0.66,
            "eps_4q_growth_year": 173.44,
            "roe": 0.85,
            "roe_4q": 5.890000000000001,
            "gross_profit": 48814,
            "gross_margin": 28.5,
            "gross_margin_4q_avg": 27.49,
            "net_income": 5353,
            "revenue": 171281,
            "common_shares": 549706,
            "book_valuer_per_share": 11.6,
            "book_valuer_per_share_4q_avg": 11.35,
            "equity": 637904,
            "current_ratio": 157.21,
            "debt_ratio": 45.92,
            "inventory_turnover_ratio": 0.64,
            "account_receivable_turnover_ratio": 2.12,
            "reinvestment_rate": -172.63,
            "research_to_sale_ratio": 7.85,
            "price_fair": 1.1,
            "eps_avg_yearly": 0.37,
            "eps_latest_yearly": 0.4,
            "eps_growth_yearly": -180.82
        },
        "20192": {
            "year_quarter": 20192,
            "year": 2019,
            "quarter": 2,
            "eps": 0.27,
            "eps_growth_year": -15.62,
            "eps_4q": 0.62,
            "eps_4q_growth_year": 401.58,
            "roe": 2.4,
            "roe_4q": 5.46,
            "gross_profit": 57872,
            "gross_margin": 26.33,
            "gross_margin_4q_avg": 27.94,
            "net_income": 15223,
            "revenue": 219791,
            "common_shares": 549706,
            "book_valuer_per_share": 11.52,
            "book_valuer_per_share_4q_avg": 11.41,
            "equity": 633314,
            "current_ratio": 155.32,
            "debt_ratio": 46.38,
            "inventory_turnover_ratio": 0.78,
            "account_receivable_turnover_ratio": 2.21,
            "reinvestment_rate": -128.74,
            "research_to_sale_ratio": 5.39,
            "price_fair": 1.46,
            "eps_avg_yearly": 0.49,
            "eps_latest_yearly": 1.08,
            "eps_growth_yearly": -37.35
        },
        "20193": {
            "year_quarter": 20193,
            "year": 2019,
            "quarter": 3,
            "eps": 0.33,
            "eps_growth_year": 230,
            "eps_4q": 0.85,
            "eps_4q_growth_year": 591.9,
            "roe": 2.8,
            "roe_4q": 7.339999999999999,
            "gross_profit": 66932,
            "gross_margin": 34.73,
            "gross_margin_4q_avg": 29.38,
            "net_income": 17901,
            "revenue": 192740,
            "common_shares": 549706,
            "book_valuer_per_share": 11.7,
            "book_valuer_per_share_4q_avg": 11.54,
            "equity": 643238,
            "current_ratio": 158.04,
            "debt_ratio": 47.4,
            "inventory_turnover_ratio": 0.62,
            "account_receivable_turnover_ratio": 1.68,
            "reinvestment_rate": -134.46,
            "research_to_sale_ratio": 6.48,
            "price_fair": 1.82,
            "eps_avg_yearly": 0.61,
            "eps_latest_yearly": 1.32,
            "eps_growth_yearly": -19.31
        },
        "20194": {
            "year_quarter": 20194,
            "year": 2019,
            "quarter": 4,
            "eps": -0.13,
            "eps_growth_year": -188.2,
            "eps_4q": 0.57,
            "eps_4q_growth_year": 26.42,
            "roe": -1.11,
            "roe_4q": 4.9399999999999995,
            "gross_profit": 47816,
            "gross_margin": 28.05,
            "gross_margin_4q_avg": 29.4,
            "net_income": -7048,
            "revenue": 170446,
            "common_shares": 549706,
            "book_valuer_per_share": 11.49,
            "book_valuer_per_share_4q_avg": 11.58,
            "equity": 631799,
            "current_ratio": 158.14,
            "debt_ratio": 47.01,
            "inventory_turnover_ratio": 0.69,
            "account_receivable_turnover_ratio": 1.56,
            "reinvestment_rate": -132,
            "research_to_sale_ratio": 8.41,
            "price_fair": 24.5,
            "eps_avg_yearly": 0.7,
            "eps_latest_yearly": 1.32,
            "eps_growth_yearly": 41.91
        },
        "20201": {
            "year_quarter": 20201,
            "year": 2020,
            "quarter": 1,
            "eps": -0.3,
            "eps_growth_year": -400,
            "eps_4q": 0.17,
            "eps_4q_growth_year": -74.22,
            "roe": -2.68,
            "roe_4q": 1.4099999999999997,
            "gross_profit": 14682,
            "gross_margin": 19.12,
            "gross_margin_4q_avg": 27.06,
            "net_income": -16655,
            "revenue": 76801,
            "common_shares": 549706,
            "book_valuer_per_share": 11.15,
            "book_valuer_per_share_4q_avg": 11.47,
            "equity": 612772,
            "current_ratio": 157.25,
            "debt_ratio": 46.79,
            "inventory_turnover_ratio": 0.38,
            "account_receivable_turnover_ratio": 1.05,
            "reinvestment_rate": -137.82,
            "research_to_sale_ratio": 18.17,
            "price_fair": 24.5,
            "eps_avg_yearly": 0.7,
            "eps_latest_yearly": 1.32,
            "eps_growth_yearly": 41.91
        },
        "20202": {
            "year_quarter": 20202,
            "year": 2020,
            "quarter": 2,
            "eps": -0.16,
            "eps_growth_year": -159.26,
            "eps_4q": -0.27,
            "eps_4q_growth_year": -143.25,
            "roe": -1.52,
            "roe_4q": -2.5100000000000007,
            "gross_profit": 26238,
            "gross_margin": 25.13,
            "gross_margin_4q_avg": 26.76,
            "net_income": -9018,
            "revenue": 104395,
            "common_shares": 549706,
            "book_valuer_per_share": 10.45,
            "book_valuer_per_share_4q_avg": 11.2,
            "equity": 574366,
            "current_ratio": 146.87,
            "debt_ratio": 50.01,
            "inventory_turnover_ratio": 0.49,
            "account_receivable_turnover_ratio": 2.17,
            "reinvestment_rate": -154.55,
            "research_to_sale_ratio": 9.15,
            "price_fair": 24.5,
            "eps_avg_yearly": 0.7,
            "eps_latest_yearly": 1.32,
            "eps_growth_yearly": 41.91
        },
        "20203": {
            "year_quarter": 20203,
            "year": 2020,
            "quarter": 3,
            "eps": -0.22,
            "eps_growth_year": -166.67,
            "eps_4q": -0.82,
            "eps_4q_growth_year": -196.6,
            "roe": -2.13,
            "roe_4q": -7.44,
            "gross_profit": 21081,
            "gross_margin": 24.07,
            "gross_margin_4q_avg": 24.09,
            "net_income": -12165,
            "revenue": 87581,
            "common_shares": 549706,
            "book_valuer_per_share": 10.29,
            "book_valuer_per_share_4q_avg": 10.85,
            "equity": 565834,
            "current_ratio": 141.82,
            "debt_ratio": 52.08,
            "inventory_turnover_ratio": 0.41,
            "account_receivable_turnover_ratio": 1.94,
            "reinvestment_rate": -169.57,
            "research_to_sale_ratio": 9.72,
            "price_fair": 24.5,
            "eps_avg_yearly": 0.7,
            "eps_latest_yearly": 1.32,
            "eps_growth_yearly": 41.91
        },
        "20204": {
            "year_quarter": 20204,
            "year": 2020,
            "quarter": 4,
            "eps": 0.19,
            "eps_growth_year": null,
            "eps_4q": -0.49,
            "eps_4q_growth_year": -186.52,
            "roe": 1.86,
            "roe_4q": -4.47,
            "gross_profit": 27279,
            "gross_margin": 18.5,
            "gross_margin_4q_avg": 21.71,
            "net_income": 10646,
            "revenue": 147478,
            "common_shares": 549706,
            "book_valuer_per_share": 10.58,
            "book_valuer_per_share_4q_avg": 10.62,
            "equity": 581766,
            "current_ratio": 142.43,
            "debt_ratio": 49.62,
            "inventory_turnover_ratio": 0.74,
            "account_receivable_turnover_ratio": 2.46,
            "reinvestment_rate": -199.23,
            "research_to_sale_ratio": 9.89,
            "price_fair": 24.5,
            "eps_avg_yearly": 0.7,
            "eps_latest_yearly": 1.32,
            "eps_growth_yearly": 41.91
        },
        "20211": {
            "year_quarter": 20211,
            "year": 2021,
            "quarter": 1,
            "eps": -0.26,
            "eps_growth_year": null,
            "eps_4q": -0.45,
            "eps_4q_growth_year": -363.44,
            "roe": -2.49,
            "roe_4q": -4.279999999999999,
            "gross_profit": 15632,
            "gross_margin": 16.15,
            "gross_margin_4q_avg": 20.96,
            "net_income": -14282,
            "revenue": 96772,
            "common_shares": 549706,
            "book_valuer_per_share": 10.29,
            "book_valuer_per_share_4q_avg": 10.4,
            "equity": 565678,
            "current_ratio": 139.59,
            "debt_ratio": 50.29,
            "inventory_turnover_ratio": 0.55,
            "account_receivable_turnover_ratio": 1.53,
            "reinvestment_rate": -206.71,
            "research_to_sale_ratio": 10.89,
            "price_fair": 24.5,
            "eps_avg_yearly": 0.7,
            "eps_latest_yearly": 1.32,
            "eps_growth_yearly": 41.91
        },
        "20212": {
            "year_quarter": 20212,
            "year": 2021,
            "quarter": 2,
            "eps": -0.11,
            "eps_growth_year": null,
            "eps_4q": -0.4,
            "eps_4q_growth_year": null,
            "roe": -1.06,
            "roe_4q": -3.8200000000000003,
            "gross_profit": 28365,
            "gross_margin": 23.32,
            "gross_margin_4q_avg": 20.51,
            "net_income": -5961,
            "revenue": 121656,
            "common_shares": 549706,
            "book_valuer_per_share": 10.14,
            "book_valuer_per_share_4q_avg": 10.33,
            "equity": 557246,
            "current_ratio": 137.09,
            "debt_ratio": 51.36,
            "inventory_turnover_ratio": 0.64,
            "account_receivable_turnover_ratio": 2.41,
            "reinvestment_rate": -1622.14,
            "research_to_sale_ratio": 9.06,
            "price_fair": 24.5,
            "eps_avg_yearly": 0.7,
            "eps_latest_yearly": 1.32,
            "eps_growth_yearly": 41.91
        },
        "20213": {
            "year_quarter": 20213,
            "year": 2021,
            "quarter": 3,
            "eps": 0.12,
            "eps_growth_year": null,
            "eps_4q": -0.06,
            "eps_4q_growth_year": null,
            "roe": 1.15,
            "roe_4q": -0.5400000000000003,
            "gross_profit": 22675,
            "gross_margin": 22.89,
            "gross_margin_4q_avg": 20.22,
            "net_income": 6454,
            "revenue": 99061,
            "common_shares": 549706,
            "book_valuer_per_share": 10.25,
            "book_valuer_per_share_4q_avg": 10.32,
            "equity": 563367,
            "current_ratio": 139.29,
            "debt_ratio": 51.17,
            "inventory_turnover_ratio": 0.5,
            "account_receivable_turnover_ratio": 1.92,
            "reinvestment_rate": -1359.5,
            "research_to_sale_ratio": 10.91,
            "price_fair": 26.6,
            "eps_avg_yearly": 0.76,
            "eps_latest_yearly": 1.32,
            "eps_growth_yearly": 112.11
        },
        "20214": {
            "year_quarter": 20214,
            "year": 2021,
            "quarter": 4,
            "eps": 0.07,
            "eps_growth_year": -65.49,
            "eps_4q": -0.18,
            "eps_4q_growth_year": null,
            "roe": 0.65,
            "roe_4q": -1.7500000000000004,
            "gross_profit": 31719,
            "gross_margin": 26.43,
            "gross_margin_4q_avg": 22.2,
            "net_income": 3674,
            "revenue": 120013,
            "common_shares": 549706,
            "book_valuer_per_share": 10.35,
            "book_valuer_per_share_4q_avg": 10.26,
            "equity": 568842,
            "current_ratio": 141.15,
            "debt_ratio": 50.93,
            "inventory_turnover_ratio": 0.56,
            "account_receivable_turnover_ratio": 2.48,
            "reinvestment_rate": -362.29,
            "research_to_sale_ratio": 8.94,
            "price_fair": 23.8,
            "eps_avg_yearly": 0.68,
            "eps_latest_yearly": 0.28,
            "eps_growth_yearly": 65.65
        },
        "20221": {
            "year_quarter": 20221,
            "year": 2022,
            "quarter": 1,
            "eps": -0.03,
            "eps_growth_year": null,
            "eps_4q": 0.05,
            "eps_4q_growth_year": null,
            "roe": -0.25,
            "roe_4q": 0.48999999999999977,
            "gross_profit": 24512,
            "gross_margin": 28.27,
            "gross_margin_4q_avg": 25.23,
            "net_income": -1428,
            "revenue": 86706,
            "common_shares": 549706,
            "book_valuer_per_share": 10.51,
            "book_valuer_per_share_4q_avg": 10.31,
            "equity": 577708,
            "current_ratio": 146.69,
            "debt_ratio": 48.39,
            "inventory_turnover_ratio": 0.36,
            "account_receivable_turnover_ratio": 1.97,
            "reinvestment_rate": -231.68,
            "research_to_sale_ratio": 12.03,
            "price_fair": 23.8,
            "eps_avg_yearly": 0.68,
            "eps_latest_yearly": 0.28,
            "eps_growth_yearly": 65.65
        },
        "20222": {
            "year_quarter": 20222,
            "year": 2022,
            "quarter": 2,
            "eps": 0.11,
            "eps_growth_year": null,
            "eps_4q": 0.27,
            "eps_4q_growth_year": null,
            "roe": 1.09,
            "roe_4q": 2.64,
            "gross_profit": 22010,
            "gross_margin": 24.95,
            "gross_margin_4q_avg": 25.64,
            "net_income": 6315,
            "revenue": 88224,
            "common_shares": 549706,
            "book_valuer_per_share": 10.59,
            "book_valuer_per_share_4q_avg": 10.43,
            "equity": 582066,
            "current_ratio": 148.91,
            "debt_ratio": 48.03,
            "inventory_turnover_ratio": 0.36,
            "account_receivable_turnover_ratio": 2.6,
            "reinvestment_rate": -418.08,
            "research_to_sale_ratio": 10.89,
            "price_fair": 23.8,
            "eps_avg_yearly": 0.68,
            "eps_latest_yearly": 0.28,
            "eps_growth_yearly": 65.65
        },
        "20223": {
            "year_quarter": 20223,
            "year": 2022,
            "quarter": 3,
            "eps": 0.09,
            "eps_growth_year": -25,
            "eps_4q": 0.25,
            "eps_4q_growth_year": null,
            "roe": 0.86,
            "roe_4q": 2.35,
            "gross_profit": 14902,
            "gross_margin": 21.39,
            "gross_margin_4q_avg": 25.26,
            "net_income": 5061,
            "revenue": 69670,
            "common_shares": 549706,
            "book_valuer_per_share": 10.77,
            "book_valuer_per_share_4q_avg": 10.56,
            "equity": 592207,
            "current_ratio": 152.56,
            "debt_ratio": 47.24,
            "inventory_turnover_ratio": 0.3,
            "account_receivable_turnover_ratio": 2.9,
            "reinvestment_rate": -407.51,
            "research_to_sale_ratio": 13.87,
            "price_fair": 23.57,
            "eps_avg_yearly": 0.67,
            "eps_latest_yearly": 0.36,
            "eps_growth_yearly": 99.36
        },
        "20224": {
            "year_quarter": 20224,
            "year": 2022,
            "quarter": 4,
            "eps": -0.26,
            "eps_growth_year": -481.76,
            "eps_4q": -0.07,
            "eps_4q_growth_year": null,
            "roe": -2.41,
            "roe_4q": -0.7100000000000002,
            "gross_profit": 20668,
            "gross_margin": 24.93,
            "gross_margin_4q_avg": 24.89,
            "net_income": -14026,
            "revenue": 82905,
            "common_shares": 549706,
            "book_valuer_per_share": 10.42,
            "book_valuer_per_share_4q_avg": 10.57,
            "equity": 572932,
            "current_ratio": 149.73,
            "debt_ratio": 47.81,
            "inventory_turnover_ratio": 0.34,
            "account_receivable_turnover_ratio": 3.07,
            "reinvestment_rate": null,
            "research_to_sale_ratio": 11.71,
            "price_fair": 24.08,
            "eps_avg_yearly": 0.69,
            "eps_latest_yearly": 0.36,
            "eps_growth_yearly": 79.23
        },
        "20231": {
            "year_quarter": 20231,
            "year": 2023,
            "quarter": 1,
            "eps": -0.31,
            "eps_growth_year": null,
            "eps_4q": -0.35,
            "eps_4q_growth_year": -811.53,
            "roe": -2.98,
            "roe_4q": -3.4400000000000004,
            "gross_profit": 14094,
            "gross_margin": 16.45,
            "gross_margin_4q_avg": 21.93,
            "net_income": -16839,
            "revenue": 85679,
            "common_shares": 549706,
            "book_valuer_per_share": 10.13,
            "book_valuer_per_share_4q_avg": 10.48,
            "equity": 556964,
            "current_ratio": 167.08,
            "debt_ratio": 39.45,
            "inventory_turnover_ratio": 0.42,
            "account_receivable_turnover_ratio": 2.55,
            "reinvestment_rate": null,
            "research_to_sale_ratio": 11.19,
            "price_fair": 26.6,
            "eps_avg_yearly": 0.76,
            "eps_latest_yearly": 0.36,
            "eps_growth_yearly": 132.37
        },
        "20232": {
            "year_quarter": 20232,
            "year": 2023,
            "quarter": 2,
            "eps": -0.14,
            "eps_growth_year": -227.27,
            "eps_4q": -0.61,
            "eps_4q_growth_year": -323.73,
            "roe": -1.42,
            "roe_4q": -5.95,
            "gross_profit": 13563,
            "gross_margin": 19.29,
            "gross_margin_4q_avg": 20.52,
            "net_income": -7789,
            "revenue": 70304,
            "common_shares": 549706,
            "book_valuer_per_share": 9.87,
            "book_valuer_per_share_4q_avg": 10.3,
            "equity": 542417,
            "current_ratio": 165.03,
            "debt_ratio": 39.57,
            "inventory_turnover_ratio": 0.35,
            "account_receivable_turnover_ratio": 2.78,
            "reinvestment_rate": null,
            "research_to_sale_ratio": 13.49,
            "price_fair": 1.96,
            "eps_avg_yearly": 0.65,
            "eps_latest_yearly": 0.36,
            "eps_growth_yearly": -50.17
        }
    },
    "months": {
        "2005-09": {
            "month": "2005-09",
            "price": "148.04",
            "revenue": 215889
        },
        "2005-10": {
            "month": "2005-10",
            "price": "158.02",
            "revenue": 179980
        },
        "2005-11": {
            "month": "2005-11",
            "price": "143.98",
            "revenue": 178398
        },
        "2005-12": {
            "month": "2005-12",
            "price": "159.13",
            "revenue": 150602
        },
        "2006-01": {
            "month": "2006-01",
            "price": "194.17",
            "revenue": 128384
        },
        "2006-02": {
            "month": "2006-02",
            "price": "188.75",
            "revenue": 81307
        },
        "2006-03": {
            "month": "2006-03",
            "price": "177.77",
            "revenue": 102894
        },
        "2006-04": {
            "month": "2006-04",
            "price": "196.54",
            "revenue": 114936
        },
        "2006-05": {
            "month": "2006-05",
            "price": "228.01",
            "revenue": 92417
        },
        "2006-06": {
            "month": "2006-06",
            "price": "206.98",
            "revenue": 102534
        },
        "2006-07": {
            "month": "2006-07",
            "price": "204.50",
            "revenue": 99666
        },
        "2006-08": {
            "month": "2006-08",
            "price": "129.82",
            "revenue": 104298
        },
        "2006-09": {
            "month": "2006-09",
            "price": "114.27",
            "revenue": 104810
        },
        "2006-10": {
            "month": "2006-10",
            "price": "117.39",
            "revenue": 143715
        },
        "2006-11": {
            "month": "2006-11",
            "price": "110.11",
            "revenue": 163599
        },
        "2006-12": {
            "month": "2006-12",
            "price": "114.67",
            "revenue": 132978
        },
        "2007-01": {
            "month": "2007-01",
            "price": "112.84",
            "revenue": 100240
        },
        "2007-02": {
            "month": "2007-02",
            "price": "103.66",
            "revenue": 74860
        },
        "2007-03": {
            "month": "2007-03",
            "price": "89.84",
            "revenue": 94331
        },
        "2007-04": {
            "month": "2007-04",
            "price": "93.28",
            "revenue": 75365
        },
        "2007-05": {
            "month": "2007-05",
            "price": "82.01",
            "revenue": 102444
        },
        "2007-06": {
            "month": "2007-06",
            "price": "100.18",
            "revenue": 86534
        },
        "2007-07": {
            "month": "2007-07",
            "price": "81.49",
            "revenue": 86740
        },
        "2007-08": {
            "month": "2007-08",
            "price": "62.81",
            "revenue": 87087
        },
        "2007-09": {
            "month": "2007-09",
            "price": "60.32",
            "revenue": 101336
        },
        "2007-10": {
            "month": "2007-10",
            "price": "58.50",
            "revenue": 114121
        },
        "2007-11": {
            "month": "2007-11",
            "price": "41.38",
            "revenue": 137929
        },
        "2007-12": {
            "month": "2007-12",
            "price": "47.89",
            "revenue": 82562
        },
        "2008-01": {
            "month": "2008-01",
            "price": "41.25",
            "revenue": 72615
        },
        "2008-02": {
            "month": "2008-02",
            "price": "29.86",
            "revenue": 64797
        },
        "2008-03": {
            "month": "2008-03",
            "price": "31.33",
            "revenue": 69986
        },
        "2008-04": {
            "month": "2008-04",
            "price": "31.65",
            "revenue": 67451
        },
        "2008-05": {
            "month": "2008-05",
            "price": "28.68",
            "revenue": 66716
        },
        "2008-06": {
            "month": "2008-06",
            "price": "22.45",
            "revenue": 56942
        },
        "2008-07": {
            "month": "2008-07",
            "price": "16.50",
            "revenue": 61084
        },
        "2008-08": {
            "month": "2008-08",
            "price": "14.03",
            "revenue": 56363
        },
        "2008-09": {
            "month": "2008-09",
            "price": "9.65",
            "revenue": 63907
        },
        "2008-10": {
            "month": "2008-10",
            "price": "8.77",
            "revenue": 67200
        },
        "2008-11": {
            "month": "2008-11",
            "price": "7.37",
            "revenue": 68024
        },
        "2008-12": {
            "month": "2008-12",
            "price": "7.10",
            "revenue": 46289
        },
        "2009-01": {
            "month": "2009-01",
            "price": "6.92",
            "revenue": 35198
        },
        "2009-02": {
            "month": "2009-02",
            "price": "7.08",
            "revenue": 65075
        },
        "2009-03": {
            "month": "2009-03",
            "price": "9.38",
            "revenue": 63973
        },
        "2009-04": {
            "month": "2009-04",
            "price": "11.04",
            "revenue": 62474
        },
        "2009-05": {
            "month": "2009-05",
            "price": "11.68",
            "revenue": 59678
        },
        "2009-06": {
            "month": "2009-06",
            "price": "11.57",
            "revenue": 69865
        },
        "2009-07": {
            "month": "2009-07",
            "price": "12.84",
            "revenue": 70676
        },
        "2009-08": {
            "month": "2009-08",
            "price": "13.82",
            "revenue": 61906
        },
        "2009-09": {
            "month": "2009-09",
            "price": "14.24",
            "revenue": 74115
        },
        "2009-10": {
            "month": "2009-10",
            "price": "17.51",
            "revenue": 79935
        },
        "2009-11": {
            "month": "2009-11",
            "price": "19.18",
            "revenue": 81218
        },
        "2009-12": {
            "month": "2009-12",
            "price": "26.88",
            "revenue": 98692
        },
        "2010-01": {
            "month": "2010-01",
            "price": "32.84",
            "revenue": 97787
        },
        "2010-02": {
            "month": "2010-02",
            "price": "28.80",
            "revenue": 110163
        },
        "2010-03": {
            "month": "2010-03",
            "price": "34.19",
            "revenue": 103421
        },
        "2010-04": {
            "month": "2010-04",
            "price": "32.37",
            "revenue": 70716
        },
        "2010-05": {
            "month": "2010-05",
            "price": "26.08",
            "revenue": 71053
        },
        "2010-06": {
            "month": "2010-06",
            "price": "24.44",
            "revenue": 79475
        },
        "2010-07": {
            "month": "2010-07",
            "price": "25.68",
            "revenue": 95876
        },
        "2010-08": {
            "month": "2010-08",
            "price": "26.47",
            "revenue": 107413
        },
        "2010-09": {
            "month": "2010-09",
            "price": "26.06",
            "revenue": 106914
        },
        "2010-10": {
            "month": "2010-10",
            "price": "24.43",
            "revenue": 111715
        },
        "2010-11": {
            "month": "2010-11",
            "price": "22.29",
            "revenue": 93094
        },
        "2010-12": {
            "month": "2010-12",
            "price": "24.98",
            "revenue": 129363
        },
        "2011-01": {
            "month": "2011-01",
            "price": "26.52",
            "revenue": 133763
        },
        "2011-02": {
            "month": "2011-02",
            "price": "25.25",
            "revenue": 38991
        },
        "2011-03": {
            "month": "2011-03",
            "price": "23.03",
            "revenue": 115279
        },
        "2011-04": {
            "month": "2011-04",
            "price": "21.39",
            "revenue": 104913
        },
        "2011-05": {
            "month": "2011-05",
            "price": "17.16",
            "revenue": 105790
        },
        "2011-06": {
            "month": "2011-06",
            "price": "16.70",
            "revenue": 95303
        },
        "2011-07": {
            "month": "2011-07",
            "price": "19.07",
            "revenue": 79629
        },
        "2011-08": {
            "month": "2011-08",
            "price": "15.47",
            "revenue": 96349
        },
        "2011-09": {
            "month": "2011-09",
            "price": "13.66",
            "revenue": 111770
        },
        "2011-10": {
            "month": "2011-10",
            "price": "13.52",
            "revenue": 116508
        },
        "2011-11": {
            "month": "2011-11",
            "price": "12.09",
            "revenue": 104821
        },
        "2011-12": {
            "month": "2011-12",
            "price": "11.46",
            "revenue": 93361
        },
        "2012-01": {
            "month": "2012-01",
            "price": "11.74",
            "revenue": 42376
        },
        "2012-02": {
            "month": "2012-02",
            "price": "13.88",
            "revenue": 43380
        },
        "2012-03": {
            "month": "2012-03",
            "price": "13.99",
            "revenue": 57089
        },
        "2012-04": {
            "month": "2012-04",
            "price": "13.02",
            "revenue": 69045
        },
        "2012-05": {
            "month": "2012-05",
            "price": "12.83",
            "revenue": 69418
        },
        "2012-06": {
            "month": "2012-06",
            "price": "12.83",
            "revenue": 64510
        },
        "2012-07": {
            "month": "2012-07",
            "price": "11.12",
            "revenue": 65498
        },
        "2012-08": {
            "month": "2012-08",
            "price": "11.14",
            "revenue": 45098
        },
        "2012-09": {
            "month": "2012-09",
            "price": "12.54",
            "revenue": 52479
        },
        "2012-10": {
            "month": "2012-10",
            "price": "11.31",
            "revenue": 53570
        },
        "2012-11": {
            "month": "2012-11",
            "price": "9.20",
            "revenue": 40129
        },
        "2012-12": {
            "month": "2012-12",
            "price": "9.21",
            "revenue": 48447
        },
        "2013-01": {
            "month": "2013-01",
            "price": "10.08",
            "revenue": 39640
        },
        "2013-02": {
            "month": "2013-02",
            "price": "9.73",
            "revenue": 27196
        },
        "2013-03": {
            "month": "2013-03",
            "price": "9.57",
            "revenue": 48095
        },
        "2013-04": {
            "month": "2013-04",
            "price": "9.77",
            "revenue": 65736
        },
        "2013-05": {
            "month": "2013-05",
            "price": "10.03",
            "revenue": 28589
        },
        "2013-06": {
            "month": "2013-06",
            "price": "9.54",
            "revenue": 42401
        },
        "2013-07": {
            "month": "2013-07",
            "price": "9.07",
            "revenue": 39083
        },
        "2013-08": {
            "month": "2013-08",
            "price": "8.76",
            "revenue": 38413
        },
        "2013-09": {
            "month": "2013-09",
            "price": "9.91",
            "revenue": 26667
        },
        "2013-10": {
            "month": "2013-10",
            "price": "10.16",
            "revenue": 46334
        },
        "2013-11": {
            "month": "2013-11",
            "price": "11.44",
            "revenue": 24867
        },
        "2013-12": {
            "month": "2013-12",
            "price": "11.18",
            "revenue": 37556
        },
        "2014-01": {
            "month": "2014-01",
            "price": "14.26",
            "revenue": 25147
        },
        "2014-02": {
            "month": "2014-02",
            "price": "13.63",
            "revenue": 24830
        },
        "2014-03": {
            "month": "2014-03",
            "price": "14.83",
            "revenue": 28513
        },
        "2014-04": {
            "month": "2014-04",
            "price": "13.92",
            "revenue": 29668
        },
        "2014-05": {
            "month": "2014-05",
            "price": "11.88",
            "revenue": 44782
        },
        "2014-06": {
            "month": "2014-06",
            "price": "12.66",
            "revenue": 25215
        },
        "2014-07": {
            "month": "2014-07",
            "price": "13.05",
            "revenue": 54047
        },
        "2014-08": {
            "month": "2014-08",
            "price": "12.16",
            "revenue": 34825
        },
        "2014-09": {
            "month": "2014-09",
            "price": "11.75",
            "revenue": 49939
        },
        "2014-10": {
            "month": "2014-10",
            "price": "11.25",
            "revenue": 46114
        },
        "2014-11": {
            "month": "2014-11",
            "price": "11.22",
            "revenue": 43006
        },
        "2014-12": {
            "month": "2014-12",
            "price": "10.91",
            "revenue": 34510
        },
        "2015-01": {
            "month": "2015-01",
            "price": "11.34",
            "revenue": 45701
        },
        "2015-02": {
            "month": "2015-02",
            "price": "11.35",
            "revenue": 43659
        },
        "2015-03": {
            "month": "2015-03",
            "price": "13.59",
            "revenue": 54199
        },
        "2015-04": {
            "month": "2015-04",
            "price": "18.40",
            "revenue": 33629
        },
        "2015-05": {
            "month": "2015-05",
            "price": "15.65",
            "revenue": 47977
        },
        "2015-06": {
            "month": "2015-06",
            "price": "19.04",
            "revenue": 47723
        },
        "2015-07": {
            "month": "2015-07",
            "price": "20.68",
            "revenue": 68459
        },
        "2015-08": {
            "month": "2015-08",
            "price": "16.56",
            "revenue": 66816
        },
        "2015-09": {
            "month": "2015-09",
            "price": "19.85",
            "revenue": 66336
        },
        "2015-10": {
            "month": "2015-10",
            "price": "22.36",
            "revenue": 67668
        },
        "2015-11": {
            "month": "2015-11",
            "price": "25.01",
            "revenue": 54879
        },
        "2015-12": {
            "month": "2015-12",
            "price": "22.19",
            "revenue": 21498
        },
        "2016-01": {
            "month": "2016-01",
            "price": "17.66",
            "revenue": 33211
        },
        "2016-02": {
            "month": "2016-02",
            "price": "17.87",
            "revenue": 30778
        },
        "2016-03": {
            "month": "2016-03",
            "price": "19.57",
            "revenue": 45073
        },
        "2016-04": {
            "month": "2016-04",
            "price": "17.33",
            "revenue": 37222
        },
        "2016-05": {
            "month": "2016-05",
            "price": "15.19",
            "revenue": 53080
        },
        "2016-06": {
            "month": "2016-06",
            "price": "15.41",
            "revenue": 55459
        },
        "2016-07": {
            "month": "2016-07",
            "price": "17.48",
            "revenue": 54738
        },
        "2016-08": {
            "month": "2016-08",
            "price": "18.86",
            "revenue": 42425
        },
        "2016-09": {
            "month": "2016-09",
            "price": "18.06",
            "revenue": 42680
        },
        "2016-10": {
            "month": "2016-10",
            "price": "16.76",
            "revenue": 48399
        },
        "2016-11": {
            "month": "2016-11",
            "price": "15.03",
            "revenue": 56001
        },
        "2016-12": {
            "month": "2016-12",
            "price": "16.28",
            "revenue": 64532
        },
        "2017-01": {
            "month": "2017-01",
            "price": "16.74",
            "revenue": 27402
        },
        "2017-02": {
            "month": "2017-02",
            "price": "16.50",
            "revenue": 35430
        },
        "2017-03": {
            "month": "2017-03",
            "price": "16.43",
            "revenue": 54527
        },
        "2017-04": {
            "month": "2017-04",
            "price": "15.91",
            "revenue": 65887
        },
        "2017-05": {
            "month": "2017-05",
            "price": "14.84",
            "revenue": 63033
        },
        "2017-06": {
            "month": "2017-06",
            "price": "15.02",
            "revenue": 70236
        },
        "2017-07": {
            "month": "2017-07",
            "price": "14.86",
            "revenue": 64941
        },
        "2017-08": {
            "month": "2017-08",
            "price": "17.89",
            "revenue": 45894
        },
        "2017-09": {
            "month": "2017-09",
            "price": "19.74",
            "revenue": 48841
        },
        "2017-10": {
            "month": "2017-10",
            "price": "19.35",
            "revenue": 43399
        },
        "2017-11": {
            "month": "2017-11",
            "price": "17.66",
            "revenue": 31213
        },
        "2017-12": {
            "month": "2017-12",
            "price": "16.41",
            "revenue": 38935
        },
        "2018-01": {
            "month": "2018-01",
            "price": "16.98",
            "revenue": 26677
        },
        "2018-02": {
            "month": "2018-02",
            "price": "15.03",
            "revenue": 32277
        },
        "2018-03": {
            "month": "2018-03",
            "price": "15.40",
            "revenue": 55715
        },
        "2018-04": {
            "month": "2018-04",
            "price": "14.63",
            "revenue": 54948
        },
        "2018-05": {
            "month": "2018-05",
            "price": "13.80",
            "revenue": 68620
        },
        "2018-06": {
            "month": "2018-06",
            "price": "14.33",
            "revenue": 61729
        },
        "2018-07": {
            "month": "2018-07",
            "price": "13.74",
            "revenue": 52694
        },
        "2018-08": {
            "month": "2018-08",
            "price": "13.87",
            "revenue": 61277
        },
        "2018-09": {
            "month": "2018-09",
            "price": "13.75",
            "revenue": 36536
        },
        "2018-10": {
            "month": "2018-10",
            "price": "11.66",
            "revenue": 47312
        },
        "2018-11": {
            "month": "2018-11",
            "price": "10.55",
            "revenue": 58150
        },
        "2018-12": {
            "month": "2018-12",
            "price": "12.51",
            "revenue": 62725
        },
        "2019-01": {
            "month": "2019-01",
            "price": "14.33",
            "revenue": 54100
        },
        "2019-02": {
            "month": "2019-02",
            "price": "16.23",
            "revenue": 44020
        },
        "2019-03": {
            "month": "2019-03",
            "price": "18.09",
            "revenue": 73071
        },
        "2019-04": {
            "month": "2019-04",
            "price": "19.60",
            "revenue": 79112
        },
        "2019-05": {
            "month": "2019-05",
            "price": "17.82",
            "revenue": 77494
        },
        "2019-06": {
            "month": "2019-06",
            "price": "17.62",
            "revenue": 62630
        },
        "2019-07": {
            "month": "2019-07",
            "price": "17.63",
            "revenue": 64997
        },
        "2019-08": {
            "month": "2019-08",
            "price": "16.65",
            "revenue": 71709
        },
        "2019-09": {
            "month": "2019-09",
            "price": "17.49",
            "revenue": 56142
        },
        "2019-10": {
            "month": "2019-10",
            "price": "16.90",
            "revenue": 56403
        },
        "2019-11": {
            "month": "2019-11",
            "price": "16.92",
            "revenue": 40284
        },
        "2019-12": {
            "month": "2019-12",
            "price": "15.95",
            "revenue": 50020
        },
        "2020-01": {
            "month": "2020-01",
            "price": "15.13",
            "revenue": 27925
        },
        "2020-02": {
            "month": "2020-02",
            "price": "13.04",
            "revenue": 20968
        },
        "2020-03": {
            "month": "2020-03",
            "price": "10.74",
            "revenue": 27798
        },
        "2020-04": {
            "month": "2020-04",
            "price": "10.58",
            "revenue": 32973
        },
        "2020-05": {
            "month": "2020-05",
            "price": "11.48",
            "revenue": 29187
        },
        "2020-06": {
            "month": "2020-06",
            "price": "11.80",
            "revenue": 41810
        },
        "2020-07": {
            "month": "2020-07",
            "price": "11.48",
            "revenue": 28225
        },
        "2020-08": {
            "month": "2020-08",
            "price": "10.52",
            "revenue": 25079
        },
        "2020-09": {
            "month": "2020-09",
            "price": "10.34",
            "revenue": 34404
        },
        "2020-10": {
            "month": "2020-10",
            "price": "10.28",
            "revenue": 48879
        },
        "2020-11": {
            "month": "2020-11",
            "price": "10.52",
            "revenue": 50991
        },
        "2020-12": {
            "month": "2020-12",
            "price": "12.41",
            "revenue": 47753
        },
        "2021-01": {
            "month": "2021-01",
            "price": "12.21",
            "revenue": 30513
        },
        "2021-02": {
            "month": "2021-02",
            "price": "11.28",
            "revenue": 25022
        },
        "2021-03": {
            "month": "2021-03",
            "price": "12.24",
            "revenue": 41092
        },
        "2021-04": {
            "month": "2021-04",
            "price": "15.03",
            "revenue": 39079
        },
        "2021-05": {
            "month": "2021-05",
            "price": "13.18",
            "revenue": 35977
        },
        "2021-06": {
            "month": "2021-06",
            "price": "12.87",
            "revenue": 46272
        },
        "2021-07": {
            "month": "2021-07",
            "price": "13.89",
            "revenue": 37518
        },
        "2021-08": {
            "month": "2021-08",
            "price": "13.07",
            "revenue": 31195
        },
        "2021-09": {
            "month": "2021-09",
            "price": "12.72",
            "revenue": 30258
        },
        "2021-10": {
            "month": "2021-10",
            "price": "12.42",
            "revenue": 28020
        },
        "2021-11": {
            "month": "2021-11",
            "price": "15.32",
            "revenue": 41817
        },
        "2021-12": {
            "month": "2021-12",
            "price": "24.92",
            "revenue": 50259
        },
        "2022-01": {
            "month": "2022-01",
            "price": "23.40",
            "revenue": 28830
        },
        "2022-02": {
            "month": "2022-02",
            "price": "22.94",
            "revenue": 21481
        },
        "2022-03": {
            "month": "2022-03",
            "price": "19.97",
            "revenue": 36383
        },
        "2022-04": {
            "month": "2022-04",
            "price": "19.44",
            "revenue": 41690
        },
        "2022-05": {
            "month": "2022-05",
            "price": "18.37",
            "revenue": 25532
        },
        "2022-06": {
            "month": "2022-06",
            "price": "18.98",
            "revenue": 21108
        },
        "2022-07": {
            "month": "2022-07",
            "price": "16.69",
            "revenue": 21122
        },
        "2022-08": {
            "month": "2022-08",
            "price": "19.08",
            "revenue": 21913
        },
        "2022-09": {
            "month": "2022-09",
            "price": "17.51",
            "revenue": 26412
        },
        "2022-10": {
            "month": "2022-10",
            "price": "14.22",
            "revenue": 26429
        },
        "2022-11": {
            "month": "2022-11",
            "price": "18.36",
            "revenue": 21808
        },
        "2022-12": {
            "month": "2022-12",
            "price": "19.10",
            "revenue": 35136
        },
        "2023-01": {
            "month": "2023-01",
            "price": "18.25",
            "revenue": 14121
        },
        "2023-02": {
            "month": "2023-02",
            "price": "18.54",
            "revenue": 32220
        },
        "2023-03": {
            "month": "2023-03",
            "price": "19.89",
            "revenue": 39353
        },
        "2023-04": {
            "month": "2023-04",
            "price": "22.37",
            "revenue": 19797
        },
        "2023-05": {
            "month": "2023-05",
            "price": "20.69",
            "revenue": 22206
        },
        "2023-06": {
            "month": "2023-06",
            "price": "20.95",
            "revenue": 28418
        },
        "2023-07": {
            "month": "2023-07",
            "price": "20.86",
            "revenue": 22561
        },
        "2023-08": {
            "month": "2023-08",
            "price": "20.13",
            "revenue": 24032
        }
    }
}
