{
    "summary": {
        "stock_name": "維熹",
        "stock_id": "3501",
        "category": "電子零組件",
        "main_business": "電子、資訊、電機及電器類電源線組<br>插座、插頭、轉接頭、組合式插頭<br>其他",
        "website_url": "http://www.wellshin.com.tw",
        "ceo": "吳瑞雄",
        "pe_ratio": 9,
        "report_year_from": 2005,
        "report_year_to": 2023,
        "age": 18,
        "eps_negative_percentage": 0,
        "eps_growth_avg": {
            "last_all": 5.52,
            "last_2y": 20.91,
            "last_4y": 14.13,
            "last_8y": 10.14,
            "last_12y": 6.07,
            "last_16y": null,
            "last_20y": null,
            "at_2006_last_3y": null,
            "at_2007_last_3y": null,
            "at_2008_last_3y": null,
            "at_2009_last_3y": null,
            "at_2010_last_3y": 4.85,
            "at_2011_last_3y": 3.22,
            "at_2012_last_3y": 14.57,
            "at_2013_last_3y": -3.11,
            "at_2014_last_3y": -7.01,
            "at_2015_last_3y": 14.23,
            "at_2016_last_3y": 10.28,
            "at_2017_last_3y": 5.16,
            "at_2018_last_3y": 15.14,
            "at_2019_last_3y": -5.76,
            "at_2020_last_3y": -8.86,
            "at_2021_last_3y": -7.33,
            "at_2022_last_3y": 9.09,
            "at_2023_last_3y": 9.09,
            "at_2006_last_all": null,
            "at_2007_last_all": null,
            "at_2008_last_all": -28.51,
            "at_2009_last_all": 3.14,
            "at_2010_last_all": 4.85,
            "at_2011_last_all": -1.67,
            "at_2012_last_all": 0.21,
            "at_2013_last_all": -0.43,
            "at_2014_last_all": -1.08,
            "at_2015_last_all": 5.4,
            "at_2016_last_all": 4.24,
            "at_2017_last_all": 1.6,
            "at_2018_last_all": 4.33,
            "at_2019_last_all": 1.96,
            "at_2020_last_all": 0.5,
            "at_2021_last_all": -0.78,
            "at_2022_last_all": 5.52,
            "at_2023_last_all": 5.52
        },
        "latest_eps": 6.25,
        "latest_price": 55.2,
        "latest_roe": 12.1,
        "latest_gross_margin": 23.63,
        "latest_equity": 6229791,
        "latest_revenue": 1297126,
        "latest_gross_profit": 306523,
        "latest_net_income": 93650,
        "latest_debt_ratio": 27.84,
        "latest_current_ratio": 358.83,
        "latest_account_receivable_turnover_ratio": 0.79,
        "latest_inventory_turnover_ratio": 0.44,
        "latest_reinvestment_rate": -20.99,
        "latest_research_to_sale_ratio": 0.77
    },
    "eps_dividends": {
        "2001": {
            "cash": 0,
            "stock": 0,
            "eps": 0
        },
        "2002": {
            "cash": 0,
            "stock": 0,
            "eps": 0
        },
        "2003": {
            "cash": 0,
            "stock": 0,
            "eps": 0
        },
        "2004": {
            "cash": 0,
            "stock": 0,
            "eps": 0
        },
        "2005": {
            "cash": 0,
            "stock": 0,
            "eps": 0
        },
        "2006": {
            "cash": 1,
            "stock": 1.5,
            "eps": 6.07
        },
        "2007": {
            "cash": 2,
            "stock": 0.5,
            "eps": 4.78
        },
        "2008": {
            "cash": 2,
            "stock": 0.5,
            "eps": 3.07
        },
        "2009": {
            "cash": 1.49,
            "stock": 0.2,
            "eps": 5.11
        },
        "2010": {
            "cash": 3.5,
            "stock": 0.2,
            "eps": 5.62
        },
        "2011": {
            "cash": 6.8,
            "stock": 0.2,
            "eps": 4.06
        },
        "2012": {
            "cash": 0,
            "stock": 0,
            "eps": 4.45
        },
        "2013": {
            "cash": 3.2,
            "stock": 0,
            "eps": 4.26
        },
        "2014": {
            "cash": 3,
            "stock": 0,
            "eps": 4.02
        },
        "2015": {
            "cash": 2.6,
            "stock": 0,
            "eps": 6.32
        },
        "2016": {
            "cash": 4,
            "stock": 0,
            "eps": 5.93
        },
        "2017": {
            "cash": 4,
            "stock": 0,
            "eps": 4.46
        },
        "2018": {
            "cash": 3.2,
            "stock": 0,
            "eps": 5.99
        },
        "2019": {
            "cash": 3.5,
            "stock": 0,
            "eps": 4.41
        },
        "2020": {
            "cash": 3,
            "stock": 0,
            "eps": 3.59
        },
        "2021": {
            "cash": 2.5,
            "stock": 0,
            "eps": 2.92
        },
        "2022": {
            "cash": 2,
            "stock": 0,
            "eps": 6.42
        },
        "2023": {
            "cash": 4,
            "stock": 0,
            "eps": 0.79
        }
    },
    "dividends": {
        "2006-05-18": {
            "cash": 1,
            "stock": 1.5
        },
        "2007-04-11": {
            "cash": 2,
            "stock": 0.5
        },
        "2008-04-09": {
            "cash": 2,
            "stock": 0.5
        },
        "2009-03-31": {
            "cash": 1.49,
            "stock": 0.2
        },
        "2010-03-31": {
            "cash": 3.5,
            "stock": 0.2
        },
        "2011-01-01": {
            "cash": 3,
            "stock": 0
        },
        "2011-03-31": {
            "cash": 3.8,
            "stock": 0.2
        },
        "2013-03-27": {
            "cash": 3.2,
            "stock": 0
        },
        "2014-08-15": {
            "cash": 3,
            "stock": 0
        },
        "2015-08-20": {
            "cash": 2.6,
            "stock": 0
        },
        "2016-08-30": {
            "cash": 4,
            "stock": 0
        },
        "2017-08-30": {
            "cash": 4,
            "stock": 0
        },
        "2018-08-28": {
            "cash": 3.2,
            "stock": 0
        },
        "2019-08-28": {
            "cash": 3.5,
            "stock": 0
        },
        "2020-08-28": {
            "cash": 3,
            "stock": 0
        },
        "2021-08-27": {
            "cash": 2.5,
            "stock": 0
        },
        "2022-08-26": {
            "cash": 2,
            "stock": 0
        },
        "2023-03-24": {
            "cash": 4,
            "stock": 0
        }
    },
    "prices": {
        "200101": "無",
        "200102": "無",
        "200103": "無",
        "200104": "無",
        "200105": "無",
        "200106": "無",
        "200107": "無",
        "200108": "無",
        "200109": "無",
        "200110": "無",
        "200111": "無",
        "200112": "無",
        "200201": "無",
        "200202": "無",
        "200203": "無",
        "200204": "無",
        "200205": "無",
        "200206": "無",
        "200207": "無",
        "200208": "無",
        "200209": "無",
        "200210": "無",
        "200211": "無",
        "200212": "無",
        "200301": "無",
        "200302": "無",
        "200303": "無",
        "200304": "無",
        "200305": "無",
        "200306": "無",
        "200307": "無",
        "200308": "無",
        "200309": "無",
        "200310": "無",
        "200311": "無",
        "200312": "無",
        "200401": "無",
        "200402": "無",
        "200403": "無",
        "200404": "無",
        "200405": "無",
        "200406": "無",
        "200407": "無",
        "200408": "無",
        "200409": "無",
        "200410": "無",
        "200411": "無",
        "200412": "無",
        "200501": "無",
        "200502": "無",
        "200503": "無",
        "200504": "無",
        "200505": "無",
        "200506": "無",
        "200507": "無",
        "200508": "無",
        "200509": "無",
        "200510": "無",
        "200511": "無",
        "200512": "無",
        "200601": "106.74",
        "200602": "128.18",
        "200603": "141.42",
        "200604": "145.24",
        "200605": "149.85",
        "200606": "148.94",
        "200607": "147.00",
        "200608": "149.50",
        "200609": "134.62",
        "200610": "115.60",
        "200611": "111.31",
        "200612": "114.89",
        "200701": "114.59",
        "200702": "112.70",
        "200703": "114.16",
        "200704": "108.05",
        "200705": "104.86",
        "200706": "133.36",
        "200707": "138.57",
        "200708": "135.26",
        "200709": "80.50",
        "200710": "72.94",
        "200711": "53.20",
        "200712": "48.85",
        "200801": "41.22",
        "200802": "40.24",
        "200803": "46.40",
        "200804": "49.69",
        "200805": "53.31",
        "200806": "50.07",
        "200807": "43.47",
        "200808": "44.71",
        "200809": "35.49",
        "200810": "28.50",
        "200811": "24.23",
        "200812": "23.56",
        "200901": "24.44",
        "200902": "24.28",
        "200903": "27.12",
        "200904": "30.95",
        "200905": "38.62",
        "200906": "35.13",
        "200907": "43.05",
        "200908": "49.24",
        "200909": "51.12",
        "200910": "50.28",
        "200911": "53.46",
        "200912": "63.53",
        "201001": "61.46",
        "201002": "55.24",
        "201003": "57.40",
        "201004": "60.80",
        "201005": "59.21",
        "201006": "58.81",
        "201007": "60.79",
        "201008": "57.46",
        "201009": "54.34",
        "201010": "54.52",
        "201011": "53.15",
        "201012": "53.65",
        "201101": "52.24",
        "201102": "51.41",
        "201103": "50.55",
        "201104": "50.33",
        "201105": "46.61",
        "201106": "45.71",
        "201107": "43.83",
        "201108": "34.38",
        "201109": "34.75",
        "201110": "34.27",
        "201111": "34.51",
        "201112": "32.85",
        "201201": "33.94",
        "201202": "41.94",
        "201203": "43.97",
        "201204": "43.39",
        "201205": "42.37",
        "201206": "40.80",
        "201207": "39.69",
        "201208": "38.72",
        "201209": "41.10",
        "201210": "42.55",
        "201211": "40.52",
        "201212": "41.20",
        "201301": "40.98",
        "201302": "43.03",
        "201303": "43.67",
        "201304": "44.89",
        "201305": "47.00",
        "201306": "49.08",
        "201307": "52.07",
        "201308": "52.47",
        "201309": "53.04",
        "201310": "50.73",
        "201311": "46.97",
        "201312": "48.04",
        "201401": "49.27",
        "201402": "55.40",
        "201403": "63.82",
        "201404": "58.41",
        "201405": "53.78",
        "201406": "55.87",
        "201407": "56.04",
        "201408": "53.93",
        "201409": "53.73",
        "201410": "46.96",
        "201411": "45.49",
        "201412": "48.05",
        "201501": "48.30",
        "201502": "48.02",
        "201503": "49.37",
        "201504": "49.01",
        "201505": "47.24",
        "201506": "44.79",
        "201507": "43.02",
        "201508": "41.83",
        "201509": "45.49",
        "201510": "47.10",
        "201511": "52.38",
        "201512": "53.83",
        "201601": "47.75",
        "201602": "49.87",
        "201603": "53.19",
        "201604": "52.95",
        "201605": "51.55",
        "201606": "53.04",
        "201607": "53.48",
        "201608": "49.92",
        "201609": "48.47",
        "201610": "47.46",
        "201611": "47.75",
        "201612": "51.17",
        "201701": "51.05",
        "201702": "51.36",
        "201703": "52.87",
        "201704": "52.43",
        "201705": "52.36",
        "201706": "53.05",
        "201707": "53.35",
        "201708": "50.37",
        "201709": "52.58",
        "201710": "60.76",
        "201711": "62.46",
        "201712": "58.07",
        "201801": "57.23",
        "201802": "54.77",
        "201803": "54.28",
        "201804": "52.58",
        "201805": "51.43",
        "201806": "51.51",
        "201807": "50.67",
        "201808": "50.65",
        "201809": "50.81",
        "201810": "47.85",
        "201811": "50.18",
        "201812": "51.59",
        "201901": "51.40",
        "201902": "54.21",
        "201903": "57.74",
        "201904": "55.00",
        "201905": "52.56",
        "201906": "52.39",
        "201907": "53.65",
        "201908": "50.21",
        "201909": "49.96",
        "201910": "49.69",
        "201911": "49.74",
        "201912": "49.56",
        "202001": "49.68",
        "202002": "47.26",
        "202003": "42.37",
        "202004": "43.11",
        "202005": "44.81",
        "202006": "46.03",
        "202007": "47.88",
        "202008": "45.92",
        "202009": "46.55",
        "202010": "46.06",
        "202011": "46.91",
        "202012": "49.32",
        "202101": "51.97",
        "202102": "51.88",
        "202103": "55.31",
        "202104": "53.79",
        "202105": "49.74",
        "202106": "50.79",
        "202107": "50.99",
        "202108": "47.85",
        "202109": "47.80",
        "202110": "47.46",
        "202111": "48.43",
        "202112": "47.92",
        "202201": "47.78",
        "202202": "47.87",
        "202203": "46.74",
        "202204": "44.55",
        "202205": "42.85",
        "202206": "43.74",
        "202207": "43.58",
        "202208": "44.25",
        "202209": "45.77",
        "202210": "45.16",
        "202211": "47.46",
        "202212": "50.42",
        "202301": "49.33",
        "202302": "50.24",
        "202303": "52.27",
        "202304": "54.50",
        "202305": "55.62"
    },
    "quarters": {
        "20011": {
            "year_quarter": 20011,
            "year": 2001,
            "quarter": 1,
            "eps": null,
            "eps_growth_year": null,
            "eps_4q": null,
            "eps_4q_growth_year": null,
            "roe": null,
            "roe_4q": 0,
            "gross_profit": null,
            "gross_margin": null,
            "gross_margin_4q_avg": 0,
            "net_income": null,
            "revenue": null,
            "common_shares": null,
            "book_valuer_per_share": null,
            "book_valuer_per_share_4q_avg": 0,
            "equity": null,
            "current_ratio": null,
            "debt_ratio": null,
            "inventory_turnover_ratio": null,
            "account_receivable_turnover_ratio": null,
            "reinvestment_rate": null,
            "research_to_sale_ratio": null,
            "price_fair": 0,
            "eps_avg_yearly": 0,
            "eps_latest_yearly": 0,
            "eps_growth_yearly": 0
        },
        "20012": {
            "year_quarter": 20012,
            "year": 2001,
            "quarter": 2,
            "eps": null,
            "eps_growth_year": null,
            "eps_4q": null,
            "eps_4q_growth_year": null,
            "roe": null,
            "roe_4q": 0,
            "gross_profit": null,
            "gross_margin": null,
            "gross_margin_4q_avg": 0,
            "net_income": null,
            "revenue": null,
            "common_shares": null,
            "book_valuer_per_share": null,
            "book_valuer_per_share_4q_avg": 0,
            "equity": null,
            "current_ratio": null,
            "debt_ratio": null,
            "inventory_turnover_ratio": null,
            "account_receivable_turnover_ratio": null,
            "reinvestment_rate": null,
            "research_to_sale_ratio": null,
            "price_fair": 0,
            "eps_avg_yearly": 0,
            "eps_latest_yearly": 0,
            "eps_growth_yearly": 0
        },
        "20013": {
            "year_quarter": 20013,
            "year": 2001,
            "quarter": 3,
            "eps": null,
            "eps_growth_year": null,
            "eps_4q": null,
            "eps_4q_growth_year": null,
            "roe": null,
            "roe_4q": 0,
            "gross_profit": null,
            "gross_margin": null,
            "gross_margin_4q_avg": 0,
            "net_income": null,
            "revenue": null,
            "common_shares": null,
            "book_valuer_per_share": null,
            "book_valuer_per_share_4q_avg": 0,
            "equity": null,
            "current_ratio": null,
            "debt_ratio": null,
            "inventory_turnover_ratio": null,
            "account_receivable_turnover_ratio": null,
            "reinvestment_rate": null,
            "research_to_sale_ratio": null,
            "price_fair": 0,
            "eps_avg_yearly": 0,
            "eps_latest_yearly": 0,
            "eps_growth_yearly": 0
        },
        "20014": {
            "year_quarter": 20014,
            "year": 2001,
            "quarter": 4,
            "eps": null,
            "eps_growth_year": null,
            "eps_4q": null,
            "eps_4q_growth_year": null,
            "roe": null,
            "roe_4q": 0,
            "gross_profit": null,
            "gross_margin": null,
            "gross_margin_4q_avg": 0,
            "net_income": null,
            "revenue": null,
            "common_shares": null,
            "book_valuer_per_share": null,
            "book_valuer_per_share_4q_avg": 0,
            "equity": null,
            "current_ratio": null,
            "debt_ratio": null,
            "inventory_turnover_ratio": null,
            "account_receivable_turnover_ratio": null,
            "reinvestment_rate": null,
            "research_to_sale_ratio": null,
            "price_fair": 0,
            "eps_avg_yearly": 0,
            "eps_latest_yearly": 0,
            "eps_growth_yearly": 0
        },
        "20021": {
            "year_quarter": 20021,
            "year": 2002,
            "quarter": 1,
            "eps": null,
            "eps_growth_year": null,
            "eps_4q": null,
            "eps_4q_growth_year": null,
            "roe": null,
            "roe_4q": 0,
            "gross_profit": null,
            "gross_margin": null,
            "gross_margin_4q_avg": 0,
            "net_income": null,
            "revenue": null,
            "common_shares": null,
            "book_valuer_per_share": null,
            "book_valuer_per_share_4q_avg": 0,
            "equity": null,
            "current_ratio": null,
            "debt_ratio": null,
            "inventory_turnover_ratio": null,
            "account_receivable_turnover_ratio": null,
            "reinvestment_rate": null,
            "research_to_sale_ratio": null,
            "price_fair": 0,
            "eps_avg_yearly": 0,
            "eps_latest_yearly": 0,
            "eps_growth_yearly": 0
        },
        "20022": {
            "year_quarter": 20022,
            "year": 2002,
            "quarter": 2,
            "eps": null,
            "eps_growth_year": null,
            "eps_4q": null,
            "eps_4q_growth_year": null,
            "roe": null,
            "roe_4q": 0,
            "gross_profit": null,
            "gross_margin": null,
            "gross_margin_4q_avg": 0,
            "net_income": null,
            "revenue": null,
            "common_shares": null,
            "book_valuer_per_share": null,
            "book_valuer_per_share_4q_avg": 0,
            "equity": null,
            "current_ratio": null,
            "debt_ratio": null,
            "inventory_turnover_ratio": null,
            "account_receivable_turnover_ratio": null,
            "reinvestment_rate": null,
            "research_to_sale_ratio": null,
            "price_fair": 0,
            "eps_avg_yearly": 0,
            "eps_latest_yearly": 0,
            "eps_growth_yearly": 0
        },
        "20023": {
            "year_quarter": 20023,
            "year": 2002,
            "quarter": 3,
            "eps": null,
            "eps_growth_year": null,
            "eps_4q": null,
            "eps_4q_growth_year": null,
            "roe": null,
            "roe_4q": 0,
            "gross_profit": null,
            "gross_margin": null,
            "gross_margin_4q_avg": 0,
            "net_income": null,
            "revenue": null,
            "common_shares": null,
            "book_valuer_per_share": null,
            "book_valuer_per_share_4q_avg": 0,
            "equity": null,
            "current_ratio": null,
            "debt_ratio": null,
            "inventory_turnover_ratio": null,
            "account_receivable_turnover_ratio": null,
            "reinvestment_rate": null,
            "research_to_sale_ratio": null,
            "price_fair": 0,
            "eps_avg_yearly": 0,
            "eps_latest_yearly": 0,
            "eps_growth_yearly": 0
        },
        "20024": {
            "year_quarter": 20024,
            "year": 2002,
            "quarter": 4,
            "eps": null,
            "eps_growth_year": null,
            "eps_4q": null,
            "eps_4q_growth_year": null,
            "roe": null,
            "roe_4q": 0,
            "gross_profit": null,
            "gross_margin": null,
            "gross_margin_4q_avg": 0,
            "net_income": null,
            "revenue": null,
            "common_shares": 301000,
            "book_valuer_per_share": 21.01,
            "book_valuer_per_share_4q_avg": 5.25,
            "equity": 632305,
            "current_ratio": 609.91,
            "debt_ratio": 7.94,
            "inventory_turnover_ratio": null,
            "account_receivable_turnover_ratio": null,
            "reinvestment_rate": null,
            "research_to_sale_ratio": null,
            "price_fair": 0,
            "eps_avg_yearly": 0,
            "eps_latest_yearly": 0,
            "eps_growth_yearly": 0
        },
        "20031": {
            "year_quarter": 20031,
            "year": 2003,
            "quarter": 1,
            "eps": null,
            "eps_growth_year": null,
            "eps_4q": null,
            "eps_4q_growth_year": null,
            "roe": null,
            "roe_4q": 0,
            "gross_profit": null,
            "gross_margin": null,
            "gross_margin_4q_avg": 0,
            "net_income": null,
            "revenue": null,
            "common_shares": null,
            "book_valuer_per_share": null,
            "book_valuer_per_share_4q_avg": 5.25,
            "equity": null,
            "current_ratio": null,
            "debt_ratio": null,
            "inventory_turnover_ratio": null,
            "account_receivable_turnover_ratio": null,
            "reinvestment_rate": null,
            "research_to_sale_ratio": null,
            "price_fair": 0,
            "eps_avg_yearly": 0,
            "eps_latest_yearly": 0,
            "eps_growth_yearly": 0
        },
        "20032": {
            "year_quarter": 20032,
            "year": 2003,
            "quarter": 2,
            "eps": null,
            "eps_growth_year": null,
            "eps_4q": null,
            "eps_4q_growth_year": null,
            "roe": null,
            "roe_4q": 0,
            "gross_profit": null,
            "gross_margin": null,
            "gross_margin_4q_avg": 0,
            "net_income": null,
            "revenue": null,
            "common_shares": null,
            "book_valuer_per_share": null,
            "book_valuer_per_share_4q_avg": 5.25,
            "equity": null,
            "current_ratio": null,
            "debt_ratio": null,
            "inventory_turnover_ratio": null,
            "account_receivable_turnover_ratio": null,
            "reinvestment_rate": null,
            "research_to_sale_ratio": null,
            "price_fair": 0,
            "eps_avg_yearly": 0,
            "eps_latest_yearly": 0,
            "eps_growth_yearly": 0
        },
        "20033": {
            "year_quarter": 20033,
            "year": 2003,
            "quarter": 3,
            "eps": null,
            "eps_growth_year": null,
            "eps_4q": null,
            "eps_4q_growth_year": null,
            "roe": null,
            "roe_4q": 0,
            "gross_profit": null,
            "gross_margin": null,
            "gross_margin_4q_avg": 0,
            "net_income": null,
            "revenue": null,
            "common_shares": null,
            "book_valuer_per_share": null,
            "book_valuer_per_share_4q_avg": 5.25,
            "equity": null,
            "current_ratio": null,
            "debt_ratio": null,
            "inventory_turnover_ratio": null,
            "account_receivable_turnover_ratio": null,
            "reinvestment_rate": null,
            "research_to_sale_ratio": null,
            "price_fair": 0,
            "eps_avg_yearly": 0,
            "eps_latest_yearly": 0,
            "eps_growth_yearly": 0
        },
        "20034": {
            "year_quarter": 20034,
            "year": 2003,
            "quarter": 4,
            "eps": null,
            "eps_growth_year": null,
            "eps_4q": null,
            "eps_4q_growth_year": null,
            "roe": null,
            "roe_4q": 0,
            "gross_profit": null,
            "gross_margin": null,
            "gross_margin_4q_avg": 0,
            "net_income": null,
            "revenue": null,
            "common_shares": 301000,
            "book_valuer_per_share": 29.15,
            "book_valuer_per_share_4q_avg": 7.29,
            "equity": 877498,
            "current_ratio": 205.98,
            "debt_ratio": 31.08,
            "inventory_turnover_ratio": null,
            "account_receivable_turnover_ratio": null,
            "reinvestment_rate": null,
            "research_to_sale_ratio": null,
            "price_fair": 0,
            "eps_avg_yearly": 0,
            "eps_latest_yearly": 0,
            "eps_growth_yearly": 0
        },
        "20041": {
            "year_quarter": 20041,
            "year": 2004,
            "quarter": 1,
            "eps": null,
            "eps_growth_year": null,
            "eps_4q": null,
            "eps_4q_growth_year": null,
            "roe": null,
            "roe_4q": 0,
            "gross_profit": null,
            "gross_margin": null,
            "gross_margin_4q_avg": 0,
            "net_income": null,
            "revenue": null,
            "common_shares": null,
            "book_valuer_per_share": null,
            "book_valuer_per_share_4q_avg": 7.29,
            "equity": null,
            "current_ratio": null,
            "debt_ratio": null,
            "inventory_turnover_ratio": null,
            "account_receivable_turnover_ratio": null,
            "reinvestment_rate": null,
            "research_to_sale_ratio": null,
            "price_fair": 0,
            "eps_avg_yearly": 0,
            "eps_latest_yearly": 0,
            "eps_growth_yearly": 0
        },
        "20042": {
            "year_quarter": 20042,
            "year": 2004,
            "quarter": 2,
            "eps": null,
            "eps_growth_year": null,
            "eps_4q": null,
            "eps_4q_growth_year": null,
            "roe": null,
            "roe_4q": 0,
            "gross_profit": null,
            "gross_margin": null,
            "gross_margin_4q_avg": 0,
            "net_income": null,
            "revenue": null,
            "common_shares": null,
            "book_valuer_per_share": null,
            "book_valuer_per_share_4q_avg": 7.29,
            "equity": null,
            "current_ratio": null,
            "debt_ratio": null,
            "inventory_turnover_ratio": null,
            "account_receivable_turnover_ratio": null,
            "reinvestment_rate": null,
            "research_to_sale_ratio": null,
            "price_fair": 0,
            "eps_avg_yearly": 0,
            "eps_latest_yearly": 0,
            "eps_growth_yearly": 0
        },
        "20043": {
            "year_quarter": 20043,
            "year": 2004,
            "quarter": 3,
            "eps": null,
            "eps_growth_year": null,
            "eps_4q": null,
            "eps_4q_growth_year": null,
            "roe": null,
            "roe_4q": 0,
            "gross_profit": null,
            "gross_margin": null,
            "gross_margin_4q_avg": 0,
            "net_income": null,
            "revenue": null,
            "common_shares": null,
            "book_valuer_per_share": null,
            "book_valuer_per_share_4q_avg": 7.29,
            "equity": null,
            "current_ratio": null,
            "debt_ratio": null,
            "inventory_turnover_ratio": null,
            "account_receivable_turnover_ratio": null,
            "reinvestment_rate": null,
            "research_to_sale_ratio": null,
            "price_fair": 0,
            "eps_avg_yearly": 0,
            "eps_latest_yearly": 0,
            "eps_growth_yearly": 0
        },
        "20044": {
            "year_quarter": 20044,
            "year": 2004,
            "quarter": 4,
            "eps": null,
            "eps_growth_year": null,
            "eps_4q": null,
            "eps_4q_growth_year": null,
            "roe": null,
            "roe_4q": 0,
            "gross_profit": null,
            "gross_margin": null,
            "gross_margin_4q_avg": 0,
            "net_income": null,
            "revenue": null,
            "common_shares": 394650,
            "book_valuer_per_share": 29.81,
            "book_valuer_per_share_4q_avg": 7.45,
            "equity": 1176461,
            "current_ratio": 166.14,
            "debt_ratio": 45.17,
            "inventory_turnover_ratio": null,
            "account_receivable_turnover_ratio": null,
            "reinvestment_rate": null,
            "research_to_sale_ratio": null,
            "price_fair": 0,
            "eps_avg_yearly": 0,
            "eps_latest_yearly": 0,
            "eps_growth_yearly": 0
        },
        "20051": {
            "year_quarter": 20051,
            "year": 2005,
            "quarter": 1,
            "eps": null,
            "eps_growth_year": null,
            "eps_4q": null,
            "eps_4q_growth_year": null,
            "roe": null,
            "roe_4q": 0,
            "gross_profit": null,
            "gross_margin": null,
            "gross_margin_4q_avg": 0,
            "net_income": null,
            "revenue": null,
            "common_shares": null,
            "book_valuer_per_share": null,
            "book_valuer_per_share_4q_avg": 7.45,
            "equity": null,
            "current_ratio": null,
            "debt_ratio": null,
            "inventory_turnover_ratio": null,
            "account_receivable_turnover_ratio": null,
            "reinvestment_rate": null,
            "research_to_sale_ratio": null,
            "price_fair": 0,
            "eps_avg_yearly": 0,
            "eps_latest_yearly": 0,
            "eps_growth_yearly": 0
        },
        "20052": {
            "year_quarter": 20052,
            "year": 2005,
            "quarter": 2,
            "eps": null,
            "eps_growth_year": null,
            "eps_4q": null,
            "eps_4q_growth_year": null,
            "roe": null,
            "roe_4q": 0,
            "gross_profit": null,
            "gross_margin": null,
            "gross_margin_4q_avg": 0,
            "net_income": null,
            "revenue": null,
            "common_shares": null,
            "book_valuer_per_share": null,
            "book_valuer_per_share_4q_avg": 7.45,
            "equity": null,
            "current_ratio": null,
            "debt_ratio": null,
            "inventory_turnover_ratio": null,
            "account_receivable_turnover_ratio": null,
            "reinvestment_rate": null,
            "research_to_sale_ratio": null,
            "price_fair": 0,
            "eps_avg_yearly": 0,
            "eps_latest_yearly": 0,
            "eps_growth_yearly": 0
        },
        "20053": {
            "year_quarter": 20053,
            "year": 2005,
            "quarter": 3,
            "eps": null,
            "eps_growth_year": null,
            "eps_4q": null,
            "eps_4q_growth_year": null,
            "roe": null,
            "roe_4q": 0,
            "gross_profit": null,
            "gross_margin": null,
            "gross_margin_4q_avg": 0,
            "net_income": null,
            "revenue": null,
            "common_shares": null,
            "book_valuer_per_share": null,
            "book_valuer_per_share_4q_avg": 7.45,
            "equity": null,
            "current_ratio": null,
            "debt_ratio": null,
            "inventory_turnover_ratio": null,
            "account_receivable_turnover_ratio": null,
            "reinvestment_rate": null,
            "research_to_sale_ratio": null,
            "price_fair": 0,
            "eps_avg_yearly": 0,
            "eps_latest_yearly": 0,
            "eps_growth_yearly": 0
        },
        "20054": {
            "year_quarter": 20054,
            "year": 2005,
            "quarter": 4,
            "eps": null,
            "eps_growth_year": null,
            "eps_4q": null,
            "eps_4q_growth_year": null,
            "roe": null,
            "roe_4q": 0,
            "gross_profit": null,
            "gross_margin": null,
            "gross_margin_4q_avg": 0,
            "net_income": null,
            "revenue": null,
            "common_shares": 589945,
            "book_valuer_per_share": 28.08,
            "book_valuer_per_share_4q_avg": 7.02,
            "equity": 1656633,
            "current_ratio": 151.42,
            "debt_ratio": 44.61,
            "inventory_turnover_ratio": null,
            "account_receivable_turnover_ratio": null,
            "reinvestment_rate": null,
            "research_to_sale_ratio": null,
            "price_fair": 0,
            "eps_avg_yearly": 0,
            "eps_latest_yearly": 0,
            "eps_growth_yearly": 0
        },
        "20061": {
            "year_quarter": 20061,
            "year": 2006,
            "quarter": 1,
            "eps": 1.12,
            "eps_growth_year": null,
            "eps_4q": null,
            "eps_4q_growth_year": null,
            "roe": 4.41,
            "roe_4q": 4.41,
            "gross_profit": 162239,
            "gross_margin": 22.42,
            "gross_margin_4q_avg": 5.61,
            "net_income": 82682,
            "revenue": 723618,
            "common_shares": 639945,
            "book_valuer_per_share": 32.76,
            "book_valuer_per_share_4q_avg": 15.21,
            "equity": 2096285,
            "current_ratio": 567.81,
            "debt_ratio": 17.09,
            "inventory_turnover_ratio": 2.29,
            "account_receivable_turnover_ratio": null,
            "reinvestment_rate": null,
            "research_to_sale_ratio": null,
            "price_fair": 0,
            "eps_avg_yearly": 0,
            "eps_latest_yearly": 0,
            "eps_growth_yearly": 0
        },
        "20062": {
            "year_quarter": 20062,
            "year": 2006,
            "quarter": 2,
            "eps": 2.2,
            "eps_growth_year": null,
            "eps_4q": null,
            "eps_4q_growth_year": null,
            "roe": 6.55,
            "roe_4q": 10.96,
            "gross_profit": 190922,
            "gross_margin": 22.13,
            "gross_margin_4q_avg": 11.14,
            "net_income": 139635,
            "revenue": 862757,
            "common_shares": 639945,
            "book_valuer_per_share": 33.91,
            "book_valuer_per_share_4q_avg": 23.69,
            "equity": 2170081,
            "current_ratio": 446.45,
            "debt_ratio": 18.05,
            "inventory_turnover_ratio": 13.73,
            "account_receivable_turnover_ratio": null,
            "reinvestment_rate": null,
            "research_to_sale_ratio": null,
            "price_fair": 308,
            "eps_avg_yearly": 8.8,
            "eps_latest_yearly": 8.8,
            "eps_growth_yearly": 385.71
        },
        "20063": {
            "year_quarter": 20063,
            "year": 2006,
            "quarter": 3,
            "eps": 2.03,
            "eps_growth_year": null,
            "eps_4q": null,
            "eps_4q_growth_year": null,
            "roe": 7.33,
            "roe_4q": 18.29,
            "gross_profit": 221667,
            "gross_margin": 22.46,
            "gross_margin_4q_avg": 16.75,
            "net_income": 165144,
            "revenue": 986757,
            "common_shares": 755937,
            "book_valuer_per_share": 30.89,
            "book_valuer_per_share_4q_avg": 31.41,
            "equity": 2335225,
            "current_ratio": 452.49,
            "debt_ratio": 18.15,
            "inventory_turnover_ratio": 14.8,
            "account_receivable_turnover_ratio": null,
            "reinvestment_rate": null,
            "research_to_sale_ratio": null,
            "price_fair": 296.1,
            "eps_avg_yearly": 8.46,
            "eps_latest_yearly": 8.12,
            "eps_growth_yearly": 177.4
        },
        "20064": {
            "year_quarter": 20064,
            "year": 2006,
            "quarter": 4,
            "eps": 0.72,
            "eps_growth_year": null,
            "eps_4q": 5.89,
            "eps_4q_growth_year": null,
            "roe": 2.27,
            "roe_4q": 20.56,
            "gross_profit": 219440,
            "gross_margin": 24.65,
            "gross_margin_4q_avg": 22.92,
            "net_income": 53914,
            "revenue": 890383,
            "common_shares": 755937,
            "book_valuer_per_share": 31.91,
            "book_valuer_per_share_4q_avg": 32.37,
            "equity": 2420488,
            "current_ratio": 223.94,
            "debt_ratio": 35.05,
            "inventory_turnover_ratio": 1.35,
            "account_receivable_turnover_ratio": null,
            "reinvestment_rate": null,
            "research_to_sale_ratio": null,
            "price_fair": 231,
            "eps_avg_yearly": 6.6,
            "eps_latest_yearly": 2.88,
            "eps_growth_yearly": 32.23
        },
        "20071": {
            "year_quarter": 20071,
            "year": 2007,
            "quarter": 1,
            "eps": 0.75,
            "eps_growth_year": -33.04,
            "eps_4q": 5.5,
            "eps_4q_growth_year": null,
            "roe": 2.31,
            "roe_4q": 18.46,
            "gross_profit": 156693,
            "gross_margin": 21.74,
            "gross_margin_4q_avg": 22.75,
            "net_income": 56605,
            "revenue": 720801,
            "common_shares": 755937,
            "book_valuer_per_share": 32.92,
            "book_valuer_per_share_4q_avg": 32.41,
            "equity": 2488502,
            "current_ratio": 529.11,
            "debt_ratio": 14.62,
            "inventory_turnover_ratio": 1.14,
            "account_receivable_turnover_ratio": null,
            "reinvestment_rate": null,
            "research_to_sale_ratio": null,
            "price_fair": 199.5,
            "eps_avg_yearly": 5.7,
            "eps_latest_yearly": 3,
            "eps_growth_yearly": 28.34
        },
        "20072": {
            "year_quarter": 20072,
            "year": 2007,
            "quarter": 2,
            "eps": 1.25,
            "eps_growth_year": -43.18,
            "eps_4q": 4.63,
            "eps_4q_growth_year": null,
            "roe": 4.13,
            "roe_4q": 16.04,
            "gross_profit": 224091,
            "gross_margin": 21.3,
            "gross_margin_4q_avg": 22.54,
            "net_income": 101957,
            "revenue": 1052318,
            "common_shares": 755937,
            "book_valuer_per_share": 32.34,
            "book_valuer_per_share_4q_avg": 32.02,
            "equity": 2445078,
            "current_ratio": 324.83,
            "debt_ratio": 18.1,
            "inventory_turnover_ratio": 18.13,
            "account_receivable_turnover_ratio": null,
            "reinvestment_rate": null,
            "research_to_sale_ratio": null,
            "price_fair": 194.6,
            "eps_avg_yearly": 5.56,
            "eps_latest_yearly": 5,
            "eps_growth_yearly": 76
        },
        "20073": {
            "year_quarter": 20073,
            "year": 2007,
            "quarter": 3,
            "eps": 1.45,
            "eps_growth_year": -28.57,
            "eps_4q": 4.04,
            "eps_4q_growth_year": null,
            "roe": 4.09,
            "roe_4q": 12.799999999999999,
            "gross_profit": 226161,
            "gross_margin": 20.17,
            "gross_margin_4q_avg": 21.97,
            "net_income": 119131,
            "revenue": 1121004,
            "common_shares": 921234,
            "book_valuer_per_share": 36.74,
            "book_valuer_per_share_4q_avg": 33.48,
            "equity": 3384209,
            "current_ratio": 960.23,
            "debt_ratio": 7.96,
            "inventory_turnover_ratio": 20.26,
            "account_receivable_turnover_ratio": null,
            "reinvestment_rate": null,
            "research_to_sale_ratio": null,
            "price_fair": 196,
            "eps_avg_yearly": 5.6,
            "eps_latest_yearly": 5.8,
            "eps_growth_yearly": 74
        },
        "20074": {
            "year_quarter": 20074,
            "year": 2007,
            "quarter": 4,
            "eps": 1.33,
            "eps_growth_year": 84.72,
            "eps_4q": 4.61,
            "eps_4q_growth_year": -21.85,
            "roe": 3.26,
            "roe_4q": 13.790000000000001,
            "gross_profit": 205480,
            "gross_margin": 19.7,
            "gross_margin_4q_avg": 20.73,
            "net_income": 112725,
            "revenue": 1043184,
            "common_shares": 921234,
            "book_valuer_per_share": 38.27,
            "book_valuer_per_share_4q_avg": 35.07,
            "equity": 3531389,
            "current_ratio": 283.33,
            "debt_ratio": 27.07,
            "inventory_turnover_ratio": 1.52,
            "account_receivable_turnover_ratio": null,
            "reinvestment_rate": null,
            "research_to_sale_ratio": null,
            "price_fair": 194.6,
            "eps_avg_yearly": 5.56,
            "eps_latest_yearly": 5.32,
            "eps_growth_yearly": 58.7
        },
        "20081": {
            "year_quarter": 20081,
            "year": 2008,
            "quarter": 1,
            "eps": 0.55,
            "eps_growth_year": -26.67,
            "eps_4q": 4.06,
            "eps_4q_growth_year": -26.26,
            "roe": 1.47,
            "roe_4q": 12.95,
            "gross_profit": 208411,
            "gross_margin": 19.27,
            "gross_margin_4q_avg": 20.11,
            "net_income": 52106,
            "revenue": 1081457,
            "common_shares": 921234,
            "book_valuer_per_share": 38.54,
            "book_valuer_per_share_4q_avg": 36.47,
            "equity": 3557023,
            "current_ratio": 289.48,
            "debt_ratio": 24.65,
            "inventory_turnover_ratio": 0.81,
            "account_receivable_turnover_ratio": null,
            "reinvestment_rate": null,
            "research_to_sale_ratio": null,
            "price_fair": 164.69,
            "eps_avg_yearly": 5.14,
            "eps_latest_yearly": 2.2,
            "eps_growth_yearly": 22.04
        },
        "20082": {
            "year_quarter": 20082,
            "year": 2008,
            "quarter": 2,
            "eps": 0.54,
            "eps_growth_year": -56.8,
            "eps_4q": 3.41,
            "eps_4q_growth_year": -26.36,
            "roe": 1.52,
            "roe_4q": 10.34,
            "gross_profit": 213595,
            "gross_margin": 15.97,
            "gross_margin_4q_avg": 18.78,
            "net_income": 53298,
            "revenue": 1337088,
            "common_shares": 921234,
            "book_valuer_per_share": 37.29,
            "book_valuer_per_share_4q_avg": 37.71,
            "equity": 3441786,
            "current_ratio": 223.72,
            "debt_ratio": 31.26,
            "inventory_turnover_ratio": 1.03,
            "account_receivable_turnover_ratio": null,
            "reinvestment_rate": null,
            "research_to_sale_ratio": null,
            "price_fair": 138.41,
            "eps_avg_yearly": 4.81,
            "eps_latest_yearly": 2.16,
            "eps_growth_yearly": 18.78
        },
        "20083": {
            "year_quarter": 20083,
            "year": 2008,
            "quarter": 3,
            "eps": 1.86,
            "eps_growth_year": 28.28,
            "eps_4q": 4.08,
            "eps_4q_growth_year": 0.96,
            "roe": 5.15,
            "roe_4q": 11.4,
            "gross_profit": 322979,
            "gross_margin": 19.84,
            "gross_margin_4q_avg": 18.7,
            "net_income": 183487,
            "revenue": 1627702,
            "common_shares": 992295,
            "book_valuer_per_share": 37.03,
            "book_valuer_per_share_4q_avg": 37.78,
            "equity": 3680134,
            "current_ratio": 239.01,
            "debt_ratio": 30.04,
            "inventory_turnover_ratio": 1.2,
            "account_receivable_turnover_ratio": null,
            "reinvestment_rate": null,
            "research_to_sale_ratio": null,
            "price_fair": 177.52,
            "eps_avg_yearly": 5.07,
            "eps_latest_yearly": 7.44,
            "eps_growth_yearly": 114.68
        },
        "20084": {
            "year_quarter": 20084,
            "year": 2008,
            "quarter": 4,
            "eps": 0.12,
            "eps_growth_year": -90.98,
            "eps_4q": 3.55,
            "eps_4q_growth_year": -22.96,
            "roe": 0.28,
            "roe_4q": 8.420000000000002,
            "gross_profit": 176239,
            "gross_margin": 14.89,
            "gross_margin_4q_avg": 17.49,
            "net_income": 10168,
            "revenue": 1183288,
            "common_shares": 992296,
            "book_valuer_per_share": 37.4,
            "book_valuer_per_share_4q_avg": 37.57,
            "equity": 3715290,
            "current_ratio": 276.97,
            "debt_ratio": 24.34,
            "inventory_turnover_ratio": 0.97,
            "account_receivable_turnover_ratio": 2.6,
            "reinvestment_rate": null,
            "research_to_sale_ratio": null,
            "price_fair": 162.91,
            "eps_avg_yearly": 4.65,
            "eps_latest_yearly": 0.48,
            "eps_growth_yearly": 70.24
        },
        "20091": {
            "year_quarter": 20091,
            "year": 2009,
            "quarter": 1,
            "eps": 1.12,
            "eps_growth_year": 103.64,
            "eps_4q": 3.68,
            "eps_4q_growth_year": -9.4,
            "roe": 2.9,
            "roe_4q": 9.85,
            "gross_profit": 205135,
            "gross_margin": 23.99,
            "gross_margin_4q_avg": 18.67,
            "net_income": 109975,
            "revenue": 854992,
            "common_shares": 992295,
            "book_valuer_per_share": 38.88,
            "book_valuer_per_share_4q_avg": 37.65,
            "equity": 3861744,
            "current_ratio": 322.74,
            "debt_ratio": 20.98,
            "inventory_turnover_ratio": 0.71,
            "account_receivable_turnover_ratio": 0.98,
            "reinvestment_rate": null,
            "research_to_sale_ratio": null,
            "price_fair": 162.4,
            "eps_avg_yearly": 4.64,
            "eps_latest_yearly": 4.48,
            "eps_growth_yearly": 342.16
        },
        "20092": {
            "year_quarter": 20092,
            "year": 2009,
            "quarter": 2,
            "eps": 0.73,
            "eps_growth_year": 35.19,
            "eps_4q": 3.84,
            "eps_4q_growth_year": 12.54,
            "roe": 1.9,
            "roe_4q": 10.23,
            "gross_profit": 213502,
            "gross_margin": 23.1,
            "gross_margin_4q_avg": 20.46,
            "net_income": 72462,
            "revenue": 924247,
            "common_shares": 993859,
            "book_valuer_per_share": 37.71,
            "book_valuer_per_share_4q_avg": 37.76,
            "equity": 3750071,
            "current_ratio": 304.72,
            "debt_ratio": 22.3,
            "inventory_turnover_ratio": 0.91,
            "account_receivable_turnover_ratio": 1.13,
            "reinvestment_rate": null,
            "research_to_sale_ratio": null,
            "price_fair": 157.77,
            "eps_avg_yearly": 4.51,
            "eps_latest_yearly": 2.92,
            "eps_growth_yearly": 305.13
        },
        "20093": {
            "year_quarter": 20093,
            "year": 2009,
            "quarter": 3,
            "eps": 1.68,
            "eps_growth_year": -9.68,
            "eps_4q": 3.65,
            "eps_4q_growth_year": -10.48,
            "roe": 4.41,
            "roe_4q": 9.49,
            "gross_profit": 356335,
            "gross_margin": 28.74,
            "gross_margin_4q_avg": 22.68,
            "net_income": 168971,
            "revenue": 1240007,
            "common_shares": 1021115,
            "book_valuer_per_share": 38.32,
            "book_valuer_per_share_4q_avg": 38.08,
            "equity": 3913570,
            "current_ratio": 325.13,
            "debt_ratio": 21.29,
            "inventory_turnover_ratio": 1.22,
            "account_receivable_turnover_ratio": 1.37,
            "reinvestment_rate": null,
            "research_to_sale_ratio": null,
            "price_fair": 163.3,
            "eps_avg_yearly": 4.67,
            "eps_latest_yearly": 6.72,
            "eps_growth_yearly": 320.52
        },
        "20094": {
            "year_quarter": 20094,
            "year": 2009,
            "quarter": 4,
            "eps": 1.58,
            "eps_growth_year": 1216.67,
            "eps_4q": 5.04,
            "eps_4q_growth_year": 41.98,
            "roe": 4,
            "roe_4q": 13.21,
            "gross_profit": 349868,
            "gross_margin": 28.56,
            "gross_margin_4q_avg": 26.1,
            "net_income": 159702,
            "revenue": 1224994,
            "common_shares": 1024781,
            "book_valuer_per_share": 39.72,
            "book_valuer_per_share_4q_avg": 38.66,
            "equity": 4069376,
            "current_ratio": 311.64,
            "debt_ratio": 23.22,
            "inventory_turnover_ratio": 1.13,
            "account_receivable_turnover_ratio": 2.67,
            "reinvestment_rate": 106.59,
            "research_to_sale_ratio": null,
            "price_fair": 167.16,
            "eps_avg_yearly": 4.78,
            "eps_latest_yearly": 6.32,
            "eps_growth_yearly": 297.56
        },
        "20101": {
            "year_quarter": 20101,
            "year": 2010,
            "quarter": 1,
            "eps": 1.47,
            "eps_growth_year": 31.25,
            "eps_4q": 5.39,
            "eps_4q_growth_year": 46.64,
            "roe": 3.63,
            "roe_4q": 13.94,
            "gross_profit": 298270,
            "gross_margin": 25.13,
            "gross_margin_4q_avg": 26.38,
            "net_income": 150696,
            "revenue": 1186961,
            "common_shares": 1032349,
            "book_valuer_per_share": 40.96,
            "book_valuer_per_share_4q_avg": 39.18,
            "equity": 4227668,
            "current_ratio": 321.86,
            "debt_ratio": 22.41,
            "inventory_turnover_ratio": 1.05,
            "account_receivable_turnover_ratio": 1.24,
            "reinvestment_rate": 160.99,
            "research_to_sale_ratio": 0.4,
            "price_fair": 169.58,
            "eps_avg_yearly": 4.85,
            "eps_latest_yearly": 5.88,
            "eps_growth_yearly": 277.22
        },
        "20102": {
            "year_quarter": 20102,
            "year": 2010,
            "quarter": 2,
            "eps": 1.71,
            "eps_growth_year": 133.59,
            "eps_4q": 6.29,
            "eps_4q_growth_year": 63.89,
            "roe": 4.28,
            "roe_4q": 16.32,
            "gross_profit": 362014,
            "gross_margin": 24.18,
            "gross_margin_4q_avg": 26.65,
            "net_income": 177822,
            "revenue": 1496962,
            "common_shares": 1032349,
            "book_valuer_per_share": 39.51,
            "book_valuer_per_share_4q_avg": 39.63,
            "equity": 4076051,
            "current_ratio": 239.98,
            "debt_ratio": 30.81,
            "inventory_turnover_ratio": 1.21,
            "account_receivable_turnover_ratio": 1.38,
            "reinvestment_rate": 166.63,
            "research_to_sale_ratio": 0.49,
            "price_fair": 165.29,
            "eps_avg_yearly": 4.72,
            "eps_latest_yearly": 6.84,
            "eps_growth_yearly": 257.2
        },
        "20103": {
            "year_quarter": 20103,
            "year": 2010,
            "quarter": 3,
            "eps": 1.25,
            "eps_growth_year": -25.39,
            "eps_4q": 5.92,
            "eps_4q_growth_year": 62.16,
            "roe": 3.13,
            "roe_4q": 15.04,
            "gross_profit": 323166,
            "gross_margin": 22.62,
            "gross_margin_4q_avg": 25.12,
            "net_income": 129089,
            "revenue": 1428627,
            "common_shares": 1054416,
            "book_valuer_per_share": 39.66,
            "book_valuer_per_share_4q_avg": 39.96,
            "equity": 4175900,
            "current_ratio": 289.28,
            "debt_ratio": 25.35,
            "inventory_turnover_ratio": 1.08,
            "account_receivable_turnover_ratio": 1.22,
            "reinvestment_rate": 170.74,
            "research_to_sale_ratio": 0.51,
            "price_fair": 158.46,
            "eps_avg_yearly": 4.53,
            "eps_latest_yearly": 5,
            "eps_growth_yearly": 252.4
        },
        "20104": {
            "year_quarter": 20104,
            "year": 2010,
            "quarter": 4,
            "eps": 1.19,
            "eps_growth_year": -24.4,
            "eps_4q": 5.54,
            "eps_4q_growth_year": 9.99,
            "roe": 3.01,
            "roe_4q": 14.05,
            "gross_profit": 318739,
            "gross_margin": 24.36,
            "gross_margin_4q_avg": 24.07,
            "net_income": 126298,
            "revenue": 1308263,
            "common_shares": 1064602,
            "book_valuer_per_share": 39.64,
            "book_valuer_per_share_4q_avg": 39.94,
            "equity": 4217956,
            "current_ratio": 295.3,
            "debt_ratio": 25.45,
            "inventory_turnover_ratio": 0.97,
            "account_receivable_turnover_ratio": 1.18,
            "reinvestment_rate": 114.55,
            "research_to_sale_ratio": 0.35,
            "price_fair": 162.58,
            "eps_avg_yearly": 4.65,
            "eps_latest_yearly": 4.76,
            "eps_growth_yearly": 267.34
        },
        "20111": {
            "year_quarter": 20111,
            "year": 2011,
            "quarter": 1,
            "eps": 0.45,
            "eps_growth_year": -69.39,
            "eps_4q": 4.51,
            "eps_4q_growth_year": -16.26,
            "roe": 1.16,
            "roe_4q": 11.58,
            "gross_profit": 226268,
            "gross_margin": 18.96,
            "gross_margin_4q_avg": 22.53,
            "net_income": 49508,
            "revenue": 1193455,
            "common_shares": 1080262,
            "book_valuer_per_share": 40.08,
            "book_valuer_per_share_4q_avg": 39.72,
            "equity": 4330151,
            "current_ratio": 319.18,
            "debt_ratio": 23.54,
            "inventory_turnover_ratio": 1.01,
            "account_receivable_turnover_ratio": 1.18,
            "reinvestment_rate": 163.1,
            "research_to_sale_ratio": 0.7,
            "price_fair": 159.95,
            "eps_avg_yearly": 4.57,
            "eps_latest_yearly": 1.8,
            "eps_growth_yearly": 250.75
        },
        "20112": {
            "year_quarter": 20112,
            "year": 2011,
            "quarter": 2,
            "eps": 1.04,
            "eps_growth_year": -39.3,
            "eps_4q": 3.83,
            "eps_4q_growth_year": -39.08,
            "roe": 2.74,
            "roe_4q": 10.04,
            "gross_profit": 304026,
            "gross_margin": 22.92,
            "gross_margin_4q_avg": 22.22,
            "net_income": 114122,
            "revenue": 1326513,
            "common_shares": 1080262,
            "book_valuer_per_share": 37.1,
            "book_valuer_per_share_4q_avg": 39.12,
            "equity": 4007476,
            "current_ratio": 249.53,
            "debt_ratio": 30.28,
            "inventory_turnover_ratio": 1.12,
            "account_receivable_turnover_ratio": 1.27,
            "reinvestment_rate": 154.6,
            "research_to_sale_ratio": 0.67,
            "price_fair": 158.11,
            "eps_avg_yearly": 4.52,
            "eps_latest_yearly": 4.16,
            "eps_growth_yearly": 266.86
        },
        "20113": {
            "year_quarter": 20113,
            "year": 2011,
            "quarter": 3,
            "eps": 1.52,
            "eps_growth_year": 21.29,
            "eps_4q": 4.13,
            "eps_4q_growth_year": -30.21,
            "roe": 4.01,
            "roe_4q": 10.92,
            "gross_profit": 308471,
            "gross_margin": 22.14,
            "gross_margin_4q_avg": 22.1,
            "net_income": 167366,
            "revenue": 1393313,
            "common_shares": 1111908,
            "book_valuer_per_share": 39.01,
            "book_valuer_per_share_4q_avg": 38.96,
            "equity": 4337574,
            "current_ratio": 306.15,
            "debt_ratio": 25.2,
            "inventory_turnover_ratio": 1.15,
            "account_receivable_turnover_ratio": 1.17,
            "reinvestment_rate": 165.21,
            "research_to_sale_ratio": 0.72,
            "price_fair": 158.73,
            "eps_avg_yearly": 4.54,
            "eps_latest_yearly": 6.08,
            "eps_growth_yearly": 274.4
        },
        "20114": {
            "year_quarter": 20114,
            "year": 2011,
            "quarter": 4,
            "eps": 1.05,
            "eps_growth_year": -12.05,
            "eps_4q": 4.03,
            "eps_4q_growth_year": -27.21,
            "roe": 2.61,
            "roe_4q": 10.52,
            "gross_profit": 322472,
            "gross_margin": 26.13,
            "gross_margin_4q_avg": 22.54,
            "net_income": 114847,
            "revenue": 1234305,
            "common_shares": 1112279,
            "book_valuer_per_share": 40.01,
            "book_valuer_per_share_4q_avg": 39.05,
            "equity": 4447188,
            "current_ratio": 310.56,
            "debt_ratio": 24.53,
            "inventory_turnover_ratio": 0.89,
            "account_receivable_turnover_ratio": 1.01,
            "reinvestment_rate": 121.18,
            "research_to_sale_ratio": 1.1,
            "price_fair": 156.28,
            "eps_avg_yearly": 4.47,
            "eps_latest_yearly": 4.2,
            "eps_growth_yearly": 268.74
        },
        "20121": {
            "year_quarter": 20121,
            "year": 2012,
            "quarter": 1,
            "eps": 1.02,
            "eps_growth_year": 126.67,
            "eps_4q": 4.62,
            "eps_4q_growth_year": 2.32,
            "roe": 2.52,
            "roe_4q": 11.88,
            "gross_profit": 285842,
            "gross_margin": 23.65,
            "gross_margin_4q_avg": 23.71,
            "net_income": 112811,
            "revenue": 1208654,
            "common_shares": 1112279,
            "book_valuer_per_share": 40.63,
            "book_valuer_per_share_4q_avg": 39.19,
            "equity": 4520784,
            "current_ratio": 355.28,
            "debt_ratio": 21.64,
            "inventory_turnover_ratio": 0.89,
            "account_receivable_turnover_ratio": 1.06,
            "reinvestment_rate": 117.33,
            "research_to_sale_ratio": 0.97,
            "price_fair": 160.39,
            "eps_avg_yearly": 4.58,
            "eps_latest_yearly": 4.08,
            "eps_growth_yearly": 282.69
        },
        "20122": {
            "year_quarter": 20122,
            "year": 2012,
            "quarter": 2,
            "eps": 1.14,
            "eps_growth_year": 10.02,
            "eps_4q": 4.73,
            "eps_4q_growth_year": 23.52,
            "roe": 2.86,
            "roe_4q": 12,
            "gross_profit": 319263,
            "gross_margin": 25.23,
            "gross_margin_4q_avg": 24.29,
            "net_income": 126368,
            "revenue": 1265495,
            "common_shares": 1112279,
            "book_valuer_per_share": 38.91,
            "book_valuer_per_share_4q_avg": 39.64,
            "equity": 4328871,
            "current_ratio": 269.66,
            "debt_ratio": 28.28,
            "inventory_turnover_ratio": 0.88,
            "account_receivable_turnover_ratio": 1.1,
            "reinvestment_rate": 112.94,
            "research_to_sale_ratio": 0.78,
            "price_fair": 165.64,
            "eps_avg_yearly": 4.73,
            "eps_latest_yearly": 4.56,
            "eps_growth_yearly": 286.08
        },
        "20123": {
            "year_quarter": 20123,
            "year": 2012,
            "quarter": 3,
            "eps": 0.99,
            "eps_growth_year": -35.21,
            "eps_4q": 4.2,
            "eps_4q_growth_year": 1.68,
            "roe": 2.48,
            "roe_4q": 10.469999999999999,
            "gross_profit": 328541,
            "gross_margin": 24,
            "gross_margin_4q_avg": 24.75,
            "net_income": 108260,
            "revenue": 1368657,
            "common_shares": 1112279,
            "book_valuer_per_share": 39.51,
            "book_valuer_per_share_4q_avg": 39.77,
            "equity": 4394419,
            "current_ratio": 325.38,
            "debt_ratio": 23.58,
            "inventory_turnover_ratio": 0.92,
            "account_receivable_turnover_ratio": 1.14,
            "reinvestment_rate": 116.57,
            "research_to_sale_ratio": 0.76,
            "price_fair": 158.03,
            "eps_avg_yearly": 4.52,
            "eps_latest_yearly": 3.96,
            "eps_growth_yearly": 221.68
        },
        "20124": {
            "year_quarter": 20124,
            "year": 2012,
            "quarter": 4,
            "eps": 1.3,
            "eps_growth_year": 23.98,
            "eps_4q": 4.45,
            "eps_4q_growth_year": 10.29,
            "roe": 3.15,
            "roe_4q": 11.01,
            "gross_profit": 365968,
            "gross_margin": 25.42,
            "gross_margin_4q_avg": 24.58,
            "net_income": 140577,
            "revenue": 1439544,
            "common_shares": 1112279,
            "book_valuer_per_share": 40.89,
            "book_valuer_per_share_4q_avg": 39.99,
            "equity": 4544452,
            "current_ratio": 327.95,
            "debt_ratio": 23.44,
            "inventory_turnover_ratio": 0.96,
            "account_receivable_turnover_ratio": 1.12,
            "reinvestment_rate": 120.7,
            "research_to_sale_ratio": 0.9,
            "price_fair": 168.35,
            "eps_avg_yearly": 4.81,
            "eps_latest_yearly": 5.2,
            "eps_growth_yearly": 252.9
        },
        "20131": {
            "year_quarter": 20131,
            "year": 2013,
            "quarter": 1,
            "eps": 1.29,
            "eps_growth_year": 26.47,
            "eps_4q": 4.72,
            "eps_4q_growth_year": 2.16,
            "roe": 3.1,
            "roe_4q": 11.59,
            "gross_profit": 293844,
            "gross_margin": 23.85,
            "gross_margin_4q_avg": 24.63,
            "net_income": 144067,
            "revenue": 1232136,
            "common_shares": 1112279,
            "book_valuer_per_share": 42.65,
            "book_valuer_per_share_4q_avg": 40.49,
            "equity": 4740686,
            "current_ratio": 360,
            "debt_ratio": 22.06,
            "inventory_turnover_ratio": 0.82,
            "account_receivable_turnover_ratio": 0.99,
            "reinvestment_rate": -0.63,
            "research_to_sale_ratio": 0.52,
            "price_fair": 169.84,
            "eps_avg_yearly": 4.85,
            "eps_latest_yearly": 5.16,
            "eps_growth_yearly": 44.37
        },
        "20132": {
            "year_quarter": 20132,
            "year": 2013,
            "quarter": 2,
            "eps": 1.22,
            "eps_growth_year": 7.14,
            "eps_4q": 4.8,
            "eps_4q_growth_year": 1.4,
            "roe": 2.9,
            "roe_4q": 11.63,
            "gross_profit": 336877,
            "gross_margin": 24.26,
            "gross_margin_4q_avg": 24.38,
            "net_income": 134911,
            "revenue": 1388694,
            "common_shares": 1112279,
            "book_valuer_per_share": 41.05,
            "book_valuer_per_share_4q_avg": 41.03,
            "equity": 4561344,
            "current_ratio": 273.06,
            "debt_ratio": 28.65,
            "inventory_turnover_ratio": 0.86,
            "account_receivable_turnover_ratio": 1.16,
            "reinvestment_rate": 4.51,
            "research_to_sale_ratio": 1.08,
            "price_fair": 174.13,
            "eps_avg_yearly": 4.98,
            "eps_latest_yearly": 4.88,
            "eps_growth_yearly": 51.72
        },
        "20133": {
            "year_quarter": 20133,
            "year": 2013,
            "quarter": 3,
            "eps": 0.96,
            "eps_growth_year": -2.55,
            "eps_4q": 4.69,
            "eps_4q_growth_year": 11.8,
            "roe": 2.32,
            "roe_4q": 11.47,
            "gross_profit": 310645,
            "gross_margin": 22.49,
            "gross_margin_4q_avg": 24.01,
            "net_income": 107525,
            "revenue": 1381338,
            "common_shares": 1133299,
            "book_valuer_per_share": 41.57,
            "book_valuer_per_share_4q_avg": 41.54,
            "equity": 4707399,
            "current_ratio": 346.34,
            "debt_ratio": 23.06,
            "inventory_turnover_ratio": 0.82,
            "account_receivable_turnover_ratio": 1.08,
            "reinvestment_rate": 6.97,
            "research_to_sale_ratio": 0.91,
            "price_fair": 114.39,
            "eps_avg_yearly": 4.8,
            "eps_latest_yearly": 3.84,
            "eps_growth_yearly": 13.86
        },
        "20134": {
            "year_quarter": 20134,
            "year": 2013,
            "quarter": 4,
            "eps": 0.79,
            "eps_growth_year": -39.44,
            "eps_4q": 4.19,
            "eps_4q_growth_year": -5.74,
            "roe": 1.87,
            "roe_4q": 10.19,
            "gross_profit": 266383,
            "gross_margin": 20.89,
            "gross_margin_4q_avg": 22.87,
            "net_income": 89290,
            "revenue": 1275009,
            "common_shares": 1136449,
            "book_valuer_per_share": 42.74,
            "book_valuer_per_share_4q_avg": 42,
            "equity": 4852574,
            "current_ratio": 419.07,
            "debt_ratio": 19.46,
            "inventory_turnover_ratio": 0.76,
            "account_receivable_turnover_ratio": 1,
            "reinvestment_rate": -69.87,
            "research_to_sale_ratio": 1.18,
            "price_fair": 96.17,
            "eps_avg_yearly": 4.6,
            "eps_latest_yearly": 3.16,
            "eps_growth_yearly": 10.92
        },
        "20141": {
            "year_quarter": 20141,
            "year": 2014,
            "quarter": 1,
            "eps": 0.79,
            "eps_growth_year": -38.76,
            "eps_4q": 3.72,
            "eps_4q_growth_year": -21.24,
            "roe": 1.8,
            "roe_4q": 8.89,
            "gross_profit": 223530,
            "gross_margin": 19.52,
            "gross_margin_4q_avg": 21.79,
            "net_income": 88018,
            "revenue": 1145007,
            "common_shares": 1136449,
            "book_valuer_per_share": 43.49,
            "book_valuer_per_share_4q_avg": 42.21,
            "equity": 4935666,
            "current_ratio": 419.35,
            "debt_ratio": 19.27,
            "inventory_turnover_ratio": 0.7,
            "account_receivable_turnover_ratio": 0.95,
            "reinvestment_rate": -87.86,
            "research_to_sale_ratio": 1.26,
            "price_fair": 100.32,
            "eps_avg_yearly": 4.43,
            "eps_latest_yearly": 3.16,
            "eps_growth_yearly": 12.66
        },
        "20142": {
            "year_quarter": 20142,
            "year": 2014,
            "quarter": 2,
            "eps": 0.73,
            "eps_growth_year": -40.16,
            "eps_4q": 3.25,
            "eps_4q_growth_year": -32.27,
            "roe": 1.71,
            "roe_4q": 7.699999999999999,
            "gross_profit": 314580,
            "gross_margin": 24.22,
            "gross_margin_4q_avg": 21.78,
            "net_income": 81683,
            "revenue": 1298636,
            "common_shares": 1136449,
            "book_valuer_per_share": 40.83,
            "book_valuer_per_share_4q_avg": 42.16,
            "equity": 4634391,
            "current_ratio": 305.45,
            "debt_ratio": 25.29,
            "inventory_turnover_ratio": 0.72,
            "account_receivable_turnover_ratio": 1.08,
            "reinvestment_rate": -99.76,
            "research_to_sale_ratio": 1.03,
            "price_fair": 69.75,
            "eps_avg_yearly": 4.18,
            "eps_latest_yearly": 2.92,
            "eps_growth_yearly": 6.68
        },
        "20143": {
            "year_quarter": 20143,
            "year": 2014,
            "quarter": 3,
            "eps": 1.11,
            "eps_growth_year": 15.62,
            "eps_4q": 3.41,
            "eps_4q_growth_year": -27.33,
            "roe": 2.61,
            "roe_4q": 7.99,
            "gross_profit": 318445,
            "gross_margin": 22.73,
            "gross_margin_4q_avg": 21.84,
            "net_income": 123916,
            "revenue": 1401279,
            "common_shares": 1136449,
            "book_valuer_per_share": 42.68,
            "book_valuer_per_share_4q_avg": 42.44,
            "equity": 4843556,
            "current_ratio": 332.15,
            "debt_ratio": 23.03,
            "inventory_turnover_ratio": 0.75,
            "account_receivable_turnover_ratio": 1.04,
            "reinvestment_rate": -95.78,
            "research_to_sale_ratio": 0.81,
            "price_fair": 145.16,
            "eps_avg_yearly": 4.15,
            "eps_latest_yearly": 4.44,
            "eps_growth_yearly": 26.42
        },
        "20144": {
            "year_quarter": 20144,
            "year": 2014,
            "quarter": 4,
            "eps": 1.39,
            "eps_growth_year": 76.78,
            "eps_4q": 3.97,
            "eps_4q_growth_year": -5.39,
            "roe": 3.23,
            "roe_4q": 9.35,
            "gross_profit": 329242,
            "gross_margin": 21.76,
            "gross_margin_4q_avg": 22.06,
            "net_income": 161173,
            "revenue": 1512967,
            "common_shares": 1157649,
            "book_valuer_per_share": 44.52,
            "book_valuer_per_share_4q_avg": 42.88,
            "equity": 5146724,
            "current_ratio": 317.15,
            "debt_ratio": 24.08,
            "inventory_turnover_ratio": 0.8,
            "account_receivable_turnover_ratio": 0.98,
            "reinvestment_rate": -81.44,
            "research_to_sale_ratio": 3.85,
            "price_fair": 146.91,
            "eps_avg_yearly": 4.2,
            "eps_latest_yearly": 5.56,
            "eps_growth_yearly": 33.92
        },
        "20151": {
            "year_quarter": 20151,
            "year": 2015,
            "quarter": 1,
            "eps": 1.19,
            "eps_growth_year": 50.63,
            "eps_4q": 4.38,
            "eps_4q_growth_year": 17.94,
            "roe": 2.65,
            "roe_4q": 10.2,
            "gross_profit": 324237,
            "gross_margin": 26.56,
            "gross_margin_4q_avg": 23.82,
            "net_income": 137616,
            "revenue": 1220718,
            "common_shares": 1157649,
            "book_valuer_per_share": 45.48,
            "book_valuer_per_share_4q_avg": 43.38,
            "equity": 5258363,
            "current_ratio": 346.18,
            "debt_ratio": 22.02,
            "inventory_turnover_ratio": 0.6,
            "account_receivable_turnover_ratio": 0.8,
            "reinvestment_rate": -71.11,
            "research_to_sale_ratio": 0.76,
            "price_fair": 153.39,
            "eps_avg_yearly": 4.38,
            "eps_latest_yearly": 4.76,
            "eps_growth_yearly": 45.87
        },
        "20152": {
            "year_quarter": 20152,
            "year": 2015,
            "quarter": 2,
            "eps": 1.45,
            "eps_growth_year": 98.63,
            "eps_4q": 5.12,
            "eps_4q_growth_year": 57.54,
            "roe": 3.24,
            "roe_4q": 11.73,
            "gross_profit": 340545,
            "gross_margin": 25.71,
            "gross_margin_4q_avg": 24.19,
            "net_income": 167510,
            "revenue": 1324391,
            "common_shares": 1157649,
            "book_valuer_per_share": 43.96,
            "book_valuer_per_share_4q_avg": 44.16,
            "equity": 5082144,
            "current_ratio": 286.28,
            "debt_ratio": 27.07,
            "inventory_turnover_ratio": 0.66,
            "account_receivable_turnover_ratio": 0.92,
            "reinvestment_rate": -62.7,
            "research_to_sale_ratio": 1.94,
            "price_fair": 128.08,
            "eps_avg_yearly": 4.49,
            "eps_latest_yearly": 5.8,
            "eps_growth_yearly": 18.56
        },
        "20153": {
            "year_quarter": 20153,
            "year": 2015,
            "quarter": 3,
            "eps": 2.31,
            "eps_growth_year": 108.11,
            "eps_4q": 6.34,
            "eps_4q_growth_year": 85.9,
            "roe": 4.97,
            "roe_4q": 14.090000000000002,
            "gross_profit": 443278,
            "gross_margin": 28.15,
            "gross_margin_4q_avg": 25.55,
            "net_income": 262128,
            "revenue": 1574483,
            "common_shares": 1157649,
            "book_valuer_per_share": 47.38,
            "book_valuer_per_share_4q_avg": 45.34,
            "equity": 5472829,
            "current_ratio": 327.78,
            "debt_ratio": 23.6,
            "inventory_turnover_ratio": 0.8,
            "account_receivable_turnover_ratio": 0.98,
            "reinvestment_rate": -57.91,
            "research_to_sale_ratio": 0.92,
            "price_fair": 149.12,
            "eps_avg_yearly": 4.68,
            "eps_latest_yearly": 9.24,
            "eps_growth_yearly": 21.85
        },
        "20154": {
            "year_quarter": 20154,
            "year": 2015,
            "quarter": 4,
            "eps": 1.37,
            "eps_growth_year": -1.7,
            "eps_4q": 6.21,
            "eps_4q_growth_year": 56.55,
            "roe": 2.91,
            "roe_4q": 13.770000000000001,
            "gross_profit": 316530,
            "gross_margin": 24.32,
            "gross_margin_4q_avg": 26.19,
            "net_income": 161866,
            "revenue": 1301710,
            "common_shares": 1182579,
            "book_valuer_per_share": 47.75,
            "book_valuer_per_share_4q_avg": 46.14,
            "equity": 5634874,
            "current_ratio": 351.29,
            "debt_ratio": 21.86,
            "inventory_turnover_ratio": 0.74,
            "account_receivable_turnover_ratio": 0.82,
            "reinvestment_rate": -54,
            "research_to_sale_ratio": 1.09,
            "price_fair": 140.03,
            "eps_avg_yearly": 4.76,
            "eps_latest_yearly": 5.48,
            "eps_growth_yearly": 19.4
        },
        "20161": {
            "year_quarter": 20161,
            "year": 2016,
            "quarter": 1,
            "eps": 1.51,
            "eps_growth_year": 26.89,
            "eps_4q": 6.56,
            "eps_4q_growth_year": 49.59,
            "roe": 3.13,
            "roe_4q": 14.25,
            "gross_profit": 407467,
            "gross_margin": 32.9,
            "gross_margin_4q_avg": 27.77,
            "net_income": 178476,
            "revenue": 1238687,
            "common_shares": 1182579,
            "book_valuer_per_share": 48.82,
            "book_valuer_per_share_4q_avg": 46.98,
            "equity": 5759748,
            "current_ratio": 434.07,
            "debt_ratio": 18.68,
            "inventory_turnover_ratio": 0.66,
            "account_receivable_turnover_ratio": 0.92,
            "reinvestment_rate": -53.19,
            "research_to_sale_ratio": 1.13,
            "price_fair": 159.6,
            "eps_avg_yearly": 4.89,
            "eps_latest_yearly": 6.04,
            "eps_growth_yearly": 22.67
        },
        "20162": {
            "year_quarter": 20162,
            "year": 2016,
            "quarter": 2,
            "eps": 1.18,
            "eps_growth_year": -18.62,
            "eps_4q": 6.32,
            "eps_4q_growth_year": 23.43,
            "roe": 2.52,
            "roe_4q": 13.530000000000001,
            "gross_profit": 347019,
            "gross_margin": 28.39,
            "gross_margin_4q_avg": 28.44,
            "net_income": 140111,
            "revenue": 1222487,
            "common_shares": 1182579,
            "book_valuer_per_share": 45.45,
            "book_valuer_per_share_4q_avg": 47.35,
            "equity": 5361741,
            "current_ratio": 301.82,
            "debt_ratio": 25.36,
            "inventory_turnover_ratio": 0.75,
            "account_receivable_turnover_ratio": 0.96,
            "reinvestment_rate": -59.93,
            "research_to_sale_ratio": 2.27,
            "price_fair": 118.79,
            "eps_avg_yearly": 4.9,
            "eps_latest_yearly": 4.72,
            "eps_growth_yearly": 14.27
        },
        "20163": {
            "year_quarter": 20163,
            "year": 2016,
            "quarter": 3,
            "eps": 1.4,
            "eps_growth_year": -39.39,
            "eps_4q": 5.46,
            "eps_4q_growth_year": -13.85,
            "roe": 3.07,
            "roe_4q": 11.629999999999999,
            "gross_profit": 435720,
            "gross_margin": 33.71,
            "gross_margin_4q_avg": 29.83,
            "net_income": 165819,
            "revenue": 1292574,
            "common_shares": 1182579,
            "book_valuer_per_share": 46.05,
            "book_valuer_per_share_4q_avg": 47.02,
            "equity": 5433379,
            "current_ratio": 320.11,
            "debt_ratio": 24.6,
            "inventory_turnover_ratio": 0.81,
            "account_receivable_turnover_ratio": 0.98,
            "reinvestment_rate": -60.16,
            "research_to_sale_ratio": 0.66,
            "price_fair": 161.01,
            "eps_avg_yearly": 5,
            "eps_latest_yearly": 5.6,
            "eps_growth_yearly": 22.22
        },
        "20164": {
            "year_quarter": 20164,
            "year": 2016,
            "quarter": 4,
            "eps": 1.84,
            "eps_growth_year": 34.61,
            "eps_4q": 5.94,
            "eps_4q_growth_year": -4.44,
            "roe": 3.95,
            "roe_4q": 12.669999999999998,
            "gross_profit": 383308,
            "gross_margin": 32.83,
            "gross_margin_4q_avg": 31.96,
            "net_income": 218217,
            "revenue": 1167497,
            "common_shares": 1182579,
            "book_valuer_per_share": 47.64,
            "book_valuer_per_share_4q_avg": 46.99,
            "equity": 5622567,
            "current_ratio": 368.68,
            "debt_ratio": 21.87,
            "inventory_turnover_ratio": 0.76,
            "account_receivable_turnover_ratio": 0.85,
            "reinvestment_rate": -65.5,
            "research_to_sale_ratio": 1.34,
            "price_fair": 165.5,
            "eps_avg_yearly": 5.13,
            "eps_latest_yearly": 7.36,
            "eps_growth_yearly": 22.25
        },
        "20171": {
            "year_quarter": 20171,
            "year": 2017,
            "quarter": 1,
            "eps": 0.87,
            "eps_growth_year": -42.38,
            "eps_4q": 5.29,
            "eps_4q_growth_year": -19.29,
            "roe": 1.84,
            "roe_4q": 11.379999999999999,
            "gross_profit": 400006,
            "gross_margin": 36.04,
            "gross_margin_4q_avg": 32.74,
            "net_income": 103002,
            "revenue": 1109828,
            "common_shares": 1182579,
            "book_valuer_per_share": 46.99,
            "book_valuer_per_share_4q_avg": 46.53,
            "equity": 5544796,
            "current_ratio": 374.14,
            "debt_ratio": 21.71,
            "inventory_turnover_ratio": 0.67,
            "account_receivable_turnover_ratio": 0.86,
            "reinvestment_rate": 31.74,
            "research_to_sale_ratio": 0.75,
            "price_fair": 96.83,
            "eps_avg_yearly": 5.03,
            "eps_latest_yearly": 3.48,
            "eps_growth_yearly": 9.26
        },
        "20172": {
            "year_quarter": 20172,
            "year": 2017,
            "quarter": 2,
            "eps": 1.21,
            "eps_growth_year": 2.54,
            "eps_4q": 5.33,
            "eps_4q_growth_year": -15.73,
            "roe": 2.66,
            "roe_4q": 11.52,
            "gross_profit": 362889,
            "gross_margin": 31.53,
            "gross_margin_4q_avg": 33.53,
            "net_income": 144034,
            "revenue": 1150817,
            "common_shares": 1182579,
            "book_valuer_per_share": 44.67,
            "book_valuer_per_share_4q_avg": 46.34,
            "equity": 5271043,
            "current_ratio": 260.71,
            "debt_ratio": 29.93,
            "inventory_turnover_ratio": 0.69,
            "account_receivable_turnover_ratio": 0.89,
            "reinvestment_rate": 30.81,
            "research_to_sale_ratio": 0.69,
            "price_fair": 152.69,
            "eps_avg_yearly": 5.03,
            "eps_latest_yearly": 4.84,
            "eps_growth_yearly": 20.39
        },
        "20173": {
            "year_quarter": 20173,
            "year": 2017,
            "quarter": 3,
            "eps": 1.53,
            "eps_growth_year": 9.29,
            "eps_4q": 5.45,
            "eps_4q_growth_year": -0.13,
            "roe": 3.36,
            "roe_4q": 11.809999999999999,
            "gross_profit": 396525,
            "gross_margin": 27.79,
            "gross_margin_4q_avg": 32.05,
            "net_income": 180858,
            "revenue": 1426655,
            "common_shares": 1182579,
            "book_valuer_per_share": 46.53,
            "book_valuer_per_share_4q_avg": 46.46,
            "equity": 5491146,
            "current_ratio": 247.33,
            "debt_ratio": 31.47,
            "inventory_turnover_ratio": 0.83,
            "account_receivable_turnover_ratio": 0.94,
            "reinvestment_rate": 36.08,
            "research_to_sale_ratio": 0.7,
            "price_fair": 180.86,
            "eps_avg_yearly": 5.17,
            "eps_latest_yearly": 6.12,
            "eps_growth_yearly": 32.33
        },
        "20174": {
            "year_quarter": 20174,
            "year": 2017,
            "quarter": 4,
            "eps": 0.85,
            "eps_growth_year": -53.94,
            "eps_4q": 4.46,
            "eps_4q_growth_year": -24.88,
            "roe": 1.82,
            "roe_4q": 9.68,
            "gross_profit": 353264,
            "gross_margin": 27.18,
            "gross_margin_4q_avg": 30.64,
            "net_income": 100994,
            "revenue": 1299654,
            "common_shares": 1182579,
            "book_valuer_per_share": 47.39,
            "book_valuer_per_share_4q_avg": 46.4,
            "equity": 5593341,
            "current_ratio": 236.57,
            "debt_ratio": 32.63,
            "inventory_turnover_ratio": 0.7,
            "account_receivable_turnover_ratio": 0.79,
            "reinvestment_rate": 38.12,
            "research_to_sale_ratio": 0.8,
            "price_fair": 181.39,
            "eps_avg_yearly": 5.18,
            "eps_latest_yearly": 3.4,
            "eps_growth_yearly": 25.64
        },
        "20181": {
            "year_quarter": 20181,
            "year": 2018,
            "quarter": 1,
            "eps": 0.42,
            "eps_growth_year": -51.72,
            "eps_4q": 4.01,
            "eps_4q_growth_year": -24.21,
            "roe": 0.88,
            "roe_4q": 8.72,
            "gross_profit": 282891,
            "gross_margin": 25.13,
            "gross_margin_4q_avg": 27.91,
            "net_income": 49818,
            "revenue": 1125825,
            "common_shares": 1182579,
            "book_valuer_per_share": 48.12,
            "book_valuer_per_share_4q_avg": 46.68,
            "equity": 5677710,
            "current_ratio": 253.9,
            "debt_ratio": 30.64,
            "inventory_turnover_ratio": 0.56,
            "account_receivable_turnover_ratio": 0.75,
            "reinvestment_rate": 35.96,
            "research_to_sale_ratio": 0.68,
            "price_fair": 117.04,
            "eps_avg_yearly": 5.09,
            "eps_latest_yearly": 1.68,
            "eps_growth_yearly": 12.99
        },
        "20182": {
            "year_quarter": 20182,
            "year": 2018,
            "quarter": 2,
            "eps": 2.1,
            "eps_growth_year": 73.55,
            "eps_4q": 4.9,
            "eps_4q_growth_year": -8.08,
            "roe": 4.43,
            "roe_4q": 10.49,
            "gross_profit": 365520,
            "gross_margin": 27.08,
            "gross_margin_4q_avg": 26.8,
            "net_income": 248602,
            "revenue": 1349558,
            "common_shares": 1182579,
            "book_valuer_per_share": 46.97,
            "book_valuer_per_share_4q_avg": 47.25,
            "equity": 5541833,
            "current_ratio": 224.78,
            "debt_ratio": 34.41,
            "inventory_turnover_ratio": 0.63,
            "account_receivable_turnover_ratio": 0.89,
            "reinvestment_rate": 34.8,
            "research_to_sale_ratio": 0.75,
            "price_fair": 190.14,
            "eps_avg_yearly": 5.43,
            "eps_latest_yearly": 8.4,
            "eps_growth_yearly": 114.89
        },
        "20183": {
            "year_quarter": 20183,
            "year": 2018,
            "quarter": 3,
            "eps": 2.3,
            "eps_growth_year": 50.33,
            "eps_4q": 5.67,
            "eps_4q_growth_year": 3.87,
            "roe": 4.84,
            "roe_4q": 11.97,
            "gross_profit": 485668,
            "gross_margin": 30.32,
            "gross_margin_4q_avg": 27.43,
            "net_income": 272176,
            "revenue": 1601945,
            "common_shares": 1182579,
            "book_valuer_per_share": 48.26,
            "book_valuer_per_share_4q_avg": 47.69,
            "equity": 5695640,
            "current_ratio": 249.47,
            "debt_ratio": 31.15,
            "inventory_turnover_ratio": 0.74,
            "account_receivable_turnover_ratio": 0.94,
            "reinvestment_rate": 24.09,
            "research_to_sale_ratio": 0.62,
            "price_fair": 200.55,
            "eps_avg_yearly": 5.73,
            "eps_latest_yearly": 9.2,
            "eps_growth_yearly": 104.26
        },
        "20184": {
            "year_quarter": 20184,
            "year": 2018,
            "quarter": 4,
            "eps": 1.17,
            "eps_growth_year": 37.66,
            "eps_4q": 5.99,
            "eps_4q_growth_year": 34.23,
            "roe": 2.4,
            "roe_4q": 12.55,
            "gross_profit": 384809,
            "gross_margin": 26.63,
            "gross_margin_4q_avg": 27.29,
            "net_income": 138705,
            "revenue": 1444784,
            "common_shares": 1182579,
            "book_valuer_per_share": 49.68,
            "book_valuer_per_share_4q_avg": 48.26,
            "equity": 5864198,
            "current_ratio": 269.23,
            "debt_ratio": 29.45,
            "inventory_turnover_ratio": 0.69,
            "account_receivable_turnover_ratio": 0.81,
            "reinvestment_rate": 18.72,
            "research_to_sale_ratio": 0.53,
            "price_fair": 198.63,
            "eps_avg_yearly": 5.68,
            "eps_latest_yearly": 4.68,
            "eps_growth_yearly": 85.67
        },
        "20191": {
            "year_quarter": 20191,
            "year": 2019,
            "quarter": 1,
            "eps": 0.67,
            "eps_growth_year": 59.52,
            "eps_4q": 6.23,
            "eps_4q_growth_year": 55.39,
            "roe": 1.33,
            "roe_4q": 13,
            "gross_profit": 292314,
            "gross_margin": 25.46,
            "gross_margin_4q_avg": 27.37,
            "net_income": 79067,
            "revenue": 1148293,
            "common_shares": 1182579,
            "book_valuer_per_share": 51.06,
            "book_valuer_per_share_4q_avg": 48.99,
            "equity": 6026278,
            "current_ratio": 304.82,
            "debt_ratio": 26.24,
            "inventory_turnover_ratio": 0.52,
            "account_receivable_turnover_ratio": 0.68,
            "reinvestment_rate": 16.75,
            "research_to_sale_ratio": 1.04,
            "price_fair": 194.08,
            "eps_avg_yearly": 5.55,
            "eps_latest_yearly": 2.68,
            "eps_growth_yearly": 78.58
        },
        "20192": {
            "year_quarter": 20192,
            "year": 2019,
            "quarter": 2,
            "eps": 1.62,
            "eps_growth_year": -22.86,
            "eps_4q": 5.75,
            "eps_4q_growth_year": 17.5,
            "roe": 3.25,
            "roe_4q": 11.82,
            "gross_profit": 359308,
            "gross_margin": 26.68,
            "gross_margin_4q_avg": 27.27,
            "net_income": 191778,
            "revenue": 1346736,
            "common_shares": 1182579,
            "book_valuer_per_share": 48.8,
            "book_valuer_per_share_4q_avg": 49.45,
            "equity": 5758916,
            "current_ratio": 266.38,
            "debt_ratio": 28.96,
            "inventory_turnover_ratio": 0.61,
            "account_receivable_turnover_ratio": 0.87,
            "reinvestment_rate": 15.74,
            "research_to_sale_ratio": 0.82,
            "price_fair": 195.56,
            "eps_avg_yearly": 5.59,
            "eps_latest_yearly": 6.48,
            "eps_growth_yearly": 108.57
        },
        "20193": {
            "year_quarter": 20193,
            "year": 2019,
            "quarter": 3,
            "eps": 1.38,
            "eps_growth_year": -40,
            "eps_4q": 4.83,
            "eps_4q_growth_year": -14.75,
            "roe": 3,
            "roe_4q": 9.98,
            "gross_profit": 327434,
            "gross_margin": 24.58,
            "gross_margin_4q_avg": 25.84,
            "net_income": 173193,
            "revenue": 1331967,
            "common_shares": 1182579,
            "book_valuer_per_share": 49.06,
            "book_valuer_per_share_4q_avg": 49.65,
            "equity": 5802043,
            "current_ratio": 301.08,
            "debt_ratio": 26.26,
            "inventory_turnover_ratio": 0.69,
            "account_receivable_turnover_ratio": 0.86,
            "reinvestment_rate": 1.67,
            "research_to_sale_ratio": 0.9,
            "price_fair": 187.43,
            "eps_avg_yearly": 5.36,
            "eps_latest_yearly": 5.52,
            "eps_growth_yearly": 90.04
        },
        "20194": {
            "year_quarter": 20194,
            "year": 2019,
            "quarter": 4,
            "eps": 0.74,
            "eps_growth_year": -36.67,
            "eps_4q": 4.4,
            "eps_4q_growth_year": -26.47,
            "roe": 1.51,
            "roe_4q": 9.09,
            "gross_profit": 264362,
            "gross_margin": 25.54,
            "gross_margin_4q_avg": 25.57,
            "net_income": 87596,
            "revenue": 1034902,
            "common_shares": 1182579,
            "book_valuer_per_share": 49.32,
            "book_valuer_per_share_4q_avg": 49.56,
            "equity": 5833057,
            "current_ratio": 332.68,
            "debt_ratio": 24.56,
            "inventory_turnover_ratio": 0.58,
            "account_receivable_turnover_ratio": 0.75,
            "reinvestment_rate": -5.83,
            "research_to_sale_ratio": 0.74,
            "price_fair": 181.91,
            "eps_avg_yearly": 5.2,
            "eps_latest_yearly": 2.96,
            "eps_growth_yearly": 88.62
        },
        "20201": {
            "year_quarter": 20201,
            "year": 2020,
            "quarter": 1,
            "eps": 0.66,
            "eps_growth_year": -1.49,
            "eps_4q": 4.4,
            "eps_4q_growth_year": -29.49,
            "roe": 1.37,
            "roe_4q": 9.129999999999999,
            "gross_profit": 184664,
            "gross_margin": 20.57,
            "gross_margin_4q_avg": 24.34,
            "net_income": 78005,
            "revenue": 897573,
            "common_shares": 1182579,
            "book_valuer_per_share": 46.66,
            "book_valuer_per_share_4q_avg": 48.46,
            "equity": 5518147,
            "current_ratio": 304.63,
            "debt_ratio": 25.98,
            "inventory_turnover_ratio": 0.55,
            "account_receivable_turnover_ratio": 0.81,
            "reinvestment_rate": -6.02,
            "research_to_sale_ratio": 1.2,
            "price_fair": 174.48,
            "eps_avg_yearly": 4.99,
            "eps_latest_yearly": 2.64,
            "eps_growth_yearly": 83.36
        },
        "20202": {
            "year_quarter": 20202,
            "year": 2020,
            "quarter": 2,
            "eps": 0.87,
            "eps_growth_year": -46.3,
            "eps_4q": 3.64,
            "eps_4q_growth_year": -36.66,
            "roe": 1.85,
            "roe_4q": 7.73,
            "gross_profit": 281842,
            "gross_margin": 25.71,
            "gross_margin_4q_avg": 24.1,
            "net_income": 102560,
            "revenue": 1096279,
            "common_shares": 1182579,
            "book_valuer_per_share": 46.92,
            "book_valuer_per_share_4q_avg": 47.99,
            "equity": 5548103,
            "current_ratio": 300.92,
            "debt_ratio": 26.56,
            "inventory_turnover_ratio": 0.63,
            "account_receivable_turnover_ratio": 0.96,
            "reinvestment_rate": -5.48,
            "research_to_sale_ratio": 0.99,
            "price_fair": 171.76,
            "eps_avg_yearly": 4.91,
            "eps_latest_yearly": 3.48,
            "eps_growth_yearly": 96.78
        },
        "20203": {
            "year_quarter": 20203,
            "year": 2020,
            "quarter": 3,
            "eps": 1.61,
            "eps_growth_year": 16.67,
            "eps_4q": 3.88,
            "eps_4q_growth_year": -19.67,
            "roe": 3.36,
            "roe_4q": 8.09,
            "gross_profit": 386254,
            "gross_margin": 27.27,
            "gross_margin_4q_avg": 24.77,
            "net_income": 190663,
            "revenue": 1416482,
            "common_shares": 1182579,
            "book_valuer_per_share": 49.11,
            "book_valuer_per_share_4q_avg": 48,
            "equity": 5807230,
            "current_ratio": 405.18,
            "debt_ratio": 22.41,
            "inventory_turnover_ratio": 0.77,
            "account_receivable_turnover_ratio": 1.02,
            "reinvestment_rate": -9.72,
            "research_to_sale_ratio": 0.71,
            "price_fair": 173.6,
            "eps_avg_yearly": 4.96,
            "eps_latest_yearly": 6.44,
            "eps_growth_yearly": 113.38
        },
        "20204": {
            "year_quarter": 20204,
            "year": 2020,
            "quarter": 4,
            "eps": 0.45,
            "eps_growth_year": -39.68,
            "eps_4q": 3.59,
            "eps_4q_growth_year": -18.52,
            "roe": 0.9,
            "roe_4q": 7.4799999999999995,
            "gross_profit": 276946,
            "gross_margin": 22.14,
            "gross_margin_4q_avg": 23.92,
            "net_income": 52848,
            "revenue": 1250629,
            "common_shares": 1182579,
            "book_valuer_per_share": 50.16,
            "book_valuer_per_share_4q_avg": 48.21,
            "equity": 5931655,
            "current_ratio": 372.73,
            "debt_ratio": 24.36,
            "inventory_turnover_ratio": 0.69,
            "account_receivable_turnover_ratio": 0.84,
            "reinvestment_rate": -14.18,
            "research_to_sale_ratio": 0.72,
            "price_fair": 161.44,
            "eps_avg_yearly": 4.61,
            "eps_latest_yearly": 1.8,
            "eps_growth_yearly": 87.51
        },
        "20211": {
            "year_quarter": 20211,
            "year": 2021,
            "quarter": 1,
            "eps": 0.67,
            "eps_growth_year": 1.52,
            "eps_4q": 3.6,
            "eps_4q_growth_year": -18.18,
            "roe": 1.36,
            "roe_4q": 7.470000000000001,
            "gross_profit": 235822,
            "gross_margin": 19.94,
            "gross_margin_4q_avg": 23.77,
            "net_income": 79203,
            "revenue": 1182820,
            "common_shares": 1182579,
            "book_valuer_per_share": 48.24,
            "book_valuer_per_share_4q_avg": 48.61,
            "equity": 5704958,
            "current_ratio": 327.83,
            "debt_ratio": 27.21,
            "inventory_turnover_ratio": 0.64,
            "account_receivable_turnover_ratio": 0.86,
            "reinvestment_rate": -6.12,
            "research_to_sale_ratio": 0.88,
            "price_fair": 159.69,
            "eps_avg_yearly": 4.56,
            "eps_latest_yearly": 2.68,
            "eps_growth_yearly": 112.91
        },
        "20212": {
            "year_quarter": 20212,
            "year": 2021,
            "quarter": 2,
            "eps": 0.83,
            "eps_growth_year": -4.6,
            "eps_4q": 3.56,
            "eps_4q_growth_year": -2.39,
            "roe": 1.71,
            "roe_4q": 7.33,
            "gross_profit": 267922,
            "gross_margin": 19.82,
            "gross_margin_4q_avg": 22.29,
            "net_income": 97896,
            "revenue": 1351678,
            "common_shares": 1182579,
            "book_valuer_per_share": 48.69,
            "book_valuer_per_share_4q_avg": 49.05,
            "equity": 5757843,
            "current_ratio": 315.5,
            "debt_ratio": 28.74,
            "inventory_turnover_ratio": 0.66,
            "account_receivable_turnover_ratio": 0.98,
            "reinvestment_rate": -8.34,
            "research_to_sale_ratio": 0.8,
            "price_fair": 156.36,
            "eps_avg_yearly": 4.47,
            "eps_latest_yearly": 3.32,
            "eps_growth_yearly": 109.11
        },
        "20213": {
            "year_quarter": 20213,
            "year": 2021,
            "quarter": 3,
            "eps": 1.02,
            "eps_growth_year": -36.65,
            "eps_4q": 2.97,
            "eps_4q_growth_year": -23.54,
            "roe": 2.08,
            "roe_4q": 6.050000000000001,
            "gross_profit": 299657,
            "gross_margin": 19.45,
            "gross_margin_4q_avg": 20.34,
            "net_income": 120898,
            "revenue": 1540272,
            "common_shares": 1182579,
            "book_valuer_per_share": 49.66,
            "book_valuer_per_share_4q_avg": 49.19,
            "equity": 5872212,
            "current_ratio": 321.27,
            "debt_ratio": 28.5,
            "inventory_turnover_ratio": 0.65,
            "account_receivable_turnover_ratio": 0.98,
            "reinvestment_rate": -16.4,
            "research_to_sale_ratio": 0.67,
            "price_fair": 151.9,
            "eps_avg_yearly": 4.34,
            "eps_latest_yearly": 4.08,
            "eps_growth_yearly": 108.23
        },
        "20214": {
            "year_quarter": 20214,
            "year": 2021,
            "quarter": 4,
            "eps": 0.4,
            "eps_growth_year": -10.47,
            "eps_4q": 2.92,
            "eps_4q_growth_year": -18.57,
            "roe": 0.8,
            "roe_4q": 5.95,
            "gross_profit": 265211,
            "gross_margin": 17.59,
            "gross_margin_4q_avg": 19.2,
            "net_income": 47315,
            "revenue": 1507443,
            "common_shares": 1182579,
            "book_valuer_per_share": 50.3,
            "book_valuer_per_share_4q_avg": 49.22,
            "equity": 5947794,
            "current_ratio": 322.48,
            "debt_ratio": 28.56,
            "inventory_turnover_ratio": 0.58,
            "account_receivable_turnover_ratio": 0.9,
            "reinvestment_rate": -19.87,
            "research_to_sale_ratio": 0.67,
            "price_fair": 147.96,
            "eps_avg_yearly": 4.23,
            "eps_latest_yearly": 1.6,
            "eps_growth_yearly": 104.14
        },
        "20221": {
            "year_quarter": 20221,
            "year": 2022,
            "quarter": 1,
            "eps": 0.97,
            "eps_growth_year": 44.78,
            "eps_4q": 3.22,
            "eps_4q_growth_year": -10.57,
            "roe": 1.92,
            "roe_4q": 6.51,
            "gross_profit": 248020,
            "gross_margin": 17.28,
            "gross_margin_4q_avg": 18.54,
            "net_income": 114229,
            "revenue": 1434904,
            "common_shares": 1182579,
            "book_valuer_per_share": 50.59,
            "book_valuer_per_share_4q_avg": 49.81,
            "equity": 5982414,
            "current_ratio": 327.82,
            "debt_ratio": 28.52,
            "inventory_turnover_ratio": 0.51,
            "account_receivable_turnover_ratio": 0.88,
            "reinvestment_rate": -16.78,
            "research_to_sale_ratio": 0.51,
            "price_fair": 152.78,
            "eps_avg_yearly": 4.37,
            "eps_latest_yearly": 3.88,
            "eps_growth_yearly": 152.41
        },
        "20222": {
            "year_quarter": 20222,
            "year": 2022,
            "quarter": 2,
            "eps": 1.54,
            "eps_growth_year": 85.54,
            "eps_4q": 3.93,
            "eps_4q_growth_year": 10.55,
            "roe": 3.01,
            "roe_4q": 7.81,
            "gross_profit": 324746,
            "gross_margin": 20.91,
            "gross_margin_4q_avg": 18.81,
            "net_income": 182557,
            "revenue": 1553132,
            "common_shares": 1182579,
            "book_valuer_per_share": 51.84,
            "book_valuer_per_share_4q_avg": 50.6,
            "equity": 6130557,
            "current_ratio": 335.75,
            "debt_ratio": 28.29,
            "inventory_turnover_ratio": 0.49,
            "account_receivable_turnover_ratio": 0.93,
            "reinvestment_rate": -19.27,
            "research_to_sale_ratio": 0.74,
            "price_fair": 147.88,
            "eps_avg_yearly": 4.23,
            "eps_latest_yearly": 6.16,
            "eps_growth_yearly": 67.1
        },
        "20223": {
            "year_quarter": 20223,
            "year": 2022,
            "quarter": 3,
            "eps": 2.82,
            "eps_growth_year": 176.47,
            "eps_4q": 5.73,
            "eps_4q_growth_year": 93.26,
            "roe": 5.28,
            "roe_4q": 11.01,
            "gross_profit": 448591,
            "gross_margin": 26.43,
            "gross_margin_4q_avg": 20.55,
            "net_income": 333943,
            "revenue": 1697266,
            "common_shares": 1182579,
            "book_valuer_per_share": 55.19,
            "book_valuer_per_share_4q_avg": 51.98,
            "equity": 6526402,
            "current_ratio": 423.7,
            "debt_ratio": 24.49,
            "inventory_turnover_ratio": 0.5,
            "account_receivable_turnover_ratio": 0.93,
            "reinvestment_rate": -11.21,
            "research_to_sale_ratio": 0.59,
            "price_fair": 152.43,
            "eps_avg_yearly": 4.36,
            "eps_latest_yearly": 11.28,
            "eps_growth_yearly": 85.5
        },
        "20224": {
            "year_quarter": 20224,
            "year": 2022,
            "quarter": 4,
            "eps": 1.09,
            "eps_growth_year": 172.24,
            "eps_4q": 6.42,
            "eps_4q_growth_year": 119.96,
            "roe": 1.96,
            "roe_4q": 12.17,
            "gross_profit": 387267,
            "gross_margin": 26.27,
            "gross_margin_4q_avg": 22.72,
            "net_income": 128811,
            "revenue": 1474185,
            "common_shares": 1182579,
            "book_valuer_per_share": 55.74,
            "book_valuer_per_share_4q_avg": 53.34,
            "equity": 6591372,
            "current_ratio": 437.15,
            "debt_ratio": 24.09,
            "inventory_turnover_ratio": 0.46,
            "account_receivable_turnover_ratio": 0.81,
            "reinvestment_rate": -14.26,
            "research_to_sale_ratio": 1.02,
            "price_fair": 151.73,
            "eps_avg_yearly": 4.34,
            "eps_latest_yearly": 4.36,
            "eps_growth_yearly": 82.45
        },
        "20231": {
            "year_quarter": 20231,
            "year": 2023,
            "quarter": 1,
            "eps": 0.79,
            "eps_growth_year": -18.56,
            "eps_4q": 6.25,
            "eps_4q_growth_year": 94.29,
            "roe": 1.46,
            "roe_4q": 11.709999999999999,
            "gross_profit": 306523,
            "gross_margin": 23.63,
            "gross_margin_4q_avg": 24.31,
            "net_income": 93650,
            "revenue": 1297126,
            "common_shares": 1182579,
            "book_valuer_per_share": 52.68,
            "book_valuer_per_share_4q_avg": 53.86,
            "equity": 6229791,
            "current_ratio": 358.83,
            "debt_ratio": 27.84,
            "inventory_turnover_ratio": 0.44,
            "account_receivable_turnover_ratio": 0.79,
            "reinvestment_rate": -20.99,
            "research_to_sale_ratio": 0.77,
            "price_fair": 152.78,
            "eps_avg_yearly": 4.37,
            "eps_latest_yearly": 3.16,
            "eps_growth_yearly": 86.25
        }
    },
    "months": {
        "2006-01": {
            "month": "2006-01",
            "price": "106.74",
            "revenue": 228710
        },
        "2006-02": {
            "month": "2006-02",
            "price": "128.18",
            "revenue": 208527
        },
        "2006-03": {
            "month": "2006-03",
            "price": "141.42",
            "revenue": 286380
        },
        "2006-04": {
            "month": "2006-04",
            "price": "145.24",
            "revenue": 275619
        },
        "2006-05": {
            "month": "2006-05",
            "price": "149.85",
            "revenue": 295635
        },
        "2006-06": {
            "month": "2006-06",
            "price": "148.94",
            "revenue": 300550
        },
        "2006-07": {
            "month": "2006-07",
            "price": "147.00",
            "revenue": 320531
        },
        "2006-08": {
            "month": "2006-08",
            "price": "149.50",
            "revenue": 319966
        },
        "2006-09": {
            "month": "2006-09",
            "price": "134.62",
            "revenue": 337210
        },
        "2006-10": {
            "month": "2006-10",
            "price": "115.60",
            "revenue": 315452
        },
        "2006-11": {
            "month": "2006-11",
            "price": "111.31",
            "revenue": 296128
        },
        "2006-12": {
            "month": "2006-12",
            "price": "114.89",
            "revenue": 278808
        },
        "2007-01": {
            "month": "2007-01",
            "price": "114.59",
            "revenue": 273141
        },
        "2007-02": {
            "month": "2007-02",
            "price": "112.70",
            "revenue": 183072
        },
        "2007-03": {
            "month": "2007-03",
            "price": "114.16",
            "revenue": 264588
        },
        "2007-04": {
            "month": "2007-04",
            "price": "108.05",
            "revenue": 354909
        },
        "2007-05": {
            "month": "2007-05",
            "price": "104.86",
            "revenue": 335148
        },
        "2007-06": {
            "month": "2007-06",
            "price": "133.36",
            "revenue": 362261
        },
        "2007-07": {
            "month": "2007-07",
            "price": "138.57",
            "revenue": 391604
        },
        "2007-08": {
            "month": "2007-08",
            "price": "135.26",
            "revenue": 396038
        },
        "2007-09": {
            "month": "2007-09",
            "price": "80.50",
            "revenue": 333361
        },
        "2007-10": {
            "month": "2007-10",
            "price": "72.94",
            "revenue": 356071
        },
        "2007-11": {
            "month": "2007-11",
            "price": "53.20",
            "revenue": 366745
        },
        "2007-12": {
            "month": "2007-12",
            "price": "48.85",
            "revenue": 320368
        },
        "2008-01": {
            "month": "2008-01",
            "price": "41.22",
            "revenue": 364429
        },
        "2008-02": {
            "month": "2008-02",
            "price": "40.24",
            "revenue": 225272
        },
        "2008-03": {
            "month": "2008-03",
            "price": "46.40",
            "revenue": 378107
        },
        "2008-04": {
            "month": "2008-04",
            "price": "49.69",
            "revenue": 411984
        },
        "2008-05": {
            "month": "2008-05",
            "price": "53.31",
            "revenue": 383622
        },
        "2008-06": {
            "month": "2008-06",
            "price": "50.07",
            "revenue": 418448
        },
        "2008-07": {
            "month": "2008-07",
            "price": "43.47",
            "revenue": 519429
        },
        "2008-08": {
            "month": "2008-08",
            "price": "44.71",
            "revenue": 506268
        },
        "2008-09": {
            "month": "2008-09",
            "price": "35.49",
            "revenue": 501958
        },
        "2008-10": {
            "month": "2008-10",
            "price": "28.50",
            "revenue": 476467
        },
        "2008-11": {
            "month": "2008-11",
            "price": "24.23",
            "revenue": 357843
        },
        "2008-12": {
            "month": "2008-12",
            "price": "23.56",
            "revenue": 231606
        },
        "2009-01": {
            "month": "2009-01",
            "price": "24.44",
            "revenue": 251541
        },
        "2009-02": {
            "month": "2009-02",
            "price": "24.28",
            "revenue": 251338
        },
        "2009-03": {
            "month": "2009-03",
            "price": "27.12",
            "revenue": 314872
        },
        "2009-04": {
            "month": "2009-04",
            "price": "30.95",
            "revenue": 305091
        },
        "2009-05": {
            "month": "2009-05",
            "price": "38.62",
            "revenue": 241511
        },
        "2009-06": {
            "month": "2009-06",
            "price": "35.13",
            "revenue": 304468
        },
        "2009-07": {
            "month": "2009-07",
            "price": "43.05",
            "revenue": 318916
        },
        "2009-08": {
            "month": "2009-08",
            "price": "49.24",
            "revenue": 369157
        },
        "2009-09": {
            "month": "2009-09",
            "price": "51.12",
            "revenue": 411108
        },
        "2009-10": {
            "month": "2009-10",
            "price": "50.28",
            "revenue": 368066
        },
        "2009-11": {
            "month": "2009-11",
            "price": "53.46",
            "revenue": 352687
        },
        "2009-12": {
            "month": "2009-12",
            "price": "63.53",
            "revenue": 354460
        },
        "2010-01": {
            "month": "2010-01",
            "price": "61.46",
            "revenue": 354506
        },
        "2010-02": {
            "month": "2010-02",
            "price": "55.24",
            "revenue": 277071
        },
        "2010-03": {
            "month": "2010-03",
            "price": "57.40",
            "revenue": 385190
        },
        "2010-04": {
            "month": "2010-04",
            "price": "60.80",
            "revenue": 425151
        },
        "2010-05": {
            "month": "2010-05",
            "price": "59.21",
            "revenue": 408195
        },
        "2010-06": {
            "month": "2010-06",
            "price": "58.81",
            "revenue": 419067
        },
        "2010-07": {
            "month": "2010-07",
            "price": "60.79",
            "revenue": 388553
        },
        "2010-08": {
            "month": "2010-08",
            "price": "57.46",
            "revenue": 368134
        },
        "2010-09": {
            "month": "2010-09",
            "price": "54.34",
            "revenue": 424043
        },
        "2010-10": {
            "month": "2010-10",
            "price": "54.52",
            "revenue": 388314
        },
        "2010-11": {
            "month": "2010-11",
            "price": "53.15",
            "revenue": 342221
        },
        "2010-12": {
            "month": "2010-12",
            "price": "53.65",
            "revenue": 340158
        },
        "2011-01": {
            "month": "2011-01",
            "price": "52.24",
            "revenue": 371986
        },
        "2011-02": {
            "month": "2011-02",
            "price": "51.41",
            "revenue": 239629
        },
        "2011-03": {
            "month": "2011-03",
            "price": "50.55",
            "revenue": 492552
        },
        "2011-04": {
            "month": "2011-04",
            "price": "50.33",
            "revenue": 441681
        },
        "2011-05": {
            "month": "2011-05",
            "price": "46.61",
            "revenue": 446457
        },
        "2011-06": {
            "month": "2011-06",
            "price": "45.71",
            "revenue": 438375
        },
        "2011-07": {
            "month": "2011-07",
            "price": "43.83",
            "revenue": 450008
        },
        "2011-08": {
            "month": "2011-08",
            "price": "34.38",
            "revenue": 470483
        },
        "2011-09": {
            "month": "2011-09",
            "price": "34.75",
            "revenue": 472822
        },
        "2011-10": {
            "month": "2011-10",
            "price": "34.27",
            "revenue": 409290
        },
        "2011-11": {
            "month": "2011-11",
            "price": "34.51",
            "revenue": 426180
        },
        "2011-12": {
            "month": "2011-12",
            "price": "32.85",
            "revenue": 398836
        },
        "2012-01": {
            "month": "2012-01",
            "price": "33.94",
            "revenue": 364447
        },
        "2012-02": {
            "month": "2012-02",
            "price": "41.94",
            "revenue": 395399
        },
        "2012-03": {
            "month": "2012-03",
            "price": "43.97",
            "revenue": 448808
        },
        "2012-04": {
            "month": "2012-04",
            "price": "43.39",
            "revenue": 399106
        },
        "2012-05": {
            "month": "2012-05",
            "price": "42.37",
            "revenue": 467097
        },
        "2012-06": {
            "month": "2012-06",
            "price": "40.80",
            "revenue": 399292
        },
        "2012-07": {
            "month": "2012-07",
            "price": "39.69",
            "revenue": 438154
        },
        "2012-08": {
            "month": "2012-08",
            "price": "38.72",
            "revenue": 463008
        },
        "2012-09": {
            "month": "2012-09",
            "price": "41.10",
            "revenue": 467494
        },
        "2012-10": {
            "month": "2012-10",
            "price": "42.55",
            "revenue": 495955
        },
        "2012-11": {
            "month": "2012-11",
            "price": "40.52",
            "revenue": 482146
        },
        "2012-12": {
            "month": "2012-12",
            "price": "41.20",
            "revenue": 461444
        },
        "2013-01": {
            "month": "2013-01",
            "price": "40.98",
            "revenue": 506645
        },
        "2013-02": {
            "month": "2013-02",
            "price": "43.03",
            "revenue": 281939
        },
        "2013-03": {
            "month": "2013-03",
            "price": "43.67",
            "revenue": 443552
        },
        "2013-04": {
            "month": "2013-04",
            "price": "44.89",
            "revenue": 493588
        },
        "2013-05": {
            "month": "2013-05",
            "price": "47.00",
            "revenue": 478646
        },
        "2013-06": {
            "month": "2013-06",
            "price": "49.08",
            "revenue": 416460
        },
        "2013-07": {
            "month": "2013-07",
            "price": "52.07",
            "revenue": 459815
        },
        "2013-08": {
            "month": "2013-08",
            "price": "52.47",
            "revenue": 461103
        },
        "2013-09": {
            "month": "2013-09",
            "price": "53.04",
            "revenue": 460420
        },
        "2013-10": {
            "month": "2013-10",
            "price": "50.73",
            "revenue": 428686
        },
        "2013-11": {
            "month": "2013-11",
            "price": "46.97",
            "revenue": 414453
        },
        "2013-12": {
            "month": "2013-12",
            "price": "48.04",
            "revenue": 431871
        },
        "2014-01": {
            "month": "2014-01",
            "price": "49.27",
            "revenue": 435887
        },
        "2014-02": {
            "month": "2014-02",
            "price": "55.40",
            "revenue": 297319
        },
        "2014-03": {
            "month": "2014-03",
            "price": "63.82",
            "revenue": 411802
        },
        "2014-04": {
            "month": "2014-04",
            "price": "58.41",
            "revenue": 456695
        },
        "2014-05": {
            "month": "2014-05",
            "price": "53.78",
            "revenue": 441617
        },
        "2014-06": {
            "month": "2014-06",
            "price": "55.87",
            "revenue": 400323
        },
        "2014-07": {
            "month": "2014-07",
            "price": "56.04",
            "revenue": 444227
        },
        "2014-08": {
            "month": "2014-08",
            "price": "53.93",
            "revenue": 431559
        },
        "2014-09": {
            "month": "2014-09",
            "price": "53.73",
            "revenue": 525494
        },
        "2014-10": {
            "month": "2014-10",
            "price": "46.96",
            "revenue": 551059
        },
        "2014-11": {
            "month": "2014-11",
            "price": "45.49",
            "revenue": 492205
        },
        "2014-12": {
            "month": "2014-12",
            "price": "48.05",
            "revenue": 469703
        },
        "2015-01": {
            "month": "2015-01",
            "price": "48.30",
            "revenue": 472772
        },
        "2015-02": {
            "month": "2015-02",
            "price": "48.02",
            "revenue": 321652
        },
        "2015-03": {
            "month": "2015-03",
            "price": "49.37",
            "revenue": 426294
        },
        "2015-04": {
            "month": "2015-04",
            "price": "49.01",
            "revenue": 446708
        },
        "2015-05": {
            "month": "2015-05",
            "price": "47.24",
            "revenue": 392481
        },
        "2015-06": {
            "month": "2015-06",
            "price": "44.79",
            "revenue": 485202
        },
        "2015-07": {
            "month": "2015-07",
            "price": "43.02",
            "revenue": 537739
        },
        "2015-08": {
            "month": "2015-08",
            "price": "41.83",
            "revenue": 538487
        },
        "2015-09": {
            "month": "2015-09",
            "price": "45.49",
            "revenue": 498258
        },
        "2015-10": {
            "month": "2015-10",
            "price": "47.10",
            "revenue": 471465
        },
        "2015-11": {
            "month": "2015-11",
            "price": "52.38",
            "revenue": 433165
        },
        "2015-12": {
            "month": "2015-12",
            "price": "53.83",
            "revenue": 397080
        },
        "2016-01": {
            "month": "2016-01",
            "price": "47.75",
            "revenue": 454003
        },
        "2016-02": {
            "month": "2016-02",
            "price": "49.87",
            "revenue": 347464
        },
        "2016-03": {
            "month": "2016-03",
            "price": "53.19",
            "revenue": 437220
        },
        "2016-04": {
            "month": "2016-04",
            "price": "52.95",
            "revenue": 406256
        },
        "2016-05": {
            "month": "2016-05",
            "price": "51.55",
            "revenue": 417120
        },
        "2016-06": {
            "month": "2016-06",
            "price": "53.04",
            "revenue": 399110
        },
        "2016-07": {
            "month": "2016-07",
            "price": "53.48",
            "revenue": 411303
        },
        "2016-08": {
            "month": "2016-08",
            "price": "49.92",
            "revenue": 435812
        },
        "2016-09": {
            "month": "2016-09",
            "price": "48.47",
            "revenue": 445460
        },
        "2016-10": {
            "month": "2016-10",
            "price": "47.46",
            "revenue": 404953
        },
        "2016-11": {
            "month": "2016-11",
            "price": "47.75",
            "revenue": 408877
        },
        "2016-12": {
            "month": "2016-12",
            "price": "51.17",
            "revenue": 353667
        },
        "2017-01": {
            "month": "2017-01",
            "price": "51.05",
            "revenue": 339758
        },
        "2017-02": {
            "month": "2017-02",
            "price": "51.36",
            "revenue": 356026
        },
        "2017-03": {
            "month": "2017-03",
            "price": "52.87",
            "revenue": 414044
        },
        "2017-04": {
            "month": "2017-04",
            "price": "52.43",
            "revenue": 343495
        },
        "2017-05": {
            "month": "2017-05",
            "price": "52.36",
            "revenue": 387019
        },
        "2017-06": {
            "month": "2017-06",
            "price": "53.05",
            "revenue": 420303
        },
        "2017-07": {
            "month": "2017-07",
            "price": "53.35",
            "revenue": 431404
        },
        "2017-08": {
            "month": "2017-08",
            "price": "50.37",
            "revenue": 460933
        },
        "2017-09": {
            "month": "2017-09",
            "price": "52.58",
            "revenue": 534319
        },
        "2017-10": {
            "month": "2017-10",
            "price": "60.76",
            "revenue": 473494
        },
        "2017-11": {
            "month": "2017-11",
            "price": "62.46",
            "revenue": 429650
        },
        "2017-12": {
            "month": "2017-12",
            "price": "58.07",
            "revenue": 396510
        },
        "2018-01": {
            "month": "2018-01",
            "price": "57.23",
            "revenue": 398870
        },
        "2018-02": {
            "month": "2018-02",
            "price": "54.77",
            "revenue": 258685
        },
        "2018-03": {
            "month": "2018-03",
            "price": "54.28",
            "revenue": 468269
        },
        "2018-04": {
            "month": "2018-04",
            "price": "52.58",
            "revenue": 413562
        },
        "2018-05": {
            "month": "2018-05",
            "price": "51.43",
            "revenue": 496089
        },
        "2018-06": {
            "month": "2018-06",
            "price": "51.51",
            "revenue": 439909
        },
        "2018-07": {
            "month": "2018-07",
            "price": "50.67",
            "revenue": 502753
        },
        "2018-08": {
            "month": "2018-08",
            "price": "50.65",
            "revenue": 544991
        },
        "2018-09": {
            "month": "2018-09",
            "price": "50.81",
            "revenue": 554201
        },
        "2018-10": {
            "month": "2018-10",
            "price": "47.85",
            "revenue": 555409
        },
        "2018-11": {
            "month": "2018-11",
            "price": "50.18",
            "revenue": 472643
        },
        "2018-12": {
            "month": "2018-12",
            "price": "51.59",
            "revenue": 416732
        },
        "2019-01": {
            "month": "2019-01",
            "price": "51.40",
            "revenue": 465295
        },
        "2019-02": {
            "month": "2019-02",
            "price": "54.21",
            "revenue": 259545
        },
        "2019-03": {
            "month": "2019-03",
            "price": "57.74",
            "revenue": 423453
        },
        "2019-04": {
            "month": "2019-04",
            "price": "55.00",
            "revenue": 440838
        },
        "2019-05": {
            "month": "2019-05",
            "price": "52.56",
            "revenue": 472731
        },
        "2019-06": {
            "month": "2019-06",
            "price": "52.39",
            "revenue": 433168
        },
        "2019-07": {
            "month": "2019-07",
            "price": "53.65",
            "revenue": 456530
        },
        "2019-08": {
            "month": "2019-08",
            "price": "50.21",
            "revenue": 438160
        },
        "2019-09": {
            "month": "2019-09",
            "price": "49.96",
            "revenue": 437277
        },
        "2019-10": {
            "month": "2019-10",
            "price": "49.69",
            "revenue": 390955
        },
        "2019-11": {
            "month": "2019-11",
            "price": "49.74",
            "revenue": 338934
        },
        "2019-12": {
            "month": "2019-12",
            "price": "49.56",
            "revenue": 305013
        },
        "2020-01": {
            "month": "2020-01",
            "price": "49.68",
            "revenue": 283838
        },
        "2020-02": {
            "month": "2020-02",
            "price": "47.26",
            "revenue": 268157
        },
        "2020-03": {
            "month": "2020-03",
            "price": "42.37",
            "revenue": 345578
        },
        "2020-04": {
            "month": "2020-04",
            "price": "43.11",
            "revenue": 319107
        },
        "2020-05": {
            "month": "2020-05",
            "price": "44.81",
            "revenue": 377060
        },
        "2020-06": {
            "month": "2020-06",
            "price": "46.03",
            "revenue": 400112
        },
        "2020-07": {
            "month": "2020-07",
            "price": "47.88",
            "revenue": 483410
        },
        "2020-08": {
            "month": "2020-08",
            "price": "45.92",
            "revenue": 448986
        },
        "2020-09": {
            "month": "2020-09",
            "price": "46.55",
            "revenue": 484087
        },
        "2020-10": {
            "month": "2020-10",
            "price": "46.06",
            "revenue": 407525
        },
        "2020-11": {
            "month": "2020-11",
            "price": "46.91",
            "revenue": 420073
        },
        "2020-12": {
            "month": "2020-12",
            "price": "49.32",
            "revenue": 423031
        },
        "2021-01": {
            "month": "2021-01",
            "price": "51.97",
            "revenue": 436720
        },
        "2021-02": {
            "month": "2021-02",
            "price": "51.88",
            "revenue": 294650
        },
        "2021-03": {
            "month": "2021-03",
            "price": "55.31",
            "revenue": 451451
        },
        "2021-04": {
            "month": "2021-04",
            "price": "53.79",
            "revenue": 467263
        },
        "2021-05": {
            "month": "2021-05",
            "price": "49.74",
            "revenue": 438464
        },
        "2021-06": {
            "month": "2021-06",
            "price": "50.79",
            "revenue": 445951
        },
        "2021-07": {
            "month": "2021-07",
            "price": "50.99",
            "revenue": 481416
        },
        "2021-08": {
            "month": "2021-08",
            "price": "47.85",
            "revenue": 539389
        },
        "2021-09": {
            "month": "2021-09",
            "price": "47.80",
            "revenue": 519467
        },
        "2021-10": {
            "month": "2021-10",
            "price": "47.46",
            "revenue": 481330
        },
        "2021-11": {
            "month": "2021-11",
            "price": "48.43",
            "revenue": 503251
        },
        "2021-12": {
            "month": "2021-12",
            "price": "47.92",
            "revenue": 522863
        },
        "2022-01": {
            "month": "2022-01",
            "price": "47.78",
            "revenue": 497144
        },
        "2022-02": {
            "month": "2022-02",
            "price": "47.87",
            "revenue": 370789
        },
        "2022-03": {
            "month": "2022-03",
            "price": "46.74",
            "revenue": 566971
        },
        "2022-04": {
            "month": "2022-04",
            "price": "44.55",
            "revenue": 414901
        },
        "2022-05": {
            "month": "2022-05",
            "price": "42.85",
            "revenue": 546813
        },
        "2022-06": {
            "month": "2022-06",
            "price": "43.74",
            "revenue": 591419
        },
        "2022-07": {
            "month": "2022-07",
            "price": "43.58",
            "revenue": 515250
        },
        "2022-08": {
            "month": "2022-08",
            "price": "44.25",
            "revenue": 625417
        },
        "2022-09": {
            "month": "2022-09",
            "price": "45.77",
            "revenue": 556599
        },
        "2022-10": {
            "month": "2022-10",
            "price": "45.16",
            "revenue": 515525
        },
        "2022-11": {
            "month": "2022-11",
            "price": "47.46",
            "revenue": 510798
        },
        "2022-12": {
            "month": "2022-12",
            "price": "50.42",
            "revenue": 447862
        },
        "2023-01": {
            "month": "2023-01",
            "price": "49.33",
            "revenue": 390705
        },
        "2023-02": {
            "month": "2023-02",
            "price": "50.24",
            "revenue": 393968
        },
        "2023-03": {
            "month": "2023-03",
            "price": "52.27",
            "revenue": 512453
        },
        "2023-04": {
            "month": "2023-04",
            "price": "54.50",
            "revenue": 465918
        }
    }
}
