{
    "summary": {
        "stock_name": "揚明光",
        "stock_id": "3504",
        "category": "光電",
        "main_business": "電子零組件製造業；光學儀器製造業；其他設計業；國際貿易業<br>研究/開發/設計/製造/銷售各式顯像或取像之光源、光學元件<br>研究/開發/設計/製造/銷售各式顯像或取像之模組、光機引擎",
        "website_url": "http://www.youngoptics.com",
        "ceo": "徐誌鴻",
        "pe_ratio": -24,
        "report_year_from": 2005,
        "report_year_to": 2023,
        "age": 19,
        "eps_negative_percentage": 22,
        "eps_growth_avg": {
            "last_all": -27.77,
            "last_2y": 0,
            "last_4y": -49.36,
            "last_8y": -55.16,
            "last_12y": -40.63,
            "last_16y": -27.77,
            "last_20y": null,
            "at_2006_last_3y": null,
            "at_2007_last_3y": null,
            "at_2008_last_3y": null,
            "at_2009_last_3y": null,
            "at_2010_last_3y": 4.4,
            "at_2011_last_3y": 10.99,
            "at_2012_last_3y": -8.36,
            "at_2013_last_3y": -11.4,
            "at_2014_last_3y": -18.84,
            "at_2015_last_3y": -30.37,
            "at_2016_last_3y": -49.33,
            "at_2017_last_3y": -50.86,
            "at_2018_last_3y": -66.76,
            "at_2019_last_3y": -98.73,
            "at_2020_last_3y": -98.73,
            "at_2021_last_3y": -98.73,
            "at_2022_last_3y": -32.48,
            "at_2023_last_3y": -33.33,
            "at_2024_last_3y": -33.33,
            "at_2006_last_all": null,
            "at_2007_last_all": null,
            "at_2008_last_all": 19.73,
            "at_2009_last_all": 2.31,
            "at_2010_last_all": 4.4,
            "at_2011_last_all": 6.04,
            "at_2012_last_all": 1.01,
            "at_2013_last_all": -5.53,
            "at_2014_last_all": -7.22,
            "at_2015_last_all": -10.14,
            "at_2016_last_all": -19.13,
            "at_2017_last_all": -19.13,
            "at_2018_last_all": -19.13,
            "at_2019_last_all": -26.25,
            "at_2020_last_all": -32.39,
            "at_2021_last_all": -32.39,
            "at_2022_last_all": -22.21,
            "at_2023_last_all": -27.77,
            "at_2024_last_all": -27.77
        },
        "latest_eps": -2.52,
        "latest_price": 60.8,
        "latest_roe": -9.12,
        "latest_gross_margin": 12.54,
        "latest_equity": 2996082,
        "latest_revenue": 717049,
        "latest_gross_profit": 89900,
        "latest_net_income": -67077,
        "latest_debt_ratio": 36.48,
        "latest_current_ratio": 173.57,
        "latest_account_receivable_turnover_ratio": 1.37,
        "latest_inventory_turnover_ratio": 1.31,
        "latest_reinvestment_rate": null,
        "latest_research_to_sale_ratio": 11.96
    },
    "eps_dividends": {
        "2001": {
            "cash": 0,
            "stock": 0,
            "eps": 0
        },
        "2002": {
            "cash": 0,
            "stock": 0,
            "eps": 0
        },
        "2003": {
            "cash": 0,
            "stock": 0,
            "eps": 0
        },
        "2004": {
            "cash": 0,
            "stock": 0,
            "eps": 0
        },
        "2005": {
            "cash": 0,
            "stock": 0,
            "eps": 0
        },
        "2006": {
            "cash": 0,
            "stock": 2,
            "eps": 4.51
        },
        "2007": {
            "cash": 1.6,
            "stock": 1.6,
            "eps": 3.89
        },
        "2008": {
            "cash": 2.6,
            "stock": 0.3,
            "eps": 5.96
        },
        "2009": {
            "cash": 3.3,
            "stock": 0,
            "eps": 4.02
        },
        "2010": {
            "cash": 3.3,
            "stock": 0,
            "eps": 4.45
        },
        "2011": {
            "cash": 7.65,
            "stock": 0,
            "eps": 5.01
        },
        "2012": {
            "cash": 0,
            "stock": 0,
            "eps": 3.8
        },
        "2013": {
            "cash": 2.1,
            "stock": 0,
            "eps": 2.1
        },
        "2014": {
            "cash": 1.88,
            "stock": 0,
            "eps": 1.7
        },
        "2015": {
            "cash": 1.48,
            "stock": 0,
            "eps": 1.13
        },
        "2016": {
            "cash": 0.56,
            "stock": 0,
            "eps": -1.74
        },
        "2017": {
            "cash": 0,
            "stock": 0,
            "eps": -1.31
        },
        "2018": {
            "cash": 0,
            "stock": 0,
            "eps": 1.57
        },
        "2019": {
            "cash": 0.5,
            "stock": 0,
            "eps": 0.04
        },
        "2020": {
            "cash": 0,
            "stock": 0,
            "eps": -2.06
        },
        "2021": {
            "cash": 0,
            "stock": 0,
            "eps": 0.23
        },
        "2022": {
            "cash": 0,
            "stock": 0,
            "eps": 0.57
        },
        "2023": {
            "cash": 0,
            "stock": 0,
            "eps": -2.52
        }
    },
    "dividends": {
        "2006-03-14": {
            "cash": 0,
            "stock": 2
        },
        "2007-04-24": {
            "cash": 1.6,
            "stock": 1.6
        },
        "2008-04-22": {
            "cash": 2.6,
            "stock": 0.3
        },
        "2009-04-28": {
            "cash": 3.3,
            "stock": 0
        },
        "2010-04-23": {
            "cash": 3.3,
            "stock": 0
        },
        "2011-01-01": {
            "cash": 3.9,
            "stock": 0
        },
        "2011-04-21": {
            "cash": 3.75,
            "stock": 0
        },
        "2013-04-19": {
            "cash": 2.1,
            "stock": 0
        },
        "2014-06-11": {
            "cash": 1.88,
            "stock": 0
        },
        "2015-08-05": {
            "cash": 1.48,
            "stock": 0
        },
        "2016-08-09": {
            "cash": 0.56,
            "stock": 0
        },
        "2019-08-26": {
            "cash": 0.5,
            "stock": 0
        }
    },
    "prices": {
        "200101": "無",
        "200102": "無",
        "200103": "無",
        "200104": "無",
        "200105": "無",
        "200106": "無",
        "200107": "無",
        "200108": "無",
        "200109": "無",
        "200110": "無",
        "200111": "無",
        "200112": "無",
        "200201": "無",
        "200202": "無",
        "200203": "無",
        "200204": "無",
        "200205": "無",
        "200206": "無",
        "200207": "無",
        "200208": "無",
        "200209": "無",
        "200210": "無",
        "200211": "無",
        "200212": "無",
        "200301": "無",
        "200302": "無",
        "200303": "無",
        "200304": "無",
        "200305": "無",
        "200306": "無",
        "200307": "無",
        "200308": "無",
        "200309": "無",
        "200310": "無",
        "200311": "無",
        "200312": "無",
        "200401": "無",
        "200402": "無",
        "200403": "無",
        "200404": "無",
        "200405": "無",
        "200406": "無",
        "200407": "無",
        "200408": "無",
        "200409": "無",
        "200410": "無",
        "200411": "無",
        "200412": "無",
        "200501": "無",
        "200502": "無",
        "200503": "無",
        "200504": "無",
        "200505": "無",
        "200506": "無",
        "200507": "無",
        "200508": "無",
        "200509": "無",
        "200510": "無",
        "200511": "41.18",
        "200512": "49.75",
        "200601": "43.09",
        "200602": "46.05",
        "200603": "47.68",
        "200604": "54.58",
        "200605": "56.82",
        "200606": "49.34",
        "200607": "46.91",
        "200608": "44.22",
        "200609": "45.07",
        "200610": "45.01",
        "200611": "58.33",
        "200612": "63.39",
        "200701": "74.12",
        "200702": "68.27",
        "200703": "65.72",
        "200704": "73.96",
        "200705": "72.09",
        "200706": "85.06",
        "200707": "85.67",
        "200708": "77.22",
        "200709": "66.33",
        "200710": "57.70",
        "200711": "38.72",
        "200712": "35.72",
        "200801": "33.48",
        "200802": "33.28",
        "200803": "38.34",
        "200804": "42.98",
        "200805": "53.18",
        "200806": "48.33",
        "200807": "45.28",
        "200808": "54.25",
        "200809": "44.00",
        "200810": "41.42",
        "200811": "40.43",
        "200812": "37.37",
        "200901": "40.69",
        "200902": "44.68",
        "200903": "50.44",
        "200904": "66.57",
        "200905": "100.12",
        "200906": "145.57",
        "200907": "179.59",
        "200908": "146.42",
        "200909": "151.11",
        "200910": "154.66",
        "200911": "153.76",
        "200912": "216.41",
        "201001": "277.88",
        "201002": "230.43",
        "201003": "243.39",
        "201004": "261.05",
        "201005": "264.67",
        "201006": "233.83",
        "201007": "242.05",
        "201008": "222.77",
        "201009": "183.55",
        "201010": "159.12",
        "201011": "144.86",
        "201012": "175.02",
        "201101": "175.82",
        "201102": "149.14",
        "201103": "127.80",
        "201104": "132.97",
        "201105": "158.83",
        "201106": "142.02",
        "201107": "123.33",
        "201108": "108.33",
        "201109": "99.04",
        "201110": "88.20",
        "201111": "79.23",
        "201112": "62.13",
        "201201": "67.99",
        "201202": "91.32",
        "201203": "127.15",
        "201204": "108.16",
        "201205": "102.96",
        "201206": "104.19",
        "201207": "101.34",
        "201208": "100.72",
        "201209": "89.78",
        "201210": "76.90",
        "201211": "70.95",
        "201212": "80.20",
        "201301": "78.00",
        "201302": "73.88",
        "201303": "71.69",
        "201304": "74.99",
        "201305": "77.73",
        "201306": "82.24",
        "201307": "72.72",
        "201308": "67.74",
        "201309": "67.53",
        "201310": "62.81",
        "201311": "55.00",
        "201312": "57.28",
        "201401": "60.85",
        "201402": "58.84",
        "201403": "62.28",
        "201404": "62.69",
        "201405": "59.88",
        "201406": "64.98",
        "201407": "68.08",
        "201408": "56.89",
        "201409": "58.33",
        "201410": "53.49",
        "201411": "50.42",
        "201412": "53.36",
        "201501": "63.16",
        "201502": "63.32",
        "201503": "63.12",
        "201504": "62.78",
        "201505": "53.08",
        "201506": "43.46",
        "201507": "35.62",
        "201508": "31.34",
        "201509": "35.02",
        "201510": "39.85",
        "201511": "38.85",
        "201512": "36.15",
        "201601": "33.17",
        "201602": "33.97",
        "201603": "36.60",
        "201604": "34.31",
        "201605": "28.02",
        "201606": "31.03",
        "201607": "32.03",
        "201608": "29.67",
        "201609": "29.11",
        "201610": "27.88",
        "201611": "25.76",
        "201612": "26.34",
        "201701": "26.81",
        "201702": "28.29",
        "201703": "35.09",
        "201704": "38.72",
        "201705": "37.40",
        "201706": "35.65",
        "201707": "35.38",
        "201708": "53.90",
        "201709": "74.80",
        "201710": "73.13",
        "201711": "57.64",
        "201712": "51.05",
        "201801": "54.31",
        "201802": "60.02",
        "201803": "61.09",
        "201804": "63.48",
        "201805": "80.55",
        "201806": "134.78",
        "201807": "114.75",
        "201808": "117.96",
        "201809": "92.86",
        "201810": "72.15",
        "201811": "73.04",
        "201812": "75.46",
        "201901": "76.60",
        "201902": "81.45",
        "201903": "99.51",
        "201904": "106.82",
        "201905": "91.51",
        "201906": "92.12",
        "201907": "96.53",
        "201908": "83.29",
        "201909": "85.55",
        "201910": "81.52",
        "201911": "77.60",
        "201912": "81.17",
        "202001": "78.11",
        "202002": "72.71",
        "202003": "54.91",
        "202004": "55.33",
        "202005": "60.80",
        "202006": "63.98",
        "202007": "66.70",
        "202008": "60.06",
        "202009": "57.96",
        "202010": "54.44",
        "202011": "57.10",
        "202012": "59.03",
        "202101": "56.76",
        "202102": "61.52",
        "202103": "72.76",
        "202104": "87.43",
        "202105": "73.12",
        "202106": "79.13",
        "202107": "84.92",
        "202108": "96.21",
        "202109": "107.66",
        "202110": "117.57",
        "202111": "132.95",
        "202112": "122.20",
        "202201": "103.76",
        "202202": "90.72",
        "202203": "79.95",
        "202204": "70.97",
        "202205": "63.22",
        "202206": "67.20",
        "202207": "87.71",
        "202208": "96.89",
        "202209": "101.84",
        "202210": "77.58",
        "202211": "88.40",
        "202212": "82.30",
        "202301": "82.54",
        "202302": "85.58",
        "202303": "86.82",
        "202304": "83.40",
        "202305": "78.61",
        "202306": "80.02",
        "202307": "74.40",
        "202308": "64.07",
        "202309": "63.82",
        "202310": "59.46",
        "202311": "62.34",
        "202312": "65.71"
    },
    "quarters": {
        "20011": {
            "year_quarter": 20011,
            "year": 2001,
            "quarter": 1,
            "eps": null,
            "eps_growth_year": null,
            "eps_4q": null,
            "eps_4q_growth_year": null,
            "roe": null,
            "roe_4q": 0,
            "gross_profit": null,
            "gross_margin": null,
            "gross_margin_4q_avg": 0,
            "net_income": null,
            "net_income_4q": null,
            "revenue": null,
            "revenue_4q": null,
            "common_shares": null,
            "book_valuer_per_share": null,
            "book_valuer_per_share_4q_avg": 0,
            "equity": null,
            "current_ratio": null,
            "debt_ratio": null,
            "inventory_turnover_ratio": null,
            "account_receivable_turnover_ratio": null,
            "reinvestment_rate": null,
            "research_to_sale_ratio": null,
            "price_fair": 0,
            "eps_avg_yearly": 0,
            "eps_latest_yearly": 0,
            "eps_growth_yearly": 0
        },
        "20012": {
            "year_quarter": 20012,
            "year": 2001,
            "quarter": 2,
            "eps": null,
            "eps_growth_year": null,
            "eps_4q": null,
            "eps_4q_growth_year": null,
            "roe": null,
            "roe_4q": 0,
            "gross_profit": null,
            "gross_margin": null,
            "gross_margin_4q_avg": 0,
            "net_income": null,
            "net_income_4q": null,
            "revenue": null,
            "revenue_4q": null,
            "common_shares": null,
            "book_valuer_per_share": null,
            "book_valuer_per_share_4q_avg": 0,
            "equity": null,
            "current_ratio": null,
            "debt_ratio": null,
            "inventory_turnover_ratio": null,
            "account_receivable_turnover_ratio": null,
            "reinvestment_rate": null,
            "research_to_sale_ratio": null,
            "price_fair": 0,
            "eps_avg_yearly": 0,
            "eps_latest_yearly": 0,
            "eps_growth_yearly": 0
        },
        "20013": {
            "year_quarter": 20013,
            "year": 2001,
            "quarter": 3,
            "eps": null,
            "eps_growth_year": null,
            "eps_4q": null,
            "eps_4q_growth_year": null,
            "roe": null,
            "roe_4q": 0,
            "gross_profit": null,
            "gross_margin": null,
            "gross_margin_4q_avg": 0,
            "net_income": null,
            "net_income_4q": null,
            "revenue": null,
            "revenue_4q": null,
            "common_shares": null,
            "book_valuer_per_share": null,
            "book_valuer_per_share_4q_avg": 0,
            "equity": null,
            "current_ratio": null,
            "debt_ratio": null,
            "inventory_turnover_ratio": null,
            "account_receivable_turnover_ratio": null,
            "reinvestment_rate": null,
            "research_to_sale_ratio": null,
            "price_fair": 0,
            "eps_avg_yearly": 0,
            "eps_latest_yearly": 0,
            "eps_growth_yearly": 0
        },
        "20014": {
            "year_quarter": 20014,
            "year": 2001,
            "quarter": 4,
            "eps": null,
            "eps_growth_year": null,
            "eps_4q": null,
            "eps_4q_growth_year": null,
            "roe": null,
            "roe_4q": 0,
            "gross_profit": null,
            "gross_margin": null,
            "gross_margin_4q_avg": 0,
            "net_income": null,
            "net_income_4q": null,
            "revenue": null,
            "revenue_4q": null,
            "common_shares": null,
            "book_valuer_per_share": null,
            "book_valuer_per_share_4q_avg": 0,
            "equity": null,
            "current_ratio": null,
            "debt_ratio": null,
            "inventory_turnover_ratio": null,
            "account_receivable_turnover_ratio": null,
            "reinvestment_rate": null,
            "research_to_sale_ratio": null,
            "price_fair": 0,
            "eps_avg_yearly": 0,
            "eps_latest_yearly": 0,
            "eps_growth_yearly": 0
        },
        "20021": {
            "year_quarter": 20021,
            "year": 2002,
            "quarter": 1,
            "eps": null,
            "eps_growth_year": null,
            "eps_4q": null,
            "eps_4q_growth_year": null,
            "roe": null,
            "roe_4q": 0,
            "gross_profit": null,
            "gross_margin": null,
            "gross_margin_4q_avg": 0,
            "net_income": null,
            "net_income_4q": null,
            "revenue": null,
            "revenue_4q": null,
            "common_shares": null,
            "book_valuer_per_share": null,
            "book_valuer_per_share_4q_avg": 0,
            "equity": null,
            "current_ratio": null,
            "debt_ratio": null,
            "inventory_turnover_ratio": null,
            "account_receivable_turnover_ratio": null,
            "reinvestment_rate": null,
            "research_to_sale_ratio": null,
            "price_fair": 0,
            "eps_avg_yearly": 0,
            "eps_latest_yearly": 0,
            "eps_growth_yearly": 0
        },
        "20022": {
            "year_quarter": 20022,
            "year": 2002,
            "quarter": 2,
            "eps": null,
            "eps_growth_year": null,
            "eps_4q": null,
            "eps_4q_growth_year": null,
            "roe": null,
            "roe_4q": 0,
            "gross_profit": null,
            "gross_margin": null,
            "gross_margin_4q_avg": 0,
            "net_income": null,
            "net_income_4q": null,
            "revenue": null,
            "revenue_4q": null,
            "common_shares": null,
            "book_valuer_per_share": null,
            "book_valuer_per_share_4q_avg": 0,
            "equity": null,
            "current_ratio": null,
            "debt_ratio": null,
            "inventory_turnover_ratio": null,
            "account_receivable_turnover_ratio": null,
            "reinvestment_rate": null,
            "research_to_sale_ratio": null,
            "price_fair": 0,
            "eps_avg_yearly": 0,
            "eps_latest_yearly": 0,
            "eps_growth_yearly": 0
        },
        "20023": {
            "year_quarter": 20023,
            "year": 2002,
            "quarter": 3,
            "eps": null,
            "eps_growth_year": null,
            "eps_4q": null,
            "eps_4q_growth_year": null,
            "roe": null,
            "roe_4q": 0,
            "gross_profit": null,
            "gross_margin": null,
            "gross_margin_4q_avg": 0,
            "net_income": null,
            "net_income_4q": null,
            "revenue": null,
            "revenue_4q": null,
            "common_shares": null,
            "book_valuer_per_share": null,
            "book_valuer_per_share_4q_avg": 0,
            "equity": null,
            "current_ratio": null,
            "debt_ratio": null,
            "inventory_turnover_ratio": null,
            "account_receivable_turnover_ratio": null,
            "reinvestment_rate": null,
            "research_to_sale_ratio": null,
            "price_fair": 0,
            "eps_avg_yearly": 0,
            "eps_latest_yearly": 0,
            "eps_growth_yearly": 0
        },
        "20024": {
            "year_quarter": 20024,
            "year": 2002,
            "quarter": 4,
            "eps": null,
            "eps_growth_year": null,
            "eps_4q": null,
            "eps_4q_growth_year": null,
            "roe": null,
            "roe_4q": 0,
            "gross_profit": null,
            "gross_margin": null,
            "gross_margin_4q_avg": 0,
            "net_income": null,
            "net_income_4q": null,
            "revenue": null,
            "revenue_4q": null,
            "common_shares": 230000,
            "book_valuer_per_share": 7.36,
            "book_valuer_per_share_4q_avg": 1.84,
            "equity": 169262,
            "current_ratio": 124.06,
            "debt_ratio": 53.5,
            "inventory_turnover_ratio": null,
            "account_receivable_turnover_ratio": null,
            "reinvestment_rate": null,
            "research_to_sale_ratio": null,
            "price_fair": 0,
            "eps_avg_yearly": 0,
            "eps_latest_yearly": 0,
            "eps_growth_yearly": 0
        },
        "20031": {
            "year_quarter": 20031,
            "year": 2003,
            "quarter": 1,
            "eps": null,
            "eps_growth_year": null,
            "eps_4q": null,
            "eps_4q_growth_year": null,
            "roe": null,
            "roe_4q": 0,
            "gross_profit": null,
            "gross_margin": null,
            "gross_margin_4q_avg": 0,
            "net_income": null,
            "net_income_4q": null,
            "revenue": null,
            "revenue_4q": null,
            "common_shares": null,
            "book_valuer_per_share": null,
            "book_valuer_per_share_4q_avg": 1.84,
            "equity": null,
            "current_ratio": null,
            "debt_ratio": null,
            "inventory_turnover_ratio": null,
            "account_receivable_turnover_ratio": null,
            "reinvestment_rate": null,
            "research_to_sale_ratio": null,
            "price_fair": 0,
            "eps_avg_yearly": 0,
            "eps_latest_yearly": 0,
            "eps_growth_yearly": 0
        },
        "20032": {
            "year_quarter": 20032,
            "year": 2003,
            "quarter": 2,
            "eps": null,
            "eps_growth_year": null,
            "eps_4q": null,
            "eps_4q_growth_year": null,
            "roe": null,
            "roe_4q": 0,
            "gross_profit": null,
            "gross_margin": null,
            "gross_margin_4q_avg": 0,
            "net_income": null,
            "net_income_4q": null,
            "revenue": null,
            "revenue_4q": null,
            "common_shares": null,
            "book_valuer_per_share": null,
            "book_valuer_per_share_4q_avg": 1.84,
            "equity": null,
            "current_ratio": null,
            "debt_ratio": null,
            "inventory_turnover_ratio": null,
            "account_receivable_turnover_ratio": null,
            "reinvestment_rate": null,
            "research_to_sale_ratio": null,
            "price_fair": 0,
            "eps_avg_yearly": 0,
            "eps_latest_yearly": 0,
            "eps_growth_yearly": 0
        },
        "20033": {
            "year_quarter": 20033,
            "year": 2003,
            "quarter": 3,
            "eps": null,
            "eps_growth_year": null,
            "eps_4q": null,
            "eps_4q_growth_year": null,
            "roe": null,
            "roe_4q": 0,
            "gross_profit": null,
            "gross_margin": null,
            "gross_margin_4q_avg": 0,
            "net_income": null,
            "net_income_4q": null,
            "revenue": null,
            "revenue_4q": null,
            "common_shares": null,
            "book_valuer_per_share": null,
            "book_valuer_per_share_4q_avg": 1.84,
            "equity": null,
            "current_ratio": null,
            "debt_ratio": null,
            "inventory_turnover_ratio": null,
            "account_receivable_turnover_ratio": null,
            "reinvestment_rate": null,
            "research_to_sale_ratio": null,
            "price_fair": 0,
            "eps_avg_yearly": 0,
            "eps_latest_yearly": 0,
            "eps_growth_yearly": 0
        },
        "20034": {
            "year_quarter": 20034,
            "year": 2003,
            "quarter": 4,
            "eps": null,
            "eps_growth_year": null,
            "eps_4q": null,
            "eps_4q_growth_year": null,
            "roe": null,
            "roe_4q": 0,
            "gross_profit": null,
            "gross_margin": null,
            "gross_margin_4q_avg": 0,
            "net_income": null,
            "net_income_4q": null,
            "revenue": null,
            "revenue_4q": null,
            "common_shares": 230000,
            "book_valuer_per_share": 14.22,
            "book_valuer_per_share_4q_avg": 3.56,
            "equity": 327020,
            "current_ratio": 172.88,
            "debt_ratio": 49.88,
            "inventory_turnover_ratio": null,
            "account_receivable_turnover_ratio": null,
            "reinvestment_rate": null,
            "research_to_sale_ratio": null,
            "price_fair": 0,
            "eps_avg_yearly": 0,
            "eps_latest_yearly": 0,
            "eps_growth_yearly": 0
        },
        "20041": {
            "year_quarter": 20041,
            "year": 2004,
            "quarter": 1,
            "eps": null,
            "eps_growth_year": null,
            "eps_4q": null,
            "eps_4q_growth_year": null,
            "roe": null,
            "roe_4q": 0,
            "gross_profit": null,
            "gross_margin": null,
            "gross_margin_4q_avg": 0,
            "net_income": null,
            "net_income_4q": null,
            "revenue": null,
            "revenue_4q": null,
            "common_shares": null,
            "book_valuer_per_share": null,
            "book_valuer_per_share_4q_avg": 3.56,
            "equity": null,
            "current_ratio": null,
            "debt_ratio": null,
            "inventory_turnover_ratio": null,
            "account_receivable_turnover_ratio": null,
            "reinvestment_rate": null,
            "research_to_sale_ratio": null,
            "price_fair": 0,
            "eps_avg_yearly": 0,
            "eps_latest_yearly": 0,
            "eps_growth_yearly": 0
        },
        "20042": {
            "year_quarter": 20042,
            "year": 2004,
            "quarter": 2,
            "eps": null,
            "eps_growth_year": null,
            "eps_4q": null,
            "eps_4q_growth_year": null,
            "roe": null,
            "roe_4q": 0,
            "gross_profit": null,
            "gross_margin": null,
            "gross_margin_4q_avg": 0,
            "net_income": null,
            "net_income_4q": null,
            "revenue": null,
            "revenue_4q": null,
            "common_shares": null,
            "book_valuer_per_share": null,
            "book_valuer_per_share_4q_avg": 3.56,
            "equity": null,
            "current_ratio": null,
            "debt_ratio": null,
            "inventory_turnover_ratio": null,
            "account_receivable_turnover_ratio": null,
            "reinvestment_rate": null,
            "research_to_sale_ratio": null,
            "price_fair": 0,
            "eps_avg_yearly": 0,
            "eps_latest_yearly": 0,
            "eps_growth_yearly": 0
        },
        "20043": {
            "year_quarter": 20043,
            "year": 2004,
            "quarter": 3,
            "eps": null,
            "eps_growth_year": null,
            "eps_4q": null,
            "eps_4q_growth_year": null,
            "roe": null,
            "roe_4q": 0,
            "gross_profit": null,
            "gross_margin": null,
            "gross_margin_4q_avg": 0,
            "net_income": null,
            "net_income_4q": null,
            "revenue": null,
            "revenue_4q": null,
            "common_shares": null,
            "book_valuer_per_share": null,
            "book_valuer_per_share_4q_avg": 3.56,
            "equity": null,
            "current_ratio": null,
            "debt_ratio": null,
            "inventory_turnover_ratio": null,
            "account_receivable_turnover_ratio": null,
            "reinvestment_rate": null,
            "research_to_sale_ratio": null,
            "price_fair": 0,
            "eps_avg_yearly": 0,
            "eps_latest_yearly": 0,
            "eps_growth_yearly": 0
        },
        "20044": {
            "year_quarter": 20044,
            "year": 2004,
            "quarter": 4,
            "eps": null,
            "eps_growth_year": null,
            "eps_4q": null,
            "eps_4q_growth_year": null,
            "roe": null,
            "roe_4q": 0,
            "gross_profit": null,
            "gross_margin": null,
            "gross_margin_4q_avg": 0,
            "net_income": null,
            "net_income_4q": null,
            "revenue": null,
            "revenue_4q": null,
            "common_shares": 360000,
            "book_valuer_per_share": 16.68,
            "book_valuer_per_share_4q_avg": 4.17,
            "equity": 600599,
            "current_ratio": 101.81,
            "debt_ratio": 72.99,
            "inventory_turnover_ratio": null,
            "account_receivable_turnover_ratio": null,
            "reinvestment_rate": null,
            "research_to_sale_ratio": null,
            "price_fair": 0,
            "eps_avg_yearly": 0,
            "eps_latest_yearly": 0,
            "eps_growth_yearly": 0
        },
        "20051": {
            "year_quarter": 20051,
            "year": 2005,
            "quarter": 1,
            "eps": null,
            "eps_growth_year": null,
            "eps_4q": null,
            "eps_4q_growth_year": null,
            "roe": null,
            "roe_4q": 0,
            "gross_profit": null,
            "gross_margin": null,
            "gross_margin_4q_avg": 0,
            "net_income": null,
            "net_income_4q": null,
            "revenue": null,
            "revenue_4q": null,
            "common_shares": null,
            "book_valuer_per_share": null,
            "book_valuer_per_share_4q_avg": 4.17,
            "equity": null,
            "current_ratio": null,
            "debt_ratio": null,
            "inventory_turnover_ratio": null,
            "account_receivable_turnover_ratio": null,
            "reinvestment_rate": null,
            "research_to_sale_ratio": null,
            "price_fair": 0,
            "eps_avg_yearly": 0,
            "eps_latest_yearly": 0,
            "eps_growth_yearly": 0
        },
        "20052": {
            "year_quarter": 20052,
            "year": 2005,
            "quarter": 2,
            "eps": null,
            "eps_growth_year": null,
            "eps_4q": null,
            "eps_4q_growth_year": null,
            "roe": null,
            "roe_4q": 0,
            "gross_profit": null,
            "gross_margin": null,
            "gross_margin_4q_avg": 0,
            "net_income": null,
            "net_income_4q": null,
            "revenue": null,
            "revenue_4q": null,
            "common_shares": null,
            "book_valuer_per_share": null,
            "book_valuer_per_share_4q_avg": 4.17,
            "equity": null,
            "current_ratio": null,
            "debt_ratio": null,
            "inventory_turnover_ratio": null,
            "account_receivable_turnover_ratio": null,
            "reinvestment_rate": null,
            "research_to_sale_ratio": null,
            "price_fair": 0,
            "eps_avg_yearly": 0,
            "eps_latest_yearly": 0,
            "eps_growth_yearly": 0
        },
        "20053": {
            "year_quarter": 20053,
            "year": 2005,
            "quarter": 3,
            "eps": null,
            "eps_growth_year": null,
            "eps_4q": null,
            "eps_4q_growth_year": null,
            "roe": null,
            "roe_4q": 0,
            "gross_profit": null,
            "gross_margin": null,
            "gross_margin_4q_avg": 0,
            "net_income": null,
            "net_income_4q": null,
            "revenue": null,
            "revenue_4q": null,
            "common_shares": null,
            "book_valuer_per_share": null,
            "book_valuer_per_share_4q_avg": 4.17,
            "equity": null,
            "current_ratio": null,
            "debt_ratio": null,
            "inventory_turnover_ratio": null,
            "account_receivable_turnover_ratio": null,
            "reinvestment_rate": null,
            "research_to_sale_ratio": null,
            "price_fair": 0,
            "eps_avg_yearly": 0,
            "eps_latest_yearly": 0,
            "eps_growth_yearly": 0
        },
        "20054": {
            "year_quarter": 20054,
            "year": 2005,
            "quarter": 4,
            "eps": null,
            "eps_growth_year": null,
            "eps_4q": null,
            "eps_4q_growth_year": null,
            "roe": null,
            "roe_4q": 0,
            "gross_profit": null,
            "gross_margin": null,
            "gross_margin_4q_avg": 0,
            "net_income": null,
            "net_income_4q": null,
            "revenue": null,
            "revenue_4q": null,
            "common_shares": 601765,
            "book_valuer_per_share": 14.58,
            "book_valuer_per_share_4q_avg": 3.65,
            "equity": 877353,
            "current_ratio": 108.74,
            "debt_ratio": 69.87,
            "inventory_turnover_ratio": null,
            "account_receivable_turnover_ratio": null,
            "reinvestment_rate": null,
            "research_to_sale_ratio": null,
            "price_fair": 0,
            "eps_avg_yearly": 0,
            "eps_latest_yearly": 0,
            "eps_growth_yearly": 0
        },
        "20061": {
            "year_quarter": 20061,
            "year": 2006,
            "quarter": 1,
            "eps": 0.74,
            "eps_growth_year": null,
            "eps_4q": null,
            "eps_4q_growth_year": null,
            "roe": 6.09,
            "roe_4q": 6.09,
            "gross_profit": 157529,
            "gross_margin": 18.93,
            "gross_margin_4q_avg": 4.73,
            "net_income": 55035,
            "net_income_4q": null,
            "revenue": 832250,
            "revenue_4q": null,
            "common_shares": 601765,
            "book_valuer_per_share": 15.46,
            "book_valuer_per_share_4q_avg": 7.51,
            "equity": 930460,
            "current_ratio": 125.57,
            "debt_ratio": 46.41,
            "inventory_turnover_ratio": 2.47,
            "account_receivable_turnover_ratio": null,
            "reinvestment_rate": null,
            "research_to_sale_ratio": null,
            "price_fair": 0,
            "eps_avg_yearly": 0,
            "eps_latest_yearly": 0,
            "eps_growth_yearly": 0
        },
        "20062": {
            "year_quarter": 20062,
            "year": 2006,
            "quarter": 2,
            "eps": 1.01,
            "eps_growth_year": null,
            "eps_4q": null,
            "eps_4q_growth_year": null,
            "roe": 7.74,
            "roe_4q": 13.83,
            "gross_profit": 138911,
            "gross_margin": 9.74,
            "gross_margin_4q_avg": 7.17,
            "net_income": 75130,
            "net_income_4q": null,
            "revenue": 1425822,
            "revenue_4q": null,
            "common_shares": 601765,
            "book_valuer_per_share": 16.79,
            "book_valuer_per_share_4q_avg": 11.71,
            "equity": 1010158,
            "current_ratio": 113.47,
            "debt_ratio": 56.19,
            "inventory_turnover_ratio": 3.41,
            "account_receivable_turnover_ratio": null,
            "reinvestment_rate": null,
            "research_to_sale_ratio": null,
            "price_fair": 141.4,
            "eps_avg_yearly": 4.04,
            "eps_latest_yearly": 4.04,
            "eps_growth_yearly": 145.95
        },
        "20063": {
            "year_quarter": 20063,
            "year": 2006,
            "quarter": 3,
            "eps": 1.78,
            "eps_growth_year": null,
            "eps_4q": null,
            "eps_4q_growth_year": null,
            "roe": 12.19,
            "roe_4q": 26.02,
            "gross_profit": 157111,
            "gross_margin": 7.49,
            "gross_margin_4q_avg": 9.04,
            "net_income": 132291,
            "net_income_4q": null,
            "revenue": 2098440,
            "revenue_4q": null,
            "common_shares": 743357,
            "book_valuer_per_share": 15.6,
            "book_valuer_per_share_4q_avg": 15.61,
            "equity": 1159755,
            "current_ratio": 109.7,
            "debt_ratio": 58.67,
            "inventory_turnover_ratio": 3.02,
            "account_receivable_turnover_ratio": null,
            "reinvestment_rate": null,
            "research_to_sale_ratio": null,
            "price_fair": 195.3,
            "eps_avg_yearly": 5.58,
            "eps_latest_yearly": 7.12,
            "eps_growth_yearly": 225.45
        },
        "20064": {
            "year_quarter": 20064,
            "year": 2006,
            "quarter": 4,
            "eps": 0.98,
            "eps_growth_year": null,
            "eps_4q": 4.5,
            "eps_4q_growth_year": null,
            "roe": 6.12,
            "roe_4q": 32.14,
            "gross_profit": 252423,
            "gross_margin": 13.93,
            "gross_margin_4q_avg": 12.52,
            "net_income": 73050,
            "net_income_4q": null,
            "revenue": 1811642,
            "revenue_4q": null,
            "common_shares": 743357,
            "book_valuer_per_share": 16.51,
            "book_valuer_per_share_4q_avg": 16.09,
            "equity": 1227405,
            "current_ratio": 130.85,
            "debt_ratio": 61.19,
            "inventory_turnover_ratio": 2.27,
            "account_receivable_turnover_ratio": null,
            "reinvestment_rate": null,
            "research_to_sale_ratio": null,
            "price_fair": 175.93,
            "eps_avg_yearly": 5.03,
            "eps_latest_yearly": 3.92,
            "eps_growth_yearly": 90.37
        },
        "20071": {
            "year_quarter": 20071,
            "year": 2007,
            "quarter": 1,
            "eps": 1.35,
            "eps_growth_year": 82.43,
            "eps_4q": 4.81,
            "eps_4q_growth_year": null,
            "roe": 7.29,
            "roe_4q": 33.34,
            "gross_profit": 305418,
            "gross_margin": 25.43,
            "gross_margin_4q_avg": 14.15,
            "net_income": 109426,
            "net_income_4q": null,
            "revenue": 1200918,
            "revenue_4q": null,
            "common_shares": 835816,
            "book_valuer_per_share": 21.25,
            "book_valuer_per_share_4q_avg": 17.54,
            "equity": 1776476,
            "current_ratio": 179.32,
            "debt_ratio": 37.62,
            "inventory_turnover_ratio": 2.01,
            "account_receivable_turnover_ratio": null,
            "reinvestment_rate": null,
            "research_to_sale_ratio": null,
            "price_fair": 179.2,
            "eps_avg_yearly": 5.12,
            "eps_latest_yearly": 5.4,
            "eps_growth_yearly": 105.54
        },
        "20072": {
            "year_quarter": 20072,
            "year": 2007,
            "quarter": 2,
            "eps": 1.52,
            "eps_growth_year": 50.5,
            "eps_4q": 5.35,
            "eps_4q_growth_year": null,
            "roe": 7.07,
            "roe_4q": 32.67,
            "gross_profit": 304259,
            "gross_margin": 15.11,
            "gross_margin_4q_avg": 15.49,
            "net_income": 125058,
            "net_income_4q": null,
            "revenue": 2013796,
            "revenue_4q": null,
            "common_shares": 835817,
            "book_valuer_per_share": 21.07,
            "book_valuer_per_share_4q_avg": 18.61,
            "equity": 1760735,
            "current_ratio": 164.79,
            "debt_ratio": 42.76,
            "inventory_turnover_ratio": 5.95,
            "account_receivable_turnover_ratio": null,
            "reinvestment_rate": null,
            "research_to_sale_ratio": null,
            "price_fair": 185.92,
            "eps_avg_yearly": 5.31,
            "eps_latest_yearly": 6.08,
            "eps_growth_yearly": 94.5
        },
        "20073": {
            "year_quarter": 20073,
            "year": 2007,
            "quarter": 3,
            "eps": 0.61,
            "eps_growth_year": -65.73,
            "eps_4q": 3.7,
            "eps_4q_growth_year": null,
            "roe": 3.38,
            "roe_4q": 23.86,
            "gross_profit": 231702,
            "gross_margin": 11.03,
            "gross_margin_4q_avg": 16.38,
            "net_income": 60774,
            "net_income_4q": null,
            "revenue": 2099832,
            "revenue_4q": null,
            "common_shares": 1004946,
            "book_valuer_per_share": 18.24,
            "book_valuer_per_share_4q_avg": 19.27,
            "equity": 1833085,
            "current_ratio": 169.48,
            "debt_ratio": 41.58,
            "inventory_turnover_ratio": 5.15,
            "account_receivable_turnover_ratio": null,
            "reinvestment_rate": null,
            "research_to_sale_ratio": null,
            "price_fair": 169.17,
            "eps_avg_yearly": 4.83,
            "eps_latest_yearly": 2.44,
            "eps_growth_yearly": 38.84
        },
        "20074": {
            "year_quarter": 20074,
            "year": 2007,
            "quarter": 4,
            "eps": 0.41,
            "eps_growth_year": -58.16,
            "eps_4q": 3.36,
            "eps_4q_growth_year": -25.37,
            "roe": 2.21,
            "roe_4q": 19.95,
            "gross_profit": 214138,
            "gross_margin": 22.3,
            "gross_margin_4q_avg": 18.47,
            "net_income": 41050,
            "net_income_4q": null,
            "revenue": 960303,
            "revenue_4q": null,
            "common_shares": 1004946,
            "book_valuer_per_share": 18.8,
            "book_valuer_per_share_4q_avg": 19.84,
            "equity": 1889352,
            "current_ratio": 236.08,
            "debt_ratio": 36.76,
            "inventory_turnover_ratio": 2.25,
            "account_receivable_turnover_ratio": null,
            "reinvestment_rate": null,
            "research_to_sale_ratio": null,
            "price_fair": 107.48,
            "eps_avg_yearly": 4.38,
            "eps_latest_yearly": 1.64,
            "eps_growth_yearly": 14.56
        },
        "20081": {
            "year_quarter": 20081,
            "year": 2008,
            "quarter": 1,
            "eps": 1.26,
            "eps_growth_year": -6.67,
            "eps_4q": 3.76,
            "eps_4q_growth_year": -21.85,
            "roe": 6.15,
            "roe_4q": 18.81,
            "gross_profit": 366055,
            "gross_margin": 27.82,
            "gross_margin_4q_avg": 19.07,
            "net_income": 118213,
            "net_income_4q": null,
            "revenue": 1315776,
            "revenue_4q": null,
            "common_shares": 1004946,
            "book_valuer_per_share": 19.45,
            "book_valuer_per_share_4q_avg": 19.39,
            "equity": 1954212,
            "current_ratio": 187.97,
            "debt_ratio": 42.63,
            "inventory_turnover_ratio": 2.71,
            "account_receivable_turnover_ratio": null,
            "reinvestment_rate": null,
            "research_to_sale_ratio": null,
            "price_fair": 156.1,
            "eps_avg_yearly": 4.46,
            "eps_latest_yearly": 5.04,
            "eps_growth_yearly": 116.39
        },
        "20082": {
            "year_quarter": 20082,
            "year": 2008,
            "quarter": 2,
            "eps": 1.92,
            "eps_growth_year": 26.32,
            "eps_4q": 4.2,
            "eps_4q_growth_year": -21.5,
            "roe": 9.98,
            "roe_4q": 21.720000000000002,
            "gross_profit": 477624,
            "gross_margin": 24.32,
            "gross_margin_4q_avg": 21.37,
            "net_income": 191990,
            "net_income_4q": null,
            "revenue": 1963955,
            "revenue_4q": null,
            "common_shares": 1004946,
            "book_valuer_per_share": 18.83,
            "book_valuer_per_share_4q_avg": 18.83,
            "equity": 1891824,
            "current_ratio": 147.95,
            "debt_ratio": 55.51,
            "inventory_turnover_ratio": 3.51,
            "account_receivable_turnover_ratio": null,
            "reinvestment_rate": null,
            "research_to_sale_ratio": null,
            "price_fair": 168.62,
            "eps_avg_yearly": 4.82,
            "eps_latest_yearly": 7.68,
            "eps_growth_yearly": 126.74
        },
        "20083": {
            "year_quarter": 20083,
            "year": 2008,
            "quarter": 3,
            "eps": 2.25,
            "eps_growth_year": 268.85,
            "eps_4q": 5.62,
            "eps_4q_growth_year": 52.07,
            "roe": 11.67,
            "roe_4q": 30.009999999999998,
            "gross_profit": 485537,
            "gross_margin": 22.68,
            "gross_margin_4q_avg": 24.28,
            "net_income": 239465,
            "net_income_4q": null,
            "revenue": 2140671,
            "revenue_4q": null,
            "common_shares": 1073148,
            "book_valuer_per_share": 20.6,
            "book_valuer_per_share_4q_avg": 19.42,
            "equity": 2210488,
            "current_ratio": 180.67,
            "debt_ratio": 46.02,
            "inventory_turnover_ratio": 3.39,
            "account_receivable_turnover_ratio": null,
            "reinvestment_rate": null,
            "research_to_sale_ratio": null,
            "price_fair": 183.26,
            "eps_avg_yearly": 5.24,
            "eps_latest_yearly": 9,
            "eps_growth_yearly": 120.94
        },
        "20084": {
            "year_quarter": 20084,
            "year": 2008,
            "quarter": 4,
            "eps": 0.53,
            "eps_growth_year": 29.27,
            "eps_4q": 5.76,
            "eps_4q_growth_year": 71.41,
            "roe": 2.51,
            "roe_4q": 30.310000000000002,
            "gross_profit": 310728,
            "gross_margin": 19.51,
            "gross_margin_4q_avg": 23.58,
            "net_income": 56499,
            "net_income_4q": null,
            "revenue": 1592413,
            "revenue_4q": null,
            "common_shares": 1073148,
            "book_valuer_per_share": 21.33,
            "book_valuer_per_share_4q_avg": 20.05,
            "equity": 2289225,
            "current_ratio": 221.87,
            "debt_ratio": 38.26,
            "inventory_turnover_ratio": 2.45,
            "account_receivable_turnover_ratio": 2.86,
            "reinvestment_rate": null,
            "research_to_sale_ratio": null,
            "price_fair": 173.35,
            "eps_avg_yearly": 4.95,
            "eps_latest_yearly": 2.12,
            "eps_growth_yearly": 82.15
        },
        "20091": {
            "year_quarter": 20091,
            "year": 2009,
            "quarter": 1,
            "eps": 1.26,
            "eps_growth_year": 0,
            "eps_4q": 5.85,
            "eps_4q_growth_year": 55.52,
            "roe": 5.64,
            "roe_4q": 29.8,
            "gross_profit": 371470,
            "gross_margin": 27.36,
            "gross_margin_4q_avg": 23.47,
            "net_income": 134047,
            "net_income_4q": null,
            "revenue": 1357477,
            "revenue_4q": null,
            "common_shares": 1073148,
            "book_valuer_per_share": 23,
            "book_valuer_per_share_4q_avg": 20.94,
            "equity": 2468153,
            "current_ratio": 243.74,
            "debt_ratio": 35.92,
            "inventory_turnover_ratio": 2,
            "account_receivable_turnover_ratio": 1.36,
            "reinvestment_rate": null,
            "research_to_sale_ratio": null,
            "price_fair": 173.6,
            "eps_avg_yearly": 4.96,
            "eps_latest_yearly": 5.04,
            "eps_growth_yearly": 121.22
        },
        "20092": {
            "year_quarter": 20092,
            "year": 2009,
            "quarter": 2,
            "eps": 0.89,
            "eps_growth_year": -53.65,
            "eps_4q": 4.92,
            "eps_4q_growth_year": 17.13,
            "roe": 4.1,
            "roe_4q": 23.919999999999998,
            "gross_profit": 397818,
            "gross_margin": 26.05,
            "gross_margin_4q_avg": 23.9,
            "net_income": 95070,
            "net_income_4q": null,
            "revenue": 1527068,
            "revenue_4q": null,
            "common_shares": 1073148,
            "book_valuer_per_share": 20.18,
            "book_valuer_per_share_4q_avg": 21.28,
            "equity": 2165316,
            "current_ratio": 204.46,
            "debt_ratio": 42.57,
            "inventory_turnover_ratio": 2.5,
            "account_receivable_turnover_ratio": 1.73,
            "reinvestment_rate": null,
            "research_to_sale_ratio": null,
            "price_fair": 169.83,
            "eps_avg_yearly": 4.85,
            "eps_latest_yearly": 3.56,
            "eps_growth_yearly": 102.86
        },
        "20093": {
            "year_quarter": 20093,
            "year": 2009,
            "quarter": 3,
            "eps": 1,
            "eps_growth_year": -55.56,
            "eps_4q": 3.67,
            "eps_4q_growth_year": -34.65,
            "roe": 4.85,
            "roe_4q": 17.1,
            "gross_profit": 374951,
            "gross_margin": 26.33,
            "gross_margin_4q_avg": 24.81,
            "net_income": 106806,
            "net_income_4q": null,
            "revenue": 1423794,
            "revenue_4q": null,
            "common_shares": 1073148,
            "book_valuer_per_share": 20.9,
            "book_valuer_per_share_4q_avg": 21.35,
            "equity": 2242555,
            "current_ratio": 229.19,
            "debt_ratio": 39.79,
            "inventory_turnover_ratio": 2.38,
            "account_receivable_turnover_ratio": 1.53,
            "reinvestment_rate": null,
            "research_to_sale_ratio": null,
            "price_fair": 167.7,
            "eps_avg_yearly": 4.79,
            "eps_latest_yearly": 4,
            "eps_growth_yearly": 99.04
        },
        "20094": {
            "year_quarter": 20094,
            "year": 2009,
            "quarter": 4,
            "eps": 0.87,
            "eps_growth_year": 64.15,
            "eps_4q": 4.02,
            "eps_4q_growth_year": -30.15,
            "roe": 4.06,
            "roe_4q": 18.65,
            "gross_profit": 341298,
            "gross_margin": 26.37,
            "gross_margin_4q_avg": 26.53,
            "net_income": 92657,
            "net_income_4q": null,
            "revenue": 1294208,
            "revenue_4q": null,
            "common_shares": 1073148,
            "book_valuer_per_share": 21.78,
            "book_valuer_per_share_4q_avg": 21.47,
            "equity": 2321231,
            "current_ratio": 237.1,
            "debt_ratio": 39.55,
            "inventory_turnover_ratio": 2.01,
            "account_receivable_turnover_ratio": 3.29,
            "reinvestment_rate": 90.98,
            "research_to_sale_ratio": null,
            "price_fair": 164.64,
            "eps_avg_yearly": 4.7,
            "eps_latest_yearly": 3.48,
            "eps_growth_yearly": 88.97
        },
        "20101": {
            "year_quarter": 20101,
            "year": 2010,
            "quarter": 1,
            "eps": 1.33,
            "eps_growth_year": 5.56,
            "eps_4q": 4.09,
            "eps_4q_growth_year": -30,
            "roe": 5.93,
            "roe_4q": 18.939999999999998,
            "gross_profit": 402165,
            "gross_margin": 25.51,
            "gross_margin_4q_avg": 26.07,
            "net_income": 141597,
            "net_income_4q": null,
            "revenue": 1576310,
            "revenue_4q": null,
            "common_shares": 1073148,
            "book_valuer_per_share": 23.03,
            "book_valuer_per_share_4q_avg": 21.47,
            "equity": 2453713,
            "current_ratio": 255.56,
            "debt_ratio": 37.81,
            "inventory_turnover_ratio": 2.38,
            "account_receivable_turnover_ratio": 1.84,
            "reinvestment_rate": 116.06,
            "research_to_sale_ratio": 7.19,
            "price_fair": 165.99,
            "eps_avg_yearly": 4.74,
            "eps_latest_yearly": 5.32,
            "eps_growth_yearly": 96.63
        },
        "20102": {
            "year_quarter": 20102,
            "year": 2010,
            "quarter": 2,
            "eps": 1.51,
            "eps_growth_year": 69.3,
            "eps_4q": 4.71,
            "eps_4q_growth_year": -4.24,
            "roe": 6.77,
            "roe_4q": 21.61,
            "gross_profit": 474497,
            "gross_margin": 24.08,
            "gross_margin_4q_avg": 25.57,
            "net_income": 160558,
            "net_income_4q": null,
            "revenue": 1970206,
            "revenue_4q": null,
            "common_shares": 1073148,
            "book_valuer_per_share": 21.47,
            "book_valuer_per_share_4q_avg": 21.8,
            "equity": 2288370,
            "current_ratio": 186.61,
            "debt_ratio": 49.02,
            "inventory_turnover_ratio": 2.48,
            "account_receivable_turnover_ratio": 1.65,
            "reinvestment_rate": 122.78,
            "research_to_sale_ratio": 6.36,
            "price_fair": 170.36,
            "eps_avg_yearly": 4.87,
            "eps_latest_yearly": 6.04,
            "eps_growth_yearly": 90.89
        },
        "20103": {
            "year_quarter": 20103,
            "year": 2010,
            "quarter": 3,
            "eps": 1.02,
            "eps_growth_year": 1.79,
            "eps_4q": 4.48,
            "eps_4q_growth_year": 21.91,
            "roe": 3.84,
            "roe_4q": 20.599999999999998,
            "gross_profit": 500956,
            "gross_margin": 22.26,
            "gross_margin_4q_avg": 24.56,
            "net_income": 116096,
            "net_income_4q": null,
            "revenue": 2250490,
            "revenue_4q": null,
            "common_shares": 1148148,
            "book_valuer_per_share": 32.97,
            "book_valuer_per_share_4q_avg": 24.81,
            "equity": 3760371,
            "current_ratio": 238.15,
            "debt_ratio": 32.54,
            "inventory_turnover_ratio": 2.6,
            "account_receivable_turnover_ratio": 1.51,
            "reinvestment_rate": 185.71,
            "research_to_sale_ratio": 6.02,
            "price_fair": 163.71,
            "eps_avg_yearly": 4.68,
            "eps_latest_yearly": 4.08,
            "eps_growth_yearly": 63.72
        },
        "20104": {
            "year_quarter": 20104,
            "year": 2010,
            "quarter": 4,
            "eps": 0.59,
            "eps_growth_year": -32.43,
            "eps_4q": 4.25,
            "eps_4q_growth_year": 5.79,
            "roe": 1.79,
            "roe_4q": 18.33,
            "gross_profit": 374801,
            "gross_margin": 22.25,
            "gross_margin_4q_avg": 23.53,
            "net_income": 67049,
            "net_income_4q": null,
            "revenue": 1684848,
            "revenue_4q": null,
            "common_shares": 1148148,
            "book_valuer_per_share": 32.58,
            "book_valuer_per_share_4q_avg": 27.51,
            "equity": 3716157,
            "current_ratio": 231.72,
            "debt_ratio": 32.22,
            "inventory_turnover_ratio": 2.36,
            "account_receivable_turnover_ratio": 1.21,
            "reinvestment_rate": 167.11,
            "research_to_sale_ratio": 6.75,
            "price_fair": 160.3,
            "eps_avg_yearly": 4.58,
            "eps_latest_yearly": 2.36,
            "eps_growth_yearly": 64.42
        },
        "20111": {
            "year_quarter": 20111,
            "year": 2011,
            "quarter": 1,
            "eps": 0.94,
            "eps_growth_year": -29.32,
            "eps_4q": 3.95,
            "eps_4q_growth_year": -3.51,
            "roe": 2.82,
            "roe_4q": 15.219999999999999,
            "gross_profit": 406847,
            "gross_margin": 24.47,
            "gross_margin_4q_avg": 23.27,
            "net_income": 106753,
            "net_income_4q": null,
            "revenue": 1662716,
            "revenue_4q": null,
            "common_shares": 1140598,
            "book_valuer_per_share": 33.81,
            "book_valuer_per_share_4q_avg": 30.21,
            "equity": 3855793,
            "current_ratio": 230.96,
            "debt_ratio": 31.66,
            "inventory_turnover_ratio": 1.94,
            "account_receivable_turnover_ratio": 1.33,
            "reinvestment_rate": 199.73,
            "research_to_sale_ratio": 7.09,
            "price_fair": 156.71,
            "eps_avg_yearly": 4.48,
            "eps_latest_yearly": 3.76,
            "eps_growth_yearly": 69.81
        },
        "20112": {
            "year_quarter": 20112,
            "year": 2011,
            "quarter": 2,
            "eps": 2.25,
            "eps_growth_year": 49.45,
            "eps_4q": 4.79,
            "eps_4q_growth_year": 1.83,
            "roe": 6.83,
            "roe_4q": 15.280000000000001,
            "gross_profit": 431943,
            "gross_margin": 23.04,
            "gross_margin_4q_avg": 23.01,
            "net_income": 256842,
            "net_income_4q": null,
            "revenue": 1874717,
            "revenue_4q": null,
            "common_shares": 1140598,
            "book_valuer_per_share": 32.11,
            "book_valuer_per_share_4q_avg": 32.87,
            "equity": 3662697,
            "current_ratio": 168.84,
            "debt_ratio": 38.73,
            "inventory_turnover_ratio": 1.92,
            "account_receivable_turnover_ratio": 1.36,
            "reinvestment_rate": 185.44,
            "research_to_sale_ratio": 7.45,
            "price_fair": 163.1,
            "eps_avg_yearly": 4.66,
            "eps_latest_yearly": 9,
            "eps_growth_yearly": 101.5
        },
        "20113": {
            "year_quarter": 20113,
            "year": 2011,
            "quarter": 3,
            "eps": 1.12,
            "eps_growth_year": 9.66,
            "eps_4q": 4.89,
            "eps_4q_growth_year": 9.21,
            "roe": 3.36,
            "roe_4q": 14.8,
            "gross_profit": 388249,
            "gross_margin": 20.6,
            "gross_margin_4q_avg": 22.59,
            "net_income": 127314,
            "net_income_4q": null,
            "revenue": 1884603,
            "revenue_4q": null,
            "common_shares": 1140598,
            "book_valuer_per_share": 34.31,
            "book_valuer_per_share_4q_avg": 33.2,
            "equity": 3913457,
            "current_ratio": 187.19,
            "debt_ratio": 33.08,
            "inventory_turnover_ratio": 1.97,
            "account_receivable_turnover_ratio": 1.19,
            "reinvestment_rate": 181.67,
            "research_to_sale_ratio": 6.71,
            "price_fair": 167.56,
            "eps_avg_yearly": 4.79,
            "eps_latest_yearly": 4.48,
            "eps_growth_yearly": 103.91
        },
        "20114": {
            "year_quarter": 20114,
            "year": 2011,
            "quarter": 4,
            "eps": 0.7,
            "eps_growth_year": 19.52,
            "eps_4q": 5.01,
            "eps_4q_growth_year": 17.67,
            "roe": 2.03,
            "roe_4q": 15.04,
            "gross_profit": 383468,
            "gross_margin": 23.82,
            "gross_margin_4q_avg": 22.98,
            "net_income": 80139,
            "net_income_4q": null,
            "revenue": 1610080,
            "revenue_4q": null,
            "common_shares": 1140598,
            "book_valuer_per_share": 35.06,
            "book_valuer_per_share_4q_avg": 33.82,
            "equity": 3998501,
            "current_ratio": 206.07,
            "debt_ratio": 27.19,
            "inventory_turnover_ratio": 1.65,
            "account_receivable_turnover_ratio": 1.15,
            "reinvestment_rate": 163.01,
            "research_to_sale_ratio": 8.98,
            "price_fair": 170.1,
            "eps_avg_yearly": 4.86,
            "eps_latest_yearly": 2.8,
            "eps_growth_yearly": 102.73
        },
        "20121": {
            "year_quarter": 20121,
            "year": 2012,
            "quarter": 1,
            "eps": 0.88,
            "eps_growth_year": -6.38,
            "eps_4q": 4.95,
            "eps_4q_growth_year": 25.39,
            "roe": 2.5,
            "roe_4q": 14.719999999999999,
            "gross_profit": 405097,
            "gross_margin": 28.35,
            "gross_margin_4q_avg": 23.95,
            "net_income": 100528,
            "net_income_4q": null,
            "revenue": 1429039,
            "revenue_4q": null,
            "common_shares": 1140598,
            "book_valuer_per_share": 35.58,
            "book_valuer_per_share_4q_avg": 34.27,
            "equity": 4057814,
            "current_ratio": 220.84,
            "debt_ratio": 25.03,
            "inventory_turnover_ratio": 1.51,
            "account_receivable_turnover_ratio": 1.37,
            "reinvestment_rate": 162.25,
            "research_to_sale_ratio": 10.16,
            "price_fair": 166.78,
            "eps_avg_yearly": 4.77,
            "eps_latest_yearly": 3.52,
            "eps_growth_yearly": 57.33
        },
        "20122": {
            "year_quarter": 20122,
            "year": 2012,
            "quarter": 2,
            "eps": 0.69,
            "eps_growth_year": -69.21,
            "eps_4q": 3.39,
            "eps_4q_growth_year": -29.21,
            "roe": 2.04,
            "roe_4q": 9.93,
            "gross_profit": 407955,
            "gross_margin": 23.22,
            "gross_margin_4q_avg": 24,
            "net_income": 79079,
            "net_income_4q": null,
            "revenue": 1757163,
            "revenue_4q": null,
            "common_shares": 1140598,
            "book_valuer_per_share": 32.5,
            "book_valuer_per_share_4q_avg": 34.36,
            "equity": 3706609,
            "current_ratio": 152.37,
            "debt_ratio": 36.7,
            "inventory_turnover_ratio": 1.92,
            "account_receivable_turnover_ratio": 1.65,
            "reinvestment_rate": 183.23,
            "research_to_sale_ratio": 9.2,
            "price_fair": 156.01,
            "eps_avg_yearly": 4.46,
            "eps_latest_yearly": 2.76,
            "eps_growth_yearly": 38.84
        },
        "20123": {
            "year_quarter": 20123,
            "year": 2012,
            "quarter": 3,
            "eps": 0.98,
            "eps_growth_year": -11.98,
            "eps_4q": 3.26,
            "eps_4q_growth_year": -33.36,
            "roe": 2.99,
            "roe_4q": 9.56,
            "gross_profit": 449717,
            "gross_margin": 25.43,
            "gross_margin_4q_avg": 25.21,
            "net_income": 112057,
            "net_income_4q": null,
            "revenue": 1768132,
            "revenue_4q": null,
            "common_shares": 1140598,
            "book_valuer_per_share": 33.12,
            "book_valuer_per_share_4q_avg": 34.07,
            "equity": 3778063,
            "current_ratio": 149.47,
            "debt_ratio": 38.32,
            "inventory_turnover_ratio": 1.76,
            "account_receivable_turnover_ratio": 1.38,
            "reinvestment_rate": 202.92,
            "research_to_sale_ratio": 8.79,
            "price_fair": 144.9,
            "eps_avg_yearly": 4.14,
            "eps_latest_yearly": 3.92,
            "eps_growth_yearly": 45.05
        },
        "20124": {
            "year_quarter": 20124,
            "year": 2012,
            "quarter": 4,
            "eps": 1.25,
            "eps_growth_year": 77.6,
            "eps_4q": 3.8,
            "eps_4q_growth_year": -24,
            "roe": 3.7,
            "roe_4q": 11.23,
            "gross_profit": 489645,
            "gross_margin": 26.81,
            "gross_margin_4q_avg": 25.95,
            "net_income": 142329,
            "net_income_4q": null,
            "revenue": 1826623,
            "revenue_4q": null,
            "common_shares": 1140598,
            "book_valuer_per_share": 34.33,
            "book_valuer_per_share_4q_avg": 33.88,
            "equity": 3915184,
            "current_ratio": 162.89,
            "debt_ratio": 35.06,
            "inventory_turnover_ratio": 1.83,
            "account_receivable_turnover_ratio": 1.33,
            "reinvestment_rate": 202.88,
            "research_to_sale_ratio": 9.39,
            "price_fair": 151.2,
            "eps_avg_yearly": 4.32,
            "eps_latest_yearly": 5,
            "eps_growth_yearly": 71.05
        },
        "20131": {
            "year_quarter": 20131,
            "year": 2013,
            "quarter": 1,
            "eps": 0.61,
            "eps_growth_year": -30.68,
            "eps_4q": 3.53,
            "eps_4q_growth_year": -28.69,
            "roe": 1.75,
            "roe_4q": 10.48,
            "gross_profit": 330974,
            "gross_margin": 25.79,
            "gross_margin_4q_avg": 25.31,
            "net_income": 69327,
            "net_income_4q": null,
            "revenue": 1283230,
            "revenue_4q": null,
            "common_shares": 1140598,
            "book_valuer_per_share": 34.97,
            "book_valuer_per_share_4q_avg": 33.73,
            "equity": 3988494,
            "current_ratio": 190.45,
            "debt_ratio": 29.44,
            "inventory_turnover_ratio": 1.42,
            "account_receivable_turnover_ratio": 1.13,
            "reinvestment_rate": 86.77,
            "research_to_sale_ratio": 9.87,
            "price_fair": 140.59,
            "eps_avg_yearly": 4.16,
            "eps_latest_yearly": 2.44,
            "eps_growth_yearly": 23.81
        },
        "20132": {
            "year_quarter": 20132,
            "year": 2013,
            "quarter": 2,
            "eps": 0.61,
            "eps_growth_year": -12.02,
            "eps_4q": 3.45,
            "eps_4q_growth_year": 1.52,
            "roe": 1.76,
            "roe_4q": 10.2,
            "gross_profit": 356367,
            "gross_margin": 24.97,
            "gross_margin_4q_avg": 25.75,
            "net_income": 69227,
            "net_income_4q": null,
            "revenue": 1427415,
            "revenue_4q": null,
            "common_shares": 1140598,
            "book_valuer_per_share": 33.83,
            "book_valuer_per_share_4q_avg": 34.06,
            "equity": 3858258,
            "current_ratio": 163.49,
            "debt_ratio": 35.5,
            "inventory_turnover_ratio": 1.84,
            "account_receivable_turnover_ratio": 1.34,
            "reinvestment_rate": 91.43,
            "research_to_sale_ratio": 9.02,
            "price_fair": 143.06,
            "eps_avg_yearly": 4.09,
            "eps_latest_yearly": 2.44,
            "eps_growth_yearly": 31.16
        },
        "20133": {
            "year_quarter": 20133,
            "year": 2013,
            "quarter": 3,
            "eps": 0.74,
            "eps_growth_year": -24.68,
            "eps_4q": 3.2,
            "eps_4q_growth_year": -1.76,
            "roe": 2.17,
            "roe_4q": 9.379999999999999,
            "gross_profit": 369931,
            "gross_margin": 26.51,
            "gross_margin_4q_avg": 26.02,
            "net_income": 84376,
            "net_income_4q": null,
            "revenue": 1395358,
            "revenue_4q": null,
            "common_shares": 1140598,
            "book_valuer_per_share": 34.38,
            "book_valuer_per_share_4q_avg": 34.38,
            "equity": 3921481,
            "current_ratio": 170.12,
            "debt_ratio": 34.42,
            "inventory_turnover_ratio": 2.17,
            "account_receivable_turnover_ratio": 1.17,
            "reinvestment_rate": 94.23,
            "research_to_sale_ratio": 9.57,
            "price_fair": 140.79,
            "eps_avg_yearly": 4.02,
            "eps_latest_yearly": 2.96,
            "eps_growth_yearly": 33.39
        },
        "20134": {
            "year_quarter": 20134,
            "year": 2013,
            "quarter": 4,
            "eps": 0.14,
            "eps_growth_year": -88.75,
            "eps_4q": 2.09,
            "eps_4q_growth_year": -44.94,
            "roe": 0.41,
            "roe_4q": 6.09,
            "gross_profit": 297268,
            "gross_margin": 25.78,
            "gross_margin_4q_avg": 25.76,
            "net_income": 16008,
            "net_income_4q": null,
            "revenue": 1152938,
            "revenue_4q": null,
            "common_shares": 1140598,
            "book_valuer_per_share": 34.85,
            "book_valuer_per_share_4q_avg": 34.51,
            "equity": 3975275,
            "current_ratio": 175.97,
            "debt_ratio": 32.85,
            "inventory_turnover_ratio": 1.81,
            "account_receivable_turnover_ratio": 1.22,
            "reinvestment_rate": 6.51,
            "research_to_sale_ratio": 12.39,
            "price_fair": 101.28,
            "eps_avg_yearly": 3.84,
            "eps_latest_yearly": 0.56,
            "eps_growth_yearly": 16.37
        },
        "20141": {
            "year_quarter": 20141,
            "year": 2014,
            "quarter": 1,
            "eps": 0.2,
            "eps_growth_year": -67.21,
            "eps_4q": 1.68,
            "eps_4q_growth_year": -52.31,
            "roe": 0.56,
            "roe_4q": 4.8999999999999995,
            "gross_profit": 283371,
            "gross_margin": 23.63,
            "gross_margin_4q_avg": 25.22,
            "net_income": 22499,
            "net_income_4q": null,
            "revenue": 1199404,
            "revenue_4q": null,
            "common_shares": 1140598,
            "book_valuer_per_share": 35.33,
            "book_valuer_per_share_4q_avg": 34.6,
            "equity": 4029987,
            "current_ratio": 179.85,
            "debt_ratio": 32.97,
            "inventory_turnover_ratio": 1.94,
            "account_receivable_turnover_ratio": 1.55,
            "reinvestment_rate": 3.24,
            "research_to_sale_ratio": 11.41,
            "price_fair": 84.92,
            "eps_avg_yearly": 3.56,
            "eps_latest_yearly": 0.8,
            "eps_growth_yearly": 13.87
        },
        "20142": {
            "year_quarter": 20142,
            "year": 2014,
            "quarter": 2,
            "eps": 0.28,
            "eps_growth_year": -54.1,
            "eps_4q": 1.36,
            "eps_4q_growth_year": -60.6,
            "roe": 0.82,
            "roe_4q": 3.96,
            "gross_profit": 316948,
            "gross_margin": 25.2,
            "gross_margin_4q_avg": 25.28,
            "net_income": 31926,
            "net_income_4q": null,
            "revenue": 1257598,
            "revenue_4q": null,
            "common_shares": 1140598,
            "book_valuer_per_share": 33.31,
            "book_valuer_per_share_4q_avg": 34.47,
            "equity": 3799562,
            "current_ratio": 157.53,
            "debt_ratio": 38.85,
            "inventory_turnover_ratio": 1.98,
            "account_receivable_turnover_ratio": 1.46,
            "reinvestment_rate": -15.64,
            "research_to_sale_ratio": 12.22,
            "price_fair": 99.08,
            "eps_avg_yearly": 3.25,
            "eps_latest_yearly": 1.12,
            "eps_growth_yearly": 20.49
        },
        "20143": {
            "year_quarter": 20143,
            "year": 2014,
            "quarter": 3,
            "eps": 0.54,
            "eps_growth_year": -27.03,
            "eps_4q": 1.15,
            "eps_4q_growth_year": -63.96,
            "roe": 1.59,
            "roe_4q": 3.3800000000000003,
            "gross_profit": 336117,
            "gross_margin": 28.49,
            "gross_margin_4q_avg": 25.78,
            "net_income": 61210,
            "net_income_4q": null,
            "revenue": 1179971,
            "revenue_4q": null,
            "common_shares": 1140598,
            "book_valuer_per_share": 34.25,
            "book_valuer_per_share_4q_avg": 34.44,
            "equity": 3906313,
            "current_ratio": 175.7,
            "debt_ratio": 34.13,
            "inventory_turnover_ratio": 1.59,
            "account_receivable_turnover_ratio": 1.39,
            "reinvestment_rate": -94.64,
            "research_to_sale_ratio": 13.35,
            "price_fair": 109.55,
            "eps_avg_yearly": 3.13,
            "eps_latest_yearly": 2.16,
            "eps_growth_yearly": 51.81
        },
        "20144": {
            "year_quarter": 20144,
            "year": 2014,
            "quarter": 4,
            "eps": 0.68,
            "eps_growth_year": 381.53,
            "eps_4q": 1.69,
            "eps_4q_growth_year": -19.34,
            "roe": 1.93,
            "roe_4q": 4.9,
            "gross_profit": 402736,
            "gross_margin": 29.43,
            "gross_margin_4q_avg": 26.69,
            "net_income": 77083,
            "net_income_4q": null,
            "revenue": 1368630,
            "revenue_4q": null,
            "common_shares": 1140598,
            "book_valuer_per_share": 35.86,
            "book_valuer_per_share_4q_avg": 34.69,
            "equity": 4090579,
            "current_ratio": 186.23,
            "debt_ratio": 32.44,
            "inventory_turnover_ratio": 1.82,
            "account_receivable_turnover_ratio": 1.56,
            "reinvestment_rate": -105.67,
            "research_to_sale_ratio": 13.14,
            "price_fair": 110.34,
            "eps_avg_yearly": 3.15,
            "eps_latest_yearly": 2.72,
            "eps_growth_yearly": 68.83
        },
        "20151": {
            "year_quarter": 20151,
            "year": 2015,
            "quarter": 1,
            "eps": 0.16,
            "eps_growth_year": -20,
            "eps_4q": 1.65,
            "eps_4q_growth_year": -2.18,
            "roe": 0.43,
            "roe_4q": 4.7700000000000005,
            "gross_profit": 271103,
            "gross_margin": 25.8,
            "gross_margin_4q_avg": 27.23,
            "net_income": 17699,
            "net_income_4q": null,
            "revenue": 1050661,
            "revenue_4q": null,
            "common_shares": 1140598,
            "book_valuer_per_share": 35.71,
            "book_valuer_per_share_4q_avg": 34.78,
            "equity": 4072719,
            "current_ratio": 198.92,
            "debt_ratio": 30.11,
            "inventory_turnover_ratio": 1.51,
            "account_receivable_turnover_ratio": 1.2,
            "reinvestment_rate": -119.36,
            "research_to_sale_ratio": 14.88,
            "price_fair": 103.51,
            "eps_avg_yearly": 2.96,
            "eps_latest_yearly": 0.64,
            "eps_growth_yearly": 34.89
        },
        "20152": {
            "year_quarter": 20152,
            "year": 2015,
            "quarter": 2,
            "eps": 0.31,
            "eps_growth_year": 10.71,
            "eps_4q": 1.68,
            "eps_4q_growth_year": 23.63,
            "roe": 0.89,
            "roe_4q": 4.84,
            "gross_profit": 304521,
            "gross_margin": 27.48,
            "gross_margin_4q_avg": 27.8,
            "net_income": 35356,
            "net_income_4q": null,
            "revenue": 1108250,
            "revenue_4q": null,
            "common_shares": 1140598,
            "book_valuer_per_share": 34.3,
            "book_valuer_per_share_4q_avg": 35.03,
            "equity": 3912859,
            "current_ratio": 200.3,
            "debt_ratio": 28.25,
            "inventory_turnover_ratio": 1.68,
            "account_receivable_turnover_ratio": 1.4,
            "reinvestment_rate": -137.95,
            "research_to_sale_ratio": 13.98,
            "price_fair": 82.79,
            "eps_avg_yearly": 2.47,
            "eps_latest_yearly": 1.24,
            "eps_growth_yearly": 23.48
        },
        "20153": {
            "year_quarter": 20153,
            "year": 2015,
            "quarter": 3,
            "eps": 0.5,
            "eps_growth_year": -7.41,
            "eps_4q": 1.65,
            "eps_4q_growth_year": 42.57,
            "roe": 1.44,
            "roe_4q": 4.69,
            "gross_profit": 337494,
            "gross_margin": 29.62,
            "gross_margin_4q_avg": 28.08,
            "net_income": 57316,
            "net_income_4q": null,
            "revenue": 1139348,
            "revenue_4q": null,
            "common_shares": 1140598,
            "book_valuer_per_share": 35.39,
            "book_valuer_per_share_4q_avg": 35.32,
            "equity": 4036132,
            "current_ratio": 215.95,
            "debt_ratio": 26.99,
            "inventory_turnover_ratio": 1.65,
            "account_receivable_turnover_ratio": 1.4,
            "reinvestment_rate": -154.18,
            "research_to_sale_ratio": 13.37,
            "price_fair": 81.11,
            "eps_avg_yearly": 2.32,
            "eps_latest_yearly": 2,
            "eps_growth_yearly": 51.36
        },
        "20154": {
            "year_quarter": 20154,
            "year": 2015,
            "quarter": 4,
            "eps": 0.16,
            "eps_growth_year": -76.57,
            "eps_4q": 1.13,
            "eps_4q_growth_year": -33.24,
            "roe": 0.45,
            "roe_4q": 3.21,
            "gross_profit": 313535,
            "gross_margin": 26.98,
            "gross_margin_4q_avg": 27.47,
            "net_income": 18096,
            "net_income_4q": null,
            "revenue": 1162230,
            "revenue_4q": null,
            "common_shares": 1140598,
            "book_valuer_per_share": 35.21,
            "book_valuer_per_share_4q_avg": 35.15,
            "equity": 4016423,
            "current_ratio": 215.28,
            "debt_ratio": 27.39,
            "inventory_turnover_ratio": 1.56,
            "account_receivable_turnover_ratio": 1.53,
            "reinvestment_rate": -194.2,
            "research_to_sale_ratio": 13.16,
            "price_fair": 76.39,
            "eps_avg_yearly": 2.18,
            "eps_latest_yearly": 0.64,
            "eps_growth_yearly": 43.74
        },
        "20161": {
            "year_quarter": 20161,
            "year": 2016,
            "quarter": 1,
            "eps": -0.59,
            "eps_growth_year": -468.75,
            "eps_4q": 0.38,
            "eps_4q_growth_year": -76.84,
            "roe": -1.7,
            "roe_4q": 1.08,
            "gross_profit": 229198,
            "gross_margin": 23.95,
            "gross_margin_4q_avg": 27.01,
            "net_income": -67503,
            "net_income_4q": null,
            "revenue": 957034,
            "revenue_4q": null,
            "common_shares": 1140598,
            "book_valuer_per_share": 34.3,
            "book_valuer_per_share_4q_avg": 34.8,
            "equity": 3912379,
            "current_ratio": 205.23,
            "debt_ratio": 28.71,
            "inventory_turnover_ratio": 1.25,
            "account_receivable_turnover_ratio": 1.39,
            "reinvestment_rate": -249.46,
            "research_to_sale_ratio": 14.94,
            "price_fair": 73.27,
            "eps_avg_yearly": 2.09,
            "eps_latest_yearly": 0.64,
            "eps_growth_yearly": 39.79
        },
        "20162": {
            "year_quarter": 20162,
            "year": 2016,
            "quarter": 2,
            "eps": -0.67,
            "eps_growth_year": -316.13,
            "eps_4q": -0.6,
            "eps_4q_growth_year": -135.75,
            "roe": -2.04,
            "roe_4q": -1.85,
            "gross_profit": 183167,
            "gross_margin": 18.38,
            "gross_margin_4q_avg": 24.73,
            "net_income": -77839,
            "net_income_4q": null,
            "revenue": 996344,
            "revenue_4q": null,
            "common_shares": 1140598,
            "book_valuer_per_share": 32.66,
            "book_valuer_per_share_4q_avg": 34.39,
            "equity": 3734135,
            "current_ratio": 180.23,
            "debt_ratio": 33.17,
            "inventory_turnover_ratio": 1.27,
            "account_receivable_turnover_ratio": 1.55,
            "reinvestment_rate": -347.97,
            "research_to_sale_ratio": 13.03,
            "price_fair": 71.6,
            "eps_avg_yearly": 2.05,
            "eps_latest_yearly": 0.64,
            "eps_growth_yearly": 48.81
        },
        "20163": {
            "year_quarter": 20163,
            "year": 2016,
            "quarter": 3,
            "eps": -0.25,
            "eps_growth_year": -150,
            "eps_4q": -1.35,
            "eps_4q_growth_year": -182.23,
            "roe": -0.81,
            "roe_4q": -4.1,
            "gross_profit": 244162,
            "gross_margin": 24.61,
            "gross_margin_4q_avg": 23.48,
            "net_income": -29654,
            "net_income_4q": null,
            "revenue": 991941,
            "revenue_4q": null,
            "common_shares": 1140598,
            "book_valuer_per_share": 31.7,
            "book_valuer_per_share_4q_avg": 33.47,
            "equity": 3623758,
            "current_ratio": 179.87,
            "debt_ratio": 33.83,
            "inventory_turnover_ratio": 1.09,
            "account_receivable_turnover_ratio": 1.55,
            "reinvestment_rate": -471.83,
            "research_to_sale_ratio": 12.84,
            "price_fair": 66.55,
            "eps_avg_yearly": 1.9,
            "eps_latest_yearly": 0.64,
            "eps_growth_yearly": 39.63
        },
        "20164": {
            "year_quarter": 20164,
            "year": 2016,
            "quarter": 4,
            "eps": -0.23,
            "eps_growth_year": -245.58,
            "eps_4q": -1.74,
            "eps_4q_growth_year": -254.43,
            "roe": -0.76,
            "roe_4q": -5.3100000000000005,
            "gross_profit": 214105,
            "gross_margin": 18.29,
            "gross_margin_4q_avg": 21.31,
            "net_income": -27297,
            "net_income_4q": null,
            "revenue": 1170467,
            "revenue_4q": null,
            "common_shares": 1140598,
            "book_valuer_per_share": 31.37,
            "book_valuer_per_share_4q_avg": 32.51,
            "equity": 3584213,
            "current_ratio": 175.07,
            "debt_ratio": 35.21,
            "inventory_turnover_ratio": 1.57,
            "account_receivable_turnover_ratio": 1.79,
            "reinvestment_rate": -733.48,
            "research_to_sale_ratio": 10.93,
            "price_fair": 57.52,
            "eps_avg_yearly": 1.64,
            "eps_latest_yearly": 0.64,
            "eps_growth_yearly": 33.75
        },
        "20171": {
            "year_quarter": 20171,
            "year": 2017,
            "quarter": 1,
            "eps": -0.58,
            "eps_growth_year": null,
            "eps_4q": -1.73,
            "eps_4q_growth_year": -552.57,
            "roe": -1.92,
            "roe_4q": -5.529999999999999,
            "gross_profit": 167074,
            "gross_margin": 19.69,
            "gross_margin_4q_avg": 20.24,
            "net_income": -66824,
            "net_income_4q": null,
            "revenue": 848693,
            "revenue_4q": null,
            "common_shares": 1140598,
            "book_valuer_per_share": 29.66,
            "book_valuer_per_share_4q_avg": 31.35,
            "equity": 3388844,
            "current_ratio": 173.08,
            "debt_ratio": 34.67,
            "inventory_turnover_ratio": 1.19,
            "account_receivable_turnover_ratio": 1.6,
            "reinvestment_rate": -169.91,
            "research_to_sale_ratio": 14.03,
            "price_fair": 54.98,
            "eps_avg_yearly": 1.57,
            "eps_latest_yearly": 0.64,
            "eps_growth_yearly": 55.43
        },
        "20172": {
            "year_quarter": 20172,
            "year": 2017,
            "quarter": 2,
            "eps": -0.39,
            "eps_growth_year": null,
            "eps_4q": -1.45,
            "eps_4q_growth_year": null,
            "roe": -1.34,
            "roe_4q": -4.83,
            "gross_profit": 179773,
            "gross_margin": 17.18,
            "gross_margin_4q_avg": 19.94,
            "net_income": -45269,
            "net_income_4q": null,
            "revenue": 1046415,
            "revenue_4q": null,
            "common_shares": 1140598,
            "book_valuer_per_share": 29.63,
            "book_valuer_per_share_4q_avg": 30.59,
            "equity": 3384408,
            "current_ratio": 171.71,
            "debt_ratio": 33.94,
            "inventory_turnover_ratio": 1.36,
            "account_receivable_turnover_ratio": 2.2,
            "reinvestment_rate": -368.89,
            "research_to_sale_ratio": 12.94,
            "price_fair": 51.94,
            "eps_avg_yearly": 1.48,
            "eps_latest_yearly": 0.64,
            "eps_growth_yearly": 60.98
        },
        "20173": {
            "year_quarter": 20173,
            "year": 2017,
            "quarter": 3,
            "eps": -0.34,
            "eps_growth_year": null,
            "eps_4q": -1.54,
            "eps_4q_growth_year": null,
            "roe": -1.12,
            "roe_4q": -5.14,
            "gross_profit": 210029,
            "gross_margin": 17.64,
            "gross_margin_4q_avg": 18.2,
            "net_income": -37966,
            "net_income_4q": null,
            "revenue": 1190433,
            "revenue_4q": null,
            "common_shares": 1140598,
            "book_valuer_per_share": 29.51,
            "book_valuer_per_share_4q_avg": 30.04,
            "equity": 3371650,
            "current_ratio": 212.24,
            "debt_ratio": 37.13,
            "inventory_turnover_ratio": 1.34,
            "account_receivable_turnover_ratio": 1.94,
            "reinvestment_rate": null,
            "research_to_sale_ratio": 12.22,
            "price_fair": 46.2,
            "eps_avg_yearly": 1.32,
            "eps_latest_yearly": 0.64,
            "eps_growth_yearly": 58.28
        },
        "20174": {
            "year_quarter": 20174,
            "year": 2017,
            "quarter": 4,
            "eps": 0,
            "eps_growth_year": null,
            "eps_4q": -1.31,
            "eps_4q_growth_year": null,
            "roe": 0.06,
            "roe_4q": -4.32,
            "gross_profit": 255890,
            "gross_margin": 18.69,
            "gross_margin_4q_avg": 18.3,
            "net_income": 1868,
            "net_income_4q": null,
            "revenue": 1369471,
            "revenue_4q": null,
            "common_shares": 1140598,
            "book_valuer_per_share": 29.54,
            "book_valuer_per_share_4q_avg": 29.59,
            "equity": 3376894,
            "current_ratio": 204.51,
            "debt_ratio": 37.25,
            "inventory_turnover_ratio": 1.4,
            "account_receivable_turnover_ratio": 2.02,
            "reinvestment_rate": null,
            "research_to_sale_ratio": 10.36,
            "price_fair": 49.53,
            "eps_avg_yearly": 1.42,
            "eps_latest_yearly": 0.64,
            "eps_growth_yearly": 106.1
        },
        "20181": {
            "year_quarter": 20181,
            "year": 2018,
            "quarter": 1,
            "eps": 0.04,
            "eps_growth_year": null,
            "eps_4q": -0.69,
            "eps_4q_growth_year": null,
            "roe": 0.12,
            "roe_4q": -2.2800000000000002,
            "gross_profit": 245749,
            "gross_margin": 20.61,
            "gross_margin_4q_avg": 18.53,
            "net_income": 4178,
            "net_income_4q": null,
            "revenue": 1192327,
            "revenue_4q": null,
            "common_shares": 1140598,
            "book_valuer_per_share": 29.79,
            "book_valuer_per_share_4q_avg": 29.62,
            "equity": 3405610,
            "current_ratio": 190.85,
            "debt_ratio": 38.48,
            "inventory_turnover_ratio": 1.24,
            "account_receivable_turnover_ratio": 1.69,
            "reinvestment_rate": null,
            "research_to_sale_ratio": 11.61,
            "price_fair": 52.6,
            "eps_avg_yearly": 1.5,
            "eps_latest_yearly": 0.64,
            "eps_growth_yearly": 96.77
        },
        "20182": {
            "year_quarter": 20182,
            "year": 2018,
            "quarter": 2,
            "eps": 0.46,
            "eps_growth_year": null,
            "eps_4q": 0.16,
            "eps_4q_growth_year": null,
            "roe": 1.56,
            "roe_4q": 0.6200000000000001,
            "gross_profit": 306597,
            "gross_margin": 18.99,
            "gross_margin_4q_avg": 18.98,
            "net_income": 53525,
            "net_income_4q": null,
            "revenue": 1614418,
            "revenue_4q": null,
            "common_shares": 1140598,
            "book_valuer_per_share": 30.27,
            "book_valuer_per_share_4q_avg": 29.78,
            "equity": 3460353,
            "current_ratio": 168.77,
            "debt_ratio": 42.25,
            "inventory_turnover_ratio": 1.68,
            "account_receivable_turnover_ratio": 1.95,
            "reinvestment_rate": null,
            "research_to_sale_ratio": 10.22,
            "price_fair": 56.2,
            "eps_avg_yearly": 1.61,
            "eps_latest_yearly": 1.84,
            "eps_growth_yearly": 673.92
        },
        "20183": {
            "year_quarter": 20183,
            "year": 2018,
            "quarter": 3,
            "eps": 1.01,
            "eps_growth_year": null,
            "eps_4q": 1.51,
            "eps_4q_growth_year": null,
            "roe": 3.31,
            "roe_4q": 5.05,
            "gross_profit": 427407,
            "gross_margin": 20.73,
            "gross_margin_4q_avg": 19.76,
            "net_income": 115411,
            "net_income_4q": null,
            "revenue": 2061448,
            "revenue_4q": null,
            "common_shares": 1140598,
            "book_valuer_per_share": 30.68,
            "book_valuer_per_share_4q_avg": 30.07,
            "equity": 3507597,
            "current_ratio": 159.78,
            "debt_ratio": 44.71,
            "inventory_turnover_ratio": 1.92,
            "account_receivable_turnover_ratio": 2.01,
            "reinvestment_rate": -891.17,
            "research_to_sale_ratio": 8.95,
            "price_fair": 65.6,
            "eps_avg_yearly": 1.87,
            "eps_latest_yearly": 4.04,
            "eps_growth_yearly": 689.18
        },
        "20184": {
            "year_quarter": 20184,
            "year": 2018,
            "quarter": 4,
            "eps": 0.06,
            "eps_growth_year": 60668.75,
            "eps_4q": 1.57,
            "eps_4q_growth_year": null,
            "roe": 0.2,
            "roe_4q": 5.19,
            "gross_profit": 275065,
            "gross_margin": 19.73,
            "gross_margin_4q_avg": 20.02,
            "net_income": 7045,
            "net_income_4q": null,
            "revenue": 1394052,
            "revenue_4q": null,
            "common_shares": 1140598,
            "book_valuer_per_share": 30.89,
            "book_valuer_per_share_4q_avg": 30.41,
            "equity": 3531170,
            "current_ratio": 173.47,
            "debt_ratio": 38.07,
            "inventory_turnover_ratio": 1.26,
            "account_receivable_turnover_ratio": 1.37,
            "reinvestment_rate": null,
            "research_to_sale_ratio": 12.4,
            "price_fair": 53.2,
            "eps_avg_yearly": 1.52,
            "eps_latest_yearly": 0.24,
            "eps_growth_yearly": 620.61
        },
        "20191": {
            "year_quarter": 20191,
            "year": 2019,
            "quarter": 1,
            "eps": 0.05,
            "eps_growth_year": 25,
            "eps_4q": 1.58,
            "eps_4q_growth_year": null,
            "roe": 0.13,
            "roe_4q": 5.2,
            "gross_profit": 232415,
            "gross_margin": 18.5,
            "gross_margin_4q_avg": 19.49,
            "net_income": 4763,
            "net_income_4q": null,
            "revenue": 1256336,
            "revenue_4q": null,
            "common_shares": 1140598,
            "book_valuer_per_share": 31.27,
            "book_valuer_per_share_4q_avg": 30.78,
            "equity": 3574922,
            "current_ratio": 173.96,
            "debt_ratio": 41.38,
            "inventory_turnover_ratio": 1.21,
            "account_receivable_turnover_ratio": 1.61,
            "reinvestment_rate": null,
            "research_to_sale_ratio": 11.58,
            "price_fair": 51,
            "eps_avg_yearly": 1.46,
            "eps_latest_yearly": 0.2,
            "eps_growth_yearly": 654.79
        },
        "20192": {
            "year_quarter": 20192,
            "year": 2019,
            "quarter": 2,
            "eps": 0.28,
            "eps_growth_year": -39.13,
            "eps_4q": 1.4,
            "eps_4q_growth_year": 748.72,
            "roe": 0.93,
            "roe_4q": 4.57,
            "gross_profit": 268597,
            "gross_margin": 22.77,
            "gross_margin_4q_avg": 20.43,
            "net_income": 32963,
            "net_income_4q": null,
            "revenue": 1179394,
            "revenue_4q": null,
            "common_shares": 1140598,
            "book_valuer_per_share": 30.89,
            "book_valuer_per_share_4q_avg": 30.93,
            "equity": 3531976,
            "current_ratio": 153.38,
            "debt_ratio": 43.76,
            "inventory_turnover_ratio": 1.2,
            "account_receivable_turnover_ratio": 1.41,
            "reinvestment_rate": null,
            "research_to_sale_ratio": 13.9,
            "price_fair": 50.4,
            "eps_avg_yearly": 1.44,
            "eps_latest_yearly": 1.12,
            "eps_growth_yearly": 864.07
        },
        "20193": {
            "year_quarter": 20193,
            "year": 2019,
            "quarter": 3,
            "eps": 0.12,
            "eps_growth_year": -88.12,
            "eps_4q": 0.51,
            "eps_4q_growth_year": -66.21,
            "roe": 0.43,
            "roe_4q": 1.6900000000000002,
            "gross_profit": 285911,
            "gross_margin": 23.66,
            "gross_margin_4q_avg": 21.17,
            "net_income": 15266,
            "net_income_4q": null,
            "revenue": 1208440,
            "revenue_4q": null,
            "common_shares": 1140598,
            "book_valuer_per_share": 30.66,
            "book_valuer_per_share_4q_avg": 30.93,
            "equity": 3506320,
            "current_ratio": 137.61,
            "debt_ratio": 46.59,
            "inventory_turnover_ratio": 1.3,
            "account_receivable_turnover_ratio": 1.19,
            "reinvestment_rate": null,
            "research_to_sale_ratio": 14,
            "price_fair": 42.8,
            "eps_avg_yearly": 1.22,
            "eps_latest_yearly": 0.48,
            "eps_growth_yearly": 796.4
        },
        "20194": {
            "year_quarter": 20194,
            "year": 2019,
            "quarter": 4,
            "eps": -0.41,
            "eps_growth_year": -808.58,
            "eps_4q": 0.04,
            "eps_4q_growth_year": -97.46,
            "roe": -1.38,
            "roe_4q": 0.1100000000000001,
            "gross_profit": 242248,
            "gross_margin": 20.6,
            "gross_margin_4q_avg": 21.38,
            "net_income": -47632,
            "net_income_4q": null,
            "revenue": 1175731,
            "revenue_4q": null,
            "common_shares": 1140598,
            "book_valuer_per_share": 29.84,
            "book_valuer_per_share_4q_avg": 30.67,
            "equity": 3412817,
            "current_ratio": 140.37,
            "debt_ratio": 44.81,
            "inventory_turnover_ratio": 1.44,
            "account_receivable_turnover_ratio": 1.17,
            "reinvestment_rate": null,
            "research_to_sale_ratio": 14.47,
            "price_fair": 46.2,
            "eps_avg_yearly": 1.32,
            "eps_latest_yearly": 0.48,
            "eps_growth_yearly": 974.46
        },
        "20201": {
            "year_quarter": 20201,
            "year": 2020,
            "quarter": 1,
            "eps": -0.75,
            "eps_growth_year": -1600,
            "eps_4q": -0.75,
            "eps_4q_growth_year": -147.62,
            "roe": -2.53,
            "roe_4q": -2.5499999999999994,
            "gross_profit": 110845,
            "gross_margin": 15.9,
            "gross_margin_4q_avg": 20.73,
            "net_income": -85286,
            "net_income_4q": null,
            "revenue": 696937,
            "revenue_4q": null,
            "common_shares": 1140598,
            "book_valuer_per_share": 29.04,
            "book_valuer_per_share_4q_avg": 30.11,
            "equity": 3321175,
            "current_ratio": 139.36,
            "debt_ratio": 43.75,
            "inventory_turnover_ratio": 0.94,
            "account_receivable_turnover_ratio": 0.89,
            "reinvestment_rate": null,
            "research_to_sale_ratio": 19.67,
            "price_fair": 46.2,
            "eps_avg_yearly": 1.32,
            "eps_latest_yearly": 0.48,
            "eps_growth_yearly": 974.46
        },
        "20202": {
            "year_quarter": 20202,
            "year": 2020,
            "quarter": 2,
            "eps": -0.31,
            "eps_growth_year": -210.71,
            "eps_4q": -1.35,
            "eps_4q_growth_year": -196.7,
            "roe": -1.1,
            "roe_4q": -4.58,
            "gross_profit": 202723,
            "gross_margin": 19.08,
            "gross_margin_4q_avg": 19.81,
            "net_income": -36049,
            "net_income_4q": null,
            "revenue": 1062267,
            "revenue_4q": null,
            "common_shares": 1140598,
            "book_valuer_per_share": 28.43,
            "book_valuer_per_share_4q_avg": 29.49,
            "equity": 3251451,
            "current_ratio": 144.29,
            "debt_ratio": 48.29,
            "inventory_turnover_ratio": 1.36,
            "account_receivable_turnover_ratio": 1.37,
            "reinvestment_rate": null,
            "research_to_sale_ratio": 14.6,
            "price_fair": 46.2,
            "eps_avg_yearly": 1.32,
            "eps_latest_yearly": 0.48,
            "eps_growth_yearly": 974.46
        },
        "20203": {
            "year_quarter": 20203,
            "year": 2020,
            "quarter": 3,
            "eps": -0.42,
            "eps_growth_year": -450,
            "eps_4q": -1.9,
            "eps_4q_growth_year": -470.86,
            "roe": -1.49,
            "roe_4q": -6.499999999999999,
            "gross_profit": 196807,
            "gross_margin": 17.9,
            "gross_margin_4q_avg": 18.37,
            "net_income": -48384,
            "net_income_4q": null,
            "revenue": 1099430,
            "revenue_4q": null,
            "common_shares": 1140598,
            "book_valuer_per_share": 28.2,
            "book_valuer_per_share_4q_avg": 28.88,
            "equity": 3225738,
            "current_ratio": 167.09,
            "debt_ratio": 45.17,
            "inventory_turnover_ratio": 1.6,
            "account_receivable_turnover_ratio": 1.24,
            "reinvestment_rate": null,
            "research_to_sale_ratio": 14.8,
            "price_fair": 46.2,
            "eps_avg_yearly": 1.32,
            "eps_latest_yearly": 0.48,
            "eps_growth_yearly": 974.46
        },
        "20204": {
            "year_quarter": 20204,
            "year": 2020,
            "quarter": 4,
            "eps": -0.58,
            "eps_growth_year": null,
            "eps_4q": -2.07,
            "eps_4q_growth_year": -5278.29,
            "roe": -2.08,
            "roe_4q": -7.199999999999999,
            "gross_profit": 201005,
            "gross_margin": 19.2,
            "gross_margin_4q_avg": 18.02,
            "net_income": -66497,
            "net_income_4q": null,
            "revenue": 1046948,
            "revenue_4q": null,
            "common_shares": 1140598,
            "book_valuer_per_share": 27.82,
            "book_valuer_per_share_4q_avg": 28.37,
            "equity": 3181762,
            "current_ratio": 186.33,
            "debt_ratio": 42.32,
            "inventory_turnover_ratio": 1.65,
            "account_receivable_turnover_ratio": 1.52,
            "reinvestment_rate": null,
            "research_to_sale_ratio": 15.3,
            "price_fair": 46.2,
            "eps_avg_yearly": 1.32,
            "eps_latest_yearly": 0.48,
            "eps_growth_yearly": 974.46
        },
        "20211": {
            "year_quarter": 20211,
            "year": 2021,
            "quarter": 1,
            "eps": -0.28,
            "eps_growth_year": null,
            "eps_4q": -1.6,
            "eps_4q_growth_year": null,
            "roe": -1.04,
            "roe_4q": -5.710000000000001,
            "gross_profit": 140594,
            "gross_margin": 13.59,
            "gross_margin_4q_avg": 17.44,
            "net_income": -32923,
            "net_income_4q": null,
            "revenue": 1034516,
            "revenue_4q": null,
            "common_shares": 1140598,
            "book_valuer_per_share": 27.47,
            "book_valuer_per_share_4q_avg": 27.98,
            "equity": 3141430,
            "current_ratio": 180.63,
            "debt_ratio": 43.08,
            "inventory_turnover_ratio": 1.65,
            "account_receivable_turnover_ratio": 1.62,
            "reinvestment_rate": null,
            "research_to_sale_ratio": 8.94,
            "price_fair": 46.2,
            "eps_avg_yearly": 1.32,
            "eps_latest_yearly": 0.48,
            "eps_growth_yearly": 974.46
        },
        "20212": {
            "year_quarter": 20212,
            "year": 2021,
            "quarter": 2,
            "eps": 0.11,
            "eps_growth_year": null,
            "eps_4q": -1.18,
            "eps_4q_growth_year": null,
            "roe": 0.41,
            "roe_4q": -4.2,
            "gross_profit": 201642,
            "gross_margin": 18.37,
            "gross_margin_4q_avg": 17.27,
            "net_income": 12773,
            "net_income_4q": null,
            "revenue": 1097900,
            "revenue_4q": null,
            "common_shares": 1140598,
            "book_valuer_per_share": 27.4,
            "book_valuer_per_share_4q_avg": 27.72,
            "equity": 3133032,
            "current_ratio": 154.65,
            "debt_ratio": 44.18,
            "inventory_turnover_ratio": 1.37,
            "account_receivable_turnover_ratio": 1.54,
            "reinvestment_rate": null,
            "research_to_sale_ratio": 9.07,
            "price_fair": 46.2,
            "eps_avg_yearly": 1.32,
            "eps_latest_yearly": 0.48,
            "eps_growth_yearly": 974.46
        },
        "20213": {
            "year_quarter": 20213,
            "year": 2021,
            "quarter": 3,
            "eps": 0.3,
            "eps_growth_year": null,
            "eps_4q": -0.45,
            "eps_4q_growth_year": null,
            "roe": 1.09,
            "roe_4q": -1.62,
            "gross_profit": 231562,
            "gross_margin": 20.27,
            "gross_margin_4q_avg": 17.86,
            "net_income": 34385,
            "net_income_4q": null,
            "revenue": 1142424,
            "revenue_4q": null,
            "common_shares": 1140598,
            "book_valuer_per_share": 27.66,
            "book_valuer_per_share_4q_avg": 27.59,
            "equity": 3162703,
            "current_ratio": 154.17,
            "debt_ratio": 44.86,
            "inventory_turnover_ratio": 1.15,
            "account_receivable_turnover_ratio": 1.5,
            "reinvestment_rate": null,
            "research_to_sale_ratio": 8.7,
            "price_fair": 45.6,
            "eps_avg_yearly": 1.3,
            "eps_latest_yearly": 1.2,
            "eps_growth_yearly": 933.96
        },
        "20214": {
            "year_quarter": 20214,
            "year": 2021,
            "quarter": 4,
            "eps": 0.1,
            "eps_growth_year": null,
            "eps_4q": 0.23,
            "eps_4q_growth_year": null,
            "roe": 0.4,
            "roe_4q": 0.8600000000000001,
            "gross_profit": 211472,
            "gross_margin": 16.42,
            "gross_margin_4q_avg": 17.16,
            "net_income": 12739,
            "net_income_4q": null,
            "revenue": 1287826,
            "revenue_4q": null,
            "common_shares": 1140598,
            "book_valuer_per_share": 27.83,
            "book_valuer_per_share_4q_avg": 27.59,
            "equity": 3183835,
            "current_ratio": 205.55,
            "debt_ratio": 46.4,
            "inventory_turnover_ratio": 1.23,
            "account_receivable_turnover_ratio": 1.56,
            "reinvestment_rate": null,
            "research_to_sale_ratio": 8.98,
            "price_fair": 41.65,
            "eps_avg_yearly": 1.19,
            "eps_latest_yearly": 0.4,
            "eps_growth_yearly": 783.88
        },
        "20221": {
            "year_quarter": 20221,
            "year": 2022,
            "quarter": 1,
            "eps": 0.19,
            "eps_growth_year": null,
            "eps_4q": 0.71,
            "eps_4q_growth_year": null,
            "roe": 0.72,
            "roe_4q": 2.62,
            "gross_profit": 219530,
            "gross_margin": 18.26,
            "gross_margin_4q_avg": 18.33,
            "net_income": 23370,
            "net_income_4q": null,
            "revenue": 1201967,
            "revenue_4q": null,
            "common_shares": 1140598,
            "book_valuer_per_share": 28.56,
            "book_valuer_per_share_4q_avg": 27.86,
            "equity": 3268039,
            "current_ratio": 195.47,
            "debt_ratio": 46.61,
            "inventory_turnover_ratio": 1.1,
            "account_receivable_turnover_ratio": 1.22,
            "reinvestment_rate": null,
            "research_to_sale_ratio": 9.52,
            "price_fair": 39.98,
            "eps_avg_yearly": 1.14,
            "eps_latest_yearly": 0.76,
            "eps_growth_yearly": 736.78
        },
        "20222": {
            "year_quarter": 20222,
            "year": 2022,
            "quarter": 2,
            "eps": 0.43,
            "eps_growth_year": 290.91,
            "eps_4q": 1.02,
            "eps_4q_growth_year": null,
            "roe": 1.48,
            "roe_4q": 3.6900000000000004,
            "gross_profit": 252874,
            "gross_margin": 20.09,
            "gross_margin_4q_avg": 18.76,
            "net_income": 48485,
            "net_income_4q": null,
            "revenue": 1258698,
            "revenue_4q": null,
            "common_shares": 1140598,
            "book_valuer_per_share": 28.89,
            "book_valuer_per_share_4q_avg": 28.24,
            "equity": 3305029,
            "current_ratio": 180.89,
            "debt_ratio": 47.19,
            "inventory_turnover_ratio": 1.06,
            "account_receivable_turnover_ratio": 1.1,
            "reinvestment_rate": null,
            "research_to_sale_ratio": 9.39,
            "price_fair": 39.51,
            "eps_avg_yearly": 1.13,
            "eps_latest_yearly": 1.72,
            "eps_growth_yearly": 326.25
        },
        "20223": {
            "year_quarter": 20223,
            "year": 2022,
            "quarter": 3,
            "eps": 0.57,
            "eps_growth_year": 90,
            "eps_4q": 1.29,
            "eps_4q_growth_year": null,
            "roe": 1.95,
            "roe_4q": 4.55,
            "gross_profit": 234134,
            "gross_margin": 17.49,
            "gross_margin_4q_avg": 18.07,
            "net_income": 65640,
            "net_income_4q": null,
            "revenue": 1338894,
            "revenue_4q": null,
            "common_shares": 1140598,
            "book_valuer_per_share": 29.84,
            "book_valuer_per_share_4q_avg": 28.78,
            "equity": 3413914,
            "current_ratio": 186.16,
            "debt_ratio": 44.65,
            "inventory_turnover_ratio": 1.21,
            "account_receivable_turnover_ratio": 1.07,
            "reinvestment_rate": null,
            "research_to_sale_ratio": 8.43,
            "price_fair": 32.67,
            "eps_avg_yearly": 0.93,
            "eps_latest_yearly": 2.28,
            "eps_growth_yearly": 287.58
        },
        "20224": {
            "year_quarter": 20224,
            "year": 2022,
            "quarter": 4,
            "eps": -0.62,
            "eps_growth_year": -716.08,
            "eps_4q": 0.57,
            "eps_4q_growth_year": 145.25,
            "roe": -2.11,
            "roe_4q": 2.04,
            "gross_profit": 102735,
            "gross_margin": 11.62,
            "gross_margin_4q_avg": 16.87,
            "net_income": -71124,
            "net_income_4q": null,
            "revenue": 883944,
            "revenue_4q": null,
            "common_shares": 1140598,
            "book_valuer_per_share": 28.95,
            "book_valuer_per_share_4q_avg": 29.06,
            "equity": 3312447,
            "current_ratio": 196.34,
            "debt_ratio": 40.49,
            "inventory_turnover_ratio": 1.03,
            "account_receivable_turnover_ratio": 0.9,
            "reinvestment_rate": null,
            "research_to_sale_ratio": 10.87,
            "price_fair": 35.7,
            "eps_avg_yearly": 1.02,
            "eps_latest_yearly": 2.28,
            "eps_growth_yearly": 370.56
        },
        "20231": {
            "year_quarter": 20231,
            "year": 2023,
            "quarter": 1,
            "eps": -0.75,
            "eps_growth_year": -494.74,
            "eps_4q": -0.37,
            "eps_4q_growth_year": -152.94,
            "roe": -2.62,
            "roe_4q": -1.3000000000000003,
            "gross_profit": 67406,
            "gross_margin": 9.24,
            "gross_margin_4q_avg": 14.61,
            "net_income": -85619,
            "net_income_4q": null,
            "revenue": 729592,
            "revenue_4q": null,
            "common_shares": 1140598,
            "book_valuer_per_share": 28.22,
            "book_valuer_per_share_4q_avg": 28.98,
            "equity": 3228960,
            "current_ratio": 195.27,
            "debt_ratio": 37.82,
            "inventory_turnover_ratio": 1,
            "account_receivable_turnover_ratio": 1.23,
            "reinvestment_rate": null,
            "research_to_sale_ratio": 10.06,
            "price_fair": 39.8,
            "eps_avg_yearly": 1.14,
            "eps_latest_yearly": 2.28,
            "eps_growth_yearly": 433.02
        },
        "20232": {
            "year_quarter": 20232,
            "year": 2023,
            "quarter": 2,
            "eps": -0.59,
            "eps_growth_year": -237.21,
            "eps_4q": -1.39,
            "eps_4q_growth_year": -235.95,
            "roe": -2.11,
            "roe_4q": -4.89,
            "gross_profit": 88871,
            "gross_margin": 10.88,
            "gross_margin_4q_avg": 12.31,
            "net_income": -67258,
            "net_income_4q": null,
            "revenue": 817141,
            "revenue_4q": null,
            "common_shares": 1140598,
            "book_valuer_per_share": 27.4,
            "book_valuer_per_share_4q_avg": 28.6,
            "equity": 3135618,
            "current_ratio": 180.09,
            "debt_ratio": 37.62,
            "inventory_turnover_ratio": 1.26,
            "account_receivable_turnover_ratio": 1.46,
            "reinvestment_rate": null,
            "research_to_sale_ratio": 11.94,
            "price_fair": 39.9,
            "eps_avg_yearly": 1.14,
            "eps_latest_yearly": 2.28,
            "eps_growth_yearly": 198.53
        },
        "20233": {
            "year_quarter": 20233,
            "year": 2023,
            "quarter": 3,
            "eps": -0.59,
            "eps_growth_year": -203.51,
            "eps_4q": -2.55,
            "eps_4q_growth_year": -297.86,
            "roe": -2.17,
            "roe_4q": -9.01,
            "gross_profit": 70445,
            "gross_margin": 9.44,
            "gross_margin_4q_avg": 10.3,
            "net_income": -67793,
            "net_income_4q": null,
            "revenue": 746587,
            "revenue_4q": null,
            "common_shares": 1140598,
            "book_valuer_per_share": 27.35,
            "book_valuer_per_share_4q_avg": 27.98,
            "equity": 3120470,
            "current_ratio": 172.63,
            "debt_ratio": 36.82,
            "inventory_turnover_ratio": 1.31,
            "account_receivable_turnover_ratio": 1.31,
            "reinvestment_rate": null,
            "research_to_sale_ratio": 11.96,
            "price_fair": 44.52,
            "eps_avg_yearly": 1.27,
            "eps_latest_yearly": 2.28,
            "eps_growth_yearly": 283.95
        },
        "20234": {
            "year_quarter": 20234,
            "year": 2023,
            "quarter": 4,
            "eps": -0.59,
            "eps_growth_year": null,
            "eps_4q": -2.52,
            "eps_4q_growth_year": -544.39,
            "roe": -2.19,
            "roe_4q": -9.09,
            "gross_profit": 89900,
            "gross_margin": 12.54,
            "gross_margin_4q_avg": 10.53,
            "net_income": -67077,
            "net_income_4q": null,
            "revenue": 717049,
            "revenue_4q": null,
            "common_shares": 1140598,
            "book_valuer_per_share": 26.26,
            "book_valuer_per_share_4q_avg": 27.31,
            "equity": 2996082,
            "current_ratio": 173.57,
            "debt_ratio": 36.48,
            "inventory_turnover_ratio": 1.31,
            "account_receivable_turnover_ratio": 1.37,
            "reinvestment_rate": null,
            "research_to_sale_ratio": 11.96,
            "price_fair": 44.52,
            "eps_avg_yearly": 1.27,
            "eps_latest_yearly": 2.28,
            "eps_growth_yearly": 283.95
        }
    },
    "months": {
        "2005-11": {
            "month": "2005-11",
            "price": "41.18",
            "revenue": 483732
        },
        "2005-12": {
            "month": "2005-12",
            "price": "49.75",
            "revenue": 379347
        },
        "2006-01": {
            "month": "2006-01",
            "price": "43.09",
            "revenue": 226908
        },
        "2006-02": {
            "month": "2006-02",
            "price": "46.05",
            "revenue": 276209
        },
        "2006-03": {
            "month": "2006-03",
            "price": "47.68",
            "revenue": 351116
        },
        "2006-04": {
            "month": "2006-04",
            "price": "54.58",
            "revenue": 320627
        },
        "2006-05": {
            "month": "2006-05",
            "price": "56.82",
            "revenue": 589982
        },
        "2006-06": {
            "month": "2006-06",
            "price": "49.34",
            "revenue": 513526
        },
        "2006-07": {
            "month": "2006-07",
            "price": "46.91",
            "revenue": 690692
        },
        "2006-08": {
            "month": "2006-08",
            "price": "44.22",
            "revenue": 792464
        },
        "2006-09": {
            "month": "2006-09",
            "price": "45.07",
            "revenue": 606652
        },
        "2006-10": {
            "month": "2006-10",
            "price": "45.01",
            "revenue": 774779
        },
        "2006-11": {
            "month": "2006-11",
            "price": "58.33",
            "revenue": 656254
        },
        "2006-12": {
            "month": "2006-12",
            "price": "63.39",
            "revenue": 373247
        },
        "2007-01": {
            "month": "2007-01",
            "price": "74.12",
            "revenue": 646239
        },
        "2007-02": {
            "month": "2007-02",
            "price": "68.27",
            "revenue": 334388
        },
        "2007-03": {
            "month": "2007-03",
            "price": "65.72",
            "revenue": 539758
        },
        "2007-04": {
            "month": "2007-04",
            "price": "73.96",
            "revenue": 501260
        },
        "2007-05": {
            "month": "2007-05",
            "price": "72.09",
            "revenue": 795786
        },
        "2007-06": {
            "month": "2007-06",
            "price": "85.06",
            "revenue": 837458
        },
        "2007-07": {
            "month": "2007-07",
            "price": "85.67",
            "revenue": 1037147
        },
        "2007-08": {
            "month": "2007-08",
            "price": "77.22",
            "revenue": 782739
        },
        "2007-09": {
            "month": "2007-09",
            "price": "66.33",
            "revenue": 528649
        },
        "2007-10": {
            "month": "2007-10",
            "price": "57.70",
            "revenue": 369706
        },
        "2007-11": {
            "month": "2007-11",
            "price": "38.72",
            "revenue": 378177
        },
        "2007-12": {
            "month": "2007-12",
            "price": "35.72",
            "revenue": 444602
        },
        "2008-01": {
            "month": "2008-01",
            "price": "33.48",
            "revenue": 446121
        },
        "2008-02": {
            "month": "2008-02",
            "price": "33.28",
            "revenue": 391103
        },
        "2008-03": {
            "month": "2008-03",
            "price": "38.34",
            "revenue": 478728
        },
        "2008-04": {
            "month": "2008-04",
            "price": "42.98",
            "revenue": 689245
        },
        "2008-05": {
            "month": "2008-05",
            "price": "53.18",
            "revenue": 683624
        },
        "2008-06": {
            "month": "2008-06",
            "price": "48.33",
            "revenue": 590848
        },
        "2008-07": {
            "month": "2008-07",
            "price": "45.28",
            "revenue": 771902
        },
        "2008-08": {
            "month": "2008-08",
            "price": "54.25",
            "revenue": 739769
        },
        "2008-09": {
            "month": "2008-09",
            "price": "44.00",
            "revenue": 629847
        },
        "2008-10": {
            "month": "2008-10",
            "price": "41.42",
            "revenue": 674929
        },
        "2008-11": {
            "month": "2008-11",
            "price": "40.43",
            "revenue": 508637
        },
        "2008-12": {
            "month": "2008-12",
            "price": "37.37",
            "revenue": 415712
        },
        "2009-01": {
            "month": "2009-01",
            "price": "40.69",
            "revenue": 437211
        },
        "2009-02": {
            "month": "2009-02",
            "price": "44.68",
            "revenue": 418619
        },
        "2009-03": {
            "month": "2009-03",
            "price": "50.44",
            "revenue": 496099
        },
        "2009-04": {
            "month": "2009-04",
            "price": "66.57",
            "revenue": 509868
        },
        "2009-05": {
            "month": "2009-05",
            "price": "100.12",
            "revenue": 476907
        },
        "2009-06": {
            "month": "2009-06",
            "price": "145.57",
            "revenue": 540659
        },
        "2009-07": {
            "month": "2009-07",
            "price": "179.59",
            "revenue": 405989
        },
        "2009-08": {
            "month": "2009-08",
            "price": "146.42",
            "revenue": 506364
        },
        "2009-09": {
            "month": "2009-09",
            "price": "151.11",
            "revenue": 510746
        },
        "2009-10": {
            "month": "2009-10",
            "price": "154.66",
            "revenue": 373164
        },
        "2009-11": {
            "month": "2009-11",
            "price": "153.76",
            "revenue": 502286
        },
        "2009-12": {
            "month": "2009-12",
            "price": "216.41",
            "revenue": 416857
        },
        "2010-01": {
            "month": "2010-01",
            "price": "277.88",
            "revenue": 395871
        },
        "2010-02": {
            "month": "2010-02",
            "price": "230.43",
            "revenue": 363059
        },
        "2010-03": {
            "month": "2010-03",
            "price": "243.39",
            "revenue": 817386
        },
        "2010-04": {
            "month": "2010-04",
            "price": "261.05",
            "revenue": 565424
        },
        "2010-05": {
            "month": "2010-05",
            "price": "264.67",
            "revenue": 665028
        },
        "2010-06": {
            "month": "2010-06",
            "price": "233.83",
            "revenue": 739428
        },
        "2010-07": {
            "month": "2010-07",
            "price": "242.05",
            "revenue": 826057
        },
        "2010-08": {
            "month": "2010-08",
            "price": "222.77",
            "revenue": 754861
        },
        "2010-09": {
            "month": "2010-09",
            "price": "183.55",
            "revenue": 669064
        },
        "2010-10": {
            "month": "2010-10",
            "price": "159.12",
            "revenue": 568801
        },
        "2010-11": {
            "month": "2010-11",
            "price": "144.86",
            "revenue": 590267
        },
        "2010-12": {
            "month": "2010-12",
            "price": "175.02",
            "revenue": 526623
        },
        "2011-01": {
            "month": "2011-01",
            "price": "175.82",
            "revenue": 581398
        },
        "2011-02": {
            "month": "2011-02",
            "price": "149.14",
            "revenue": 480647
        },
        "2011-03": {
            "month": "2011-03",
            "price": "127.80",
            "revenue": 600936
        },
        "2011-04": {
            "month": "2011-04",
            "price": "132.97",
            "revenue": 520039
        },
        "2011-05": {
            "month": "2011-05",
            "price": "158.83",
            "revenue": 607088
        },
        "2011-06": {
            "month": "2011-06",
            "price": "142.02",
            "revenue": 747325
        },
        "2011-07": {
            "month": "2011-07",
            "price": "123.33",
            "revenue": 593236
        },
        "2011-08": {
            "month": "2011-08",
            "price": "108.33",
            "revenue": 711852
        },
        "2011-09": {
            "month": "2011-09",
            "price": "99.04",
            "revenue": 579515
        },
        "2011-10": {
            "month": "2011-10",
            "price": "88.20",
            "revenue": 516041
        },
        "2011-11": {
            "month": "2011-11",
            "price": "79.23",
            "revenue": 557249
        },
        "2011-12": {
            "month": "2011-12",
            "price": "62.13",
            "revenue": 536790
        },
        "2012-01": {
            "month": "2012-01",
            "price": "67.99",
            "revenue": 452033
        },
        "2012-02": {
            "month": "2012-02",
            "price": "91.32",
            "revenue": 463355
        },
        "2012-03": {
            "month": "2012-03",
            "price": "127.15",
            "revenue": 513651
        },
        "2012-04": {
            "month": "2012-04",
            "price": "108.16",
            "revenue": 598850
        },
        "2012-05": {
            "month": "2012-05",
            "price": "102.96",
            "revenue": 565164
        },
        "2012-06": {
            "month": "2012-06",
            "price": "104.19",
            "revenue": 593149
        },
        "2012-07": {
            "month": "2012-07",
            "price": "101.34",
            "revenue": 543069
        },
        "2012-08": {
            "month": "2012-08",
            "price": "100.72",
            "revenue": 628975
        },
        "2012-09": {
            "month": "2012-09",
            "price": "89.78",
            "revenue": 596088
        },
        "2012-10": {
            "month": "2012-10",
            "price": "76.90",
            "revenue": 603805
        },
        "2012-11": {
            "month": "2012-11",
            "price": "70.95",
            "revenue": 613800
        },
        "2012-12": {
            "month": "2012-12",
            "price": "80.20",
            "revenue": 609018
        },
        "2013-01": {
            "month": "2013-01",
            "price": "78.00",
            "revenue": 554646
        },
        "2013-02": {
            "month": "2013-02",
            "price": "73.88",
            "revenue": 317586
        },
        "2013-03": {
            "month": "2013-03",
            "price": "71.69",
            "revenue": 410998
        },
        "2013-04": {
            "month": "2013-04",
            "price": "74.99",
            "revenue": 512590
        },
        "2013-05": {
            "month": "2013-05",
            "price": "77.73",
            "revenue": 466037
        },
        "2013-06": {
            "month": "2013-06",
            "price": "82.24",
            "revenue": 448788
        },
        "2013-07": {
            "month": "2013-07",
            "price": "72.72",
            "revenue": 385498
        },
        "2013-08": {
            "month": "2013-08",
            "price": "67.74",
            "revenue": 479146
        },
        "2013-09": {
            "month": "2013-09",
            "price": "67.53",
            "revenue": 530714
        },
        "2013-10": {
            "month": "2013-10",
            "price": "62.81",
            "revenue": 375993
        },
        "2013-11": {
            "month": "2013-11",
            "price": "55.00",
            "revenue": 326952
        },
        "2013-12": {
            "month": "2013-12",
            "price": "57.28",
            "revenue": 449993
        },
        "2014-01": {
            "month": "2014-01",
            "price": "60.85",
            "revenue": 431127
        },
        "2014-02": {
            "month": "2014-02",
            "price": "58.84",
            "revenue": 376046
        },
        "2014-03": {
            "month": "2014-03",
            "price": "62.28",
            "revenue": 392231
        },
        "2014-04": {
            "month": "2014-04",
            "price": "62.69",
            "revenue": 360168
        },
        "2014-05": {
            "month": "2014-05",
            "price": "59.88",
            "revenue": 420650
        },
        "2014-06": {
            "month": "2014-06",
            "price": "64.98",
            "revenue": 476780
        },
        "2014-07": {
            "month": "2014-07",
            "price": "68.08",
            "revenue": 448855
        },
        "2014-08": {
            "month": "2014-08",
            "price": "56.89",
            "revenue": 331233
        },
        "2014-09": {
            "month": "2014-09",
            "price": "58.33",
            "revenue": 399883
        },
        "2014-10": {
            "month": "2014-10",
            "price": "53.49",
            "revenue": 343216
        },
        "2014-11": {
            "month": "2014-11",
            "price": "50.42",
            "revenue": 401402
        },
        "2014-12": {
            "month": "2014-12",
            "price": "53.36",
            "revenue": 624012
        },
        "2015-01": {
            "month": "2015-01",
            "price": "63.16",
            "revenue": 347582
        },
        "2015-02": {
            "month": "2015-02",
            "price": "63.32",
            "revenue": 275795
        },
        "2015-03": {
            "month": "2015-03",
            "price": "63.12",
            "revenue": 427284
        },
        "2015-04": {
            "month": "2015-04",
            "price": "62.78",
            "revenue": 358604
        },
        "2015-05": {
            "month": "2015-05",
            "price": "53.08",
            "revenue": 336439
        },
        "2015-06": {
            "month": "2015-06",
            "price": "43.46",
            "revenue": 413207
        },
        "2015-07": {
            "month": "2015-07",
            "price": "35.62",
            "revenue": 341168
        },
        "2015-08": {
            "month": "2015-08",
            "price": "31.34",
            "revenue": 374204
        },
        "2015-09": {
            "month": "2015-09",
            "price": "35.02",
            "revenue": 423976
        },
        "2015-10": {
            "month": "2015-10",
            "price": "39.85",
            "revenue": 407899
        },
        "2015-11": {
            "month": "2015-11",
            "price": "38.85",
            "revenue": 381654
        },
        "2015-12": {
            "month": "2015-12",
            "price": "36.15",
            "revenue": 372677
        },
        "2016-01": {
            "month": "2016-01",
            "price": "33.17",
            "revenue": 257300
        },
        "2016-02": {
            "month": "2016-02",
            "price": "33.97",
            "revenue": 204219
        },
        "2016-03": {
            "month": "2016-03",
            "price": "36.60",
            "revenue": 495515
        },
        "2016-04": {
            "month": "2016-04",
            "price": "34.31",
            "revenue": 285294
        },
        "2016-05": {
            "month": "2016-05",
            "price": "28.02",
            "revenue": 340492
        },
        "2016-06": {
            "month": "2016-06",
            "price": "31.03",
            "revenue": 370558
        },
        "2016-07": {
            "month": "2016-07",
            "price": "32.03",
            "revenue": 341188
        },
        "2016-08": {
            "month": "2016-08",
            "price": "29.67",
            "revenue": 355636
        },
        "2016-09": {
            "month": "2016-09",
            "price": "29.11",
            "revenue": 295117
        },
        "2016-10": {
            "month": "2016-10",
            "price": "27.88",
            "revenue": 342185
        },
        "2016-11": {
            "month": "2016-11",
            "price": "25.76",
            "revenue": 370198
        },
        "2016-12": {
            "month": "2016-12",
            "price": "26.34",
            "revenue": 458084
        },
        "2017-01": {
            "month": "2017-01",
            "price": "26.81",
            "revenue": 273615
        },
        "2017-02": {
            "month": "2017-02",
            "price": "28.29",
            "revenue": 280122
        },
        "2017-03": {
            "month": "2017-03",
            "price": "35.09",
            "revenue": 294956
        },
        "2017-04": {
            "month": "2017-04",
            "price": "38.72",
            "revenue": 311792
        },
        "2017-05": {
            "month": "2017-05",
            "price": "37.40",
            "revenue": 380441
        },
        "2017-06": {
            "month": "2017-06",
            "price": "35.65",
            "revenue": 354182
        },
        "2017-07": {
            "month": "2017-07",
            "price": "35.38",
            "revenue": 331063
        },
        "2017-08": {
            "month": "2017-08",
            "price": "53.90",
            "revenue": 370788
        },
        "2017-09": {
            "month": "2017-09",
            "price": "74.80",
            "revenue": 488582
        },
        "2017-10": {
            "month": "2017-10",
            "price": "73.13",
            "revenue": 495989
        },
        "2017-11": {
            "month": "2017-11",
            "price": "57.64",
            "revenue": 418848
        },
        "2017-12": {
            "month": "2017-12",
            "price": "51.05",
            "revenue": 454634
        },
        "2018-01": {
            "month": "2018-01",
            "price": "54.31",
            "revenue": 385389
        },
        "2018-02": {
            "month": "2018-02",
            "price": "60.02",
            "revenue": 299327
        },
        "2018-03": {
            "month": "2018-03",
            "price": "61.09",
            "revenue": 507611
        },
        "2018-04": {
            "month": "2018-04",
            "price": "63.48",
            "revenue": 499807
        },
        "2018-05": {
            "month": "2018-05",
            "price": "80.55",
            "revenue": 548599
        },
        "2018-06": {
            "month": "2018-06",
            "price": "134.78",
            "revenue": 566012
        },
        "2018-07": {
            "month": "2018-07",
            "price": "114.75",
            "revenue": 766433
        },
        "2018-08": {
            "month": "2018-08",
            "price": "117.96",
            "revenue": 705038
        },
        "2018-09": {
            "month": "2018-09",
            "price": "92.86",
            "revenue": 589977
        },
        "2018-10": {
            "month": "2018-10",
            "price": "72.15",
            "revenue": 513578
        },
        "2018-11": {
            "month": "2018-11",
            "price": "73.04",
            "revenue": 466539
        },
        "2018-12": {
            "month": "2018-12",
            "price": "75.46",
            "revenue": 413935
        },
        "2019-01": {
            "month": "2019-01",
            "price": "76.60",
            "revenue": 404557
        },
        "2019-02": {
            "month": "2019-02",
            "price": "81.45",
            "revenue": 330906
        },
        "2019-03": {
            "month": "2019-03",
            "price": "99.51",
            "revenue": 520873
        },
        "2019-04": {
            "month": "2019-04",
            "price": "106.82",
            "revenue": 402475
        },
        "2019-05": {
            "month": "2019-05",
            "price": "91.51",
            "revenue": 400628
        },
        "2019-06": {
            "month": "2019-06",
            "price": "92.12",
            "revenue": 376291
        },
        "2019-07": {
            "month": "2019-07",
            "price": "96.53",
            "revenue": 373980
        },
        "2019-08": {
            "month": "2019-08",
            "price": "83.29",
            "revenue": 409336
        },
        "2019-09": {
            "month": "2019-09",
            "price": "85.55",
            "revenue": 425124
        },
        "2019-10": {
            "month": "2019-10",
            "price": "81.52",
            "revenue": 434702
        },
        "2019-11": {
            "month": "2019-11",
            "price": "77.60",
            "revenue": 343867
        },
        "2019-12": {
            "month": "2019-12",
            "price": "81.17",
            "revenue": 397162
        },
        "2020-01": {
            "month": "2020-01",
            "price": "78.11",
            "revenue": 241365
        },
        "2020-02": {
            "month": "2020-02",
            "price": "72.71",
            "revenue": 160221
        },
        "2020-03": {
            "month": "2020-03",
            "price": "54.91",
            "revenue": 295351
        },
        "2020-04": {
            "month": "2020-04",
            "price": "55.33",
            "revenue": 336900
        },
        "2020-05": {
            "month": "2020-05",
            "price": "60.80",
            "revenue": 371827
        },
        "2020-06": {
            "month": "2020-06",
            "price": "63.98",
            "revenue": 353540
        },
        "2020-07": {
            "month": "2020-07",
            "price": "66.70",
            "revenue": 338853
        },
        "2020-08": {
            "month": "2020-08",
            "price": "60.06",
            "revenue": 367574
        },
        "2020-09": {
            "month": "2020-09",
            "price": "57.96",
            "revenue": 393003
        },
        "2020-10": {
            "month": "2020-10",
            "price": "54.44",
            "revenue": 369618
        },
        "2020-11": {
            "month": "2020-11",
            "price": "57.10",
            "revenue": 319167
        },
        "2020-12": {
            "month": "2020-12",
            "price": "59.03",
            "revenue": 358163
        },
        "2021-01": {
            "month": "2021-01",
            "price": "56.76",
            "revenue": 287077
        },
        "2021-02": {
            "month": "2021-02",
            "price": "61.52",
            "revenue": 256979
        },
        "2021-03": {
            "month": "2021-03",
            "price": "72.76",
            "revenue": 490460
        },
        "2021-04": {
            "month": "2021-04",
            "price": "87.43",
            "revenue": 377244
        },
        "2021-05": {
            "month": "2021-05",
            "price": "73.12",
            "revenue": 362077
        },
        "2021-06": {
            "month": "2021-06",
            "price": "79.13",
            "revenue": 358579
        },
        "2021-07": {
            "month": "2021-07",
            "price": "84.92",
            "revenue": 380802
        },
        "2021-08": {
            "month": "2021-08",
            "price": "96.21",
            "revenue": 315157
        },
        "2021-09": {
            "month": "2021-09",
            "price": "107.66",
            "revenue": 446465
        },
        "2021-10": {
            "month": "2021-10",
            "price": "117.57",
            "revenue": 383316
        },
        "2021-11": {
            "month": "2021-11",
            "price": "132.95",
            "revenue": 453149
        },
        "2021-12": {
            "month": "2021-12",
            "price": "122.20",
            "revenue": 451361
        },
        "2022-01": {
            "month": "2022-01",
            "price": "103.76",
            "revenue": 381440
        },
        "2022-02": {
            "month": "2022-02",
            "price": "90.72",
            "revenue": 337640
        },
        "2022-03": {
            "month": "2022-03",
            "price": "79.95",
            "revenue": 482887
        },
        "2022-04": {
            "month": "2022-04",
            "price": "70.97",
            "revenue": 215750
        },
        "2022-05": {
            "month": "2022-05",
            "price": "63.22",
            "revenue": 516325
        },
        "2022-06": {
            "month": "2022-06",
            "price": "67.20",
            "revenue": 526623
        },
        "2022-07": {
            "month": "2022-07",
            "price": "87.71",
            "revenue": 493551
        },
        "2022-08": {
            "month": "2022-08",
            "price": "96.89",
            "revenue": 403435
        },
        "2022-09": {
            "month": "2022-09",
            "price": "101.84",
            "revenue": 441908
        },
        "2022-10": {
            "month": "2022-10",
            "price": "77.58",
            "revenue": 313036
        },
        "2022-11": {
            "month": "2022-11",
            "price": "88.40",
            "revenue": 269758
        },
        "2022-12": {
            "month": "2022-12",
            "price": "82.30",
            "revenue": 301150
        },
        "2023-01": {
            "month": "2023-01",
            "price": "82.54",
            "revenue": 218404
        },
        "2023-02": {
            "month": "2023-02",
            "price": "85.58",
            "revenue": 208023
        },
        "2023-03": {
            "month": "2023-03",
            "price": "86.82",
            "revenue": 303165
        },
        "2023-04": {
            "month": "2023-04",
            "price": "83.40",
            "revenue": 279406
        },
        "2023-05": {
            "month": "2023-05",
            "price": "78.61",
            "revenue": 262910
        },
        "2023-06": {
            "month": "2023-06",
            "price": "80.02",
            "revenue": 274825
        },
        "2023-07": {
            "month": "2023-07",
            "price": "74.40",
            "revenue": 225923
        },
        "2023-08": {
            "month": "2023-08",
            "price": "64.07",
            "revenue": 272500
        },
        "2023-09": {
            "month": "2023-09",
            "price": "63.82",
            "revenue": 248164
        },
        "2023-10": {
            "month": "2023-10",
            "price": "59.46",
            "revenue": 219043
        },
        "2023-11": {
            "month": "2023-11",
            "price": "62.34",
            "revenue": 227566
        },
        "2023-12": {
            "month": "2023-12",
            "price": "65.71",
            "revenue": 270440
        }
    }
}
