{
    "summary": {
        "stock_name": "位速",
        "stock_id": "3508",
        "category": "其他電子",
        "main_business": "各式塑膠日用品、電子零組件、汽車及其零件之表面處理業務。",
        "website_url": "http://www.waystech.net",
        "ceo": "廖世文",
        "pe_ratio": -18,
        "report_year_from": 2005,
        "report_year_to": 2023,
        "age": 19,
        "eps_negative_percentage": 56,
        "eps_growth_avg": {
            "last_all": -20,
            "last_2y": null,
            "last_4y": null,
            "last_8y": -100,
            "last_12y": -36.22,
            "last_16y": -20,
            "last_20y": null,
            "at_2006_last_3y": null,
            "at_2007_last_3y": null,
            "at_2008_last_3y": null,
            "at_2009_last_3y": null,
            "at_2010_last_3y": -3.78,
            "at_2011_last_3y": 16.12,
            "at_2012_last_3y": 14.96,
            "at_2013_last_3y": 13.78,
            "at_2014_last_3y": -14.96,
            "at_2015_last_3y": -72.44,
            "at_2016_last_3y": -100,
            "at_2017_last_3y": null,
            "at_2018_last_3y": -100,
            "at_2019_last_3y": -100,
            "at_2020_last_3y": -100,
            "at_2021_last_3y": -100,
            "at_2022_last_3y": null,
            "at_2023_last_3y": null,
            "at_2024_last_3y": null,
            "at_2006_last_all": null,
            "at_2007_last_all": null,
            "at_2008_last_all": -9.92,
            "at_2009_last_all": -38.37,
            "at_2010_last_all": -3.78,
            "at_2011_last_all": 16.98,
            "at_2012_last_all": 6.67,
            "at_2013_last_all": -8.57,
            "at_2014_last_all": -8.57,
            "at_2015_last_all": -8.57,
            "at_2016_last_all": -8.57,
            "at_2017_last_all": -8.57,
            "at_2018_last_all": -20,
            "at_2019_last_all": -20,
            "at_2020_last_all": -20,
            "at_2021_last_all": -20,
            "at_2022_last_all": -20,
            "at_2023_last_all": -20,
            "at_2024_last_all": -20
        },
        "latest_eps": -1.58,
        "latest_price": 28.2,
        "latest_roe": -20.2,
        "latest_gross_margin": 0.68,
        "latest_equity": 793511,
        "latest_revenue": 179096,
        "latest_gross_profit": 1218,
        "latest_net_income": -40941,
        "latest_debt_ratio": 72.89,
        "latest_current_ratio": 64.33,
        "latest_account_receivable_turnover_ratio": 0.94,
        "latest_inventory_turnover_ratio": 1.36,
        "latest_reinvestment_rate": null,
        "latest_research_to_sale_ratio": 16.94
    },
    "eps_dividends": {
        "2001": {
            "cash": 0,
            "stock": 0,
            "eps": 0
        },
        "2002": {
            "cash": 0,
            "stock": 0,
            "eps": 0
        },
        "2003": {
            "cash": 0,
            "stock": 0,
            "eps": 0
        },
        "2004": {
            "cash": 0,
            "stock": 0,
            "eps": 0
        },
        "2005": {
            "cash": 0,
            "stock": 0,
            "eps": 0
        },
        "2006": {
            "cash": 0,
            "stock": 0.6,
            "eps": 3.53
        },
        "2007": {
            "cash": 0,
            "stock": 3.82,
            "eps": 4.25
        },
        "2008": {
            "cash": 0,
            "stock": 2.5,
            "eps": 2.54
        },
        "2009": {
            "cash": 0,
            "stock": 1.5,
            "eps": 0.12
        },
        "2010": {
            "cash": 0,
            "stock": 0,
            "eps": 1.02
        },
        "2011": {
            "cash": 0.73,
            "stock": 0,
            "eps": 9.09
        },
        "2012": {
            "cash": 4.5,
            "stock": 0,
            "eps": 5.01
        },
        "2013": {
            "cash": 4,
            "stock": 0,
            "eps": -1.36
        },
        "2014": {
            "cash": 0,
            "stock": 0,
            "eps": -7.66
        },
        "2015": {
            "cash": 0,
            "stock": 0,
            "eps": -4.97
        },
        "2016": {
            "cash": 0,
            "stock": 0,
            "eps": -6.56
        },
        "2017": {
            "cash": 0,
            "stock": 0,
            "eps": 0.72
        },
        "2018": {
            "cash": 0,
            "stock": 0,
            "eps": -0.94
        },
        "2019": {
            "cash": 0,
            "stock": 0,
            "eps": -3.37
        },
        "2020": {
            "cash": 0,
            "stock": 0,
            "eps": -1.68
        },
        "2021": {
            "cash": 0,
            "stock": 0,
            "eps": -0.93
        },
        "2022": {
            "cash": 0,
            "stock": 0,
            "eps": -2.05
        },
        "2023": {
            "cash": 0,
            "stock": 0,
            "eps": -1.32
        }
    },
    "dividends": {
        "2006-07-31": {
            "cash": 0,
            "stock": 0.6
        },
        "2007-03-07": {
            "cash": 0,
            "stock": 3.82
        },
        "2008-03-27": {
            "cash": 0,
            "stock": 2.5
        },
        "2009-04-17": {
            "cash": 0,
            "stock": 1.5
        },
        "2011-04-29": {
            "cash": 0.73,
            "stock": 0
        },
        "2012-06-28": {
            "cash": 4.5,
            "stock": 0
        },
        "2013-06-25": {
            "cash": 4,
            "stock": 0
        }
    },
    "prices": {
        "200101": "無",
        "200102": "無",
        "200103": "無",
        "200104": "無",
        "200105": "無",
        "200106": "無",
        "200107": "無",
        "200108": "無",
        "200109": "無",
        "200110": "無",
        "200111": "無",
        "200112": "無",
        "200201": "無",
        "200202": "無",
        "200203": "無",
        "200204": "無",
        "200205": "無",
        "200206": "無",
        "200207": "無",
        "200208": "無",
        "200209": "無",
        "200210": "無",
        "200211": "無",
        "200212": "無",
        "200301": "無",
        "200302": "無",
        "200303": "無",
        "200304": "無",
        "200305": "無",
        "200306": "無",
        "200307": "無",
        "200308": "無",
        "200309": "無",
        "200310": "無",
        "200311": "無",
        "200312": "無",
        "200401": "無",
        "200402": "無",
        "200403": "無",
        "200404": "無",
        "200405": "無",
        "200406": "無",
        "200407": "無",
        "200408": "無",
        "200409": "無",
        "200410": "無",
        "200411": "無",
        "200412": "無",
        "200501": "無",
        "200502": "無",
        "200503": "無",
        "200504": "無",
        "200505": "無",
        "200506": "無",
        "200507": "無",
        "200508": "無",
        "200509": "無",
        "200510": "無",
        "200511": "無",
        "200512": "無",
        "200601": "無",
        "200602": "無",
        "200603": "無",
        "200604": "無",
        "200605": "無",
        "200606": "無",
        "200607": "104.15",
        "200608": "96.16",
        "200609": "112.32",
        "200610": "113.85",
        "200611": "119.91",
        "200612": "99.57",
        "200701": "110.97",
        "200702": "117.38",
        "200703": "116.88",
        "200704": "113.33",
        "200705": "114.44",
        "200706": "142.24",
        "200707": "149.73",
        "200708": "143.43",
        "200709": "135.05",
        "200710": "136.73",
        "200711": "150.18",
        "200712": "137.83",
        "200801": "135.91",
        "200802": "119.50",
        "200803": "126.14",
        "200804": "137.98",
        "200805": "181.36",
        "200806": "178.50",
        "200807": "156.41",
        "200808": "132.57",
        "200809": "106.85",
        "200810": "62.49",
        "200811": "43.73",
        "200812": "42.92",
        "200901": "42.53",
        "200902": "47.48",
        "200903": "59.20",
        "200904": "61.70",
        "200905": "57.13",
        "200906": "56.89",
        "200907": "59.63",
        "200908": "58.10",
        "200909": "58.81",
        "200910": "60.33",
        "200911": "69.50",
        "200912": "79.22",
        "201001": "80.90",
        "201002": "71.46",
        "201003": "79.70",
        "201004": "76.85",
        "201005": "61.47",
        "201006": "60.08",
        "201007": "64.95",
        "201008": "65.70",
        "201009": "62.08",
        "201010": "60.94",
        "201011": "63.84",
        "201012": "75.20",
        "201101": "61.72",
        "201102": "61.29",
        "201103": "68.19",
        "201104": "71.61",
        "201105": "75.02",
        "201106": "75.88",
        "201107": "79.24",
        "201108": "81.28",
        "201109": "81.09",
        "201110": "93.52",
        "201111": "121.50",
        "201112": "95.58",
        "201201": "88.96",
        "201202": "116.02",
        "201203": "108.90",
        "201204": "96.63",
        "201205": "85.36",
        "201206": "73.18",
        "201207": "68.17",
        "201208": "66.63",
        "201209": "75.64",
        "201210": "67.56",
        "201211": "66.60",
        "201212": "76.37",
        "201301": "79.99",
        "201302": "75.42",
        "201303": "71.61",
        "201304": "74.02",
        "201305": "70.76",
        "201306": "66.20",
        "201307": "63.82",
        "201308": "56.62",
        "201309": "51.44",
        "201310": "45.14",
        "201311": "41.42",
        "201312": "44.49",
        "201401": "44.84",
        "201402": "46.55",
        "201403": "49.16",
        "201404": "48.10",
        "201405": "45.86",
        "201406": "43.36",
        "201407": "41.43",
        "201408": "33.28",
        "201409": "33.26",
        "201410": "31.18",
        "201411": "26.66",
        "201412": "24.95",
        "201501": "29.53",
        "201502": "27.06",
        "201503": "26.76",
        "201504": "23.91",
        "201505": "18.42",
        "201506": "15.22",
        "201507": "16.72",
        "201508": "11.73",
        "201509": "10.92",
        "201510": "14.26",
        "201511": "15.39",
        "201512": "14.38",
        "201601": "12.59",
        "201602": "12.90",
        "201603": "14.10",
        "201604": "13.45",
        "201605": "12.07",
        "201606": "12.11",
        "201607": "13.33",
        "201608": "12.48",
        "201609": "13.81",
        "201610": "16.14",
        "201611": "15.75",
        "201612": "16.33",
        "201701": "15.54",
        "201702": "16.37",
        "201703": "16.22",
        "201704": "15.39",
        "201705": "15.16",
        "201706": "15.66",
        "201707": "15.27",
        "201708": "16.97",
        "201709": "22.72",
        "201710": "30.06",
        "201711": "41.24",
        "201712": "48.10",
        "201801": "52.93",
        "201802": "41.05",
        "201803": "47.10",
        "201804": "45.83",
        "201805": "51.98",
        "201806": "64.20",
        "201807": "63.34",
        "201808": "51.88",
        "201809": "42.27",
        "201810": "32.06",
        "201811": "31.53",
        "201812": "31.17",
        "201901": "30.74",
        "201902": "33.18",
        "201903": "34.52",
        "201904": "38.38",
        "201905": "33.30",
        "201906": "31.66",
        "201907": "33.25",
        "201908": "32.14",
        "201909": "32.40",
        "201910": "31.25",
        "201911": "29.26",
        "201912": "28.70",
        "202001": "27.65",
        "202002": "23.36",
        "202003": "17.15",
        "202004": "17.54",
        "202005": "19.80",
        "202006": "19.34",
        "202007": "18.79",
        "202008": "16.73",
        "202009": "18.96",
        "202010": "17.83",
        "202011": "17.79",
        "202012": "24.55",
        "202101": "23.42",
        "202102": "23.37",
        "202103": "25.09",
        "202104": "29.20",
        "202105": "22.41",
        "202106": "21.83",
        "202107": "22.50",
        "202108": "20.68",
        "202109": "20.05",
        "202110": "22.72",
        "202111": "46.83",
        "202112": "65.86",
        "202201": "55.18",
        "202202": "48.04",
        "202203": "43.51",
        "202204": "38.57",
        "202205": "33.77",
        "202206": "33.18",
        "202207": "42.21",
        "202208": "41.29",
        "202209": "35.54",
        "202210": "28.80",
        "202211": "32.35",
        "202212": "36.87",
        "202301": "36.97",
        "202302": "38.84",
        "202303": "37.26",
        "202304": "34.63",
        "202305": "32.17",
        "202306": "32.80",
        "202307": "31.91",
        "202308": "29.70",
        "202309": "30.54",
        "202310": "28.57",
        "202311": "28.93",
        "202312": "28.43"
    },
    "quarters": {
        "20011": {
            "year_quarter": 20011,
            "year": 2001,
            "quarter": 1,
            "eps": null,
            "eps_growth_year": null,
            "eps_4q": null,
            "eps_4q_growth_year": null,
            "roe": null,
            "roe_4q": 0,
            "gross_profit": null,
            "gross_margin": null,
            "gross_margin_4q_avg": 0,
            "net_income": null,
            "net_income_4q": null,
            "revenue": null,
            "revenue_4q": null,
            "common_shares": null,
            "book_valuer_per_share": null,
            "book_valuer_per_share_4q_avg": 0,
            "equity": null,
            "current_ratio": null,
            "debt_ratio": null,
            "inventory_turnover_ratio": null,
            "account_receivable_turnover_ratio": null,
            "reinvestment_rate": null,
            "research_to_sale_ratio": null,
            "price_fair": 0,
            "eps_avg_yearly": 0,
            "eps_latest_yearly": 0,
            "eps_growth_yearly": 0
        },
        "20012": {
            "year_quarter": 20012,
            "year": 2001,
            "quarter": 2,
            "eps": null,
            "eps_growth_year": null,
            "eps_4q": null,
            "eps_4q_growth_year": null,
            "roe": null,
            "roe_4q": 0,
            "gross_profit": null,
            "gross_margin": null,
            "gross_margin_4q_avg": 0,
            "net_income": null,
            "net_income_4q": null,
            "revenue": null,
            "revenue_4q": null,
            "common_shares": null,
            "book_valuer_per_share": null,
            "book_valuer_per_share_4q_avg": 0,
            "equity": null,
            "current_ratio": null,
            "debt_ratio": null,
            "inventory_turnover_ratio": null,
            "account_receivable_turnover_ratio": null,
            "reinvestment_rate": null,
            "research_to_sale_ratio": null,
            "price_fair": 0,
            "eps_avg_yearly": 0,
            "eps_latest_yearly": 0,
            "eps_growth_yearly": 0
        },
        "20013": {
            "year_quarter": 20013,
            "year": 2001,
            "quarter": 3,
            "eps": null,
            "eps_growth_year": null,
            "eps_4q": null,
            "eps_4q_growth_year": null,
            "roe": null,
            "roe_4q": 0,
            "gross_profit": null,
            "gross_margin": null,
            "gross_margin_4q_avg": 0,
            "net_income": null,
            "net_income_4q": null,
            "revenue": null,
            "revenue_4q": null,
            "common_shares": null,
            "book_valuer_per_share": null,
            "book_valuer_per_share_4q_avg": 0,
            "equity": null,
            "current_ratio": null,
            "debt_ratio": null,
            "inventory_turnover_ratio": null,
            "account_receivable_turnover_ratio": null,
            "reinvestment_rate": null,
            "research_to_sale_ratio": null,
            "price_fair": 0,
            "eps_avg_yearly": 0,
            "eps_latest_yearly": 0,
            "eps_growth_yearly": 0
        },
        "20014": {
            "year_quarter": 20014,
            "year": 2001,
            "quarter": 4,
            "eps": null,
            "eps_growth_year": null,
            "eps_4q": null,
            "eps_4q_growth_year": null,
            "roe": null,
            "roe_4q": 0,
            "gross_profit": null,
            "gross_margin": null,
            "gross_margin_4q_avg": 0,
            "net_income": null,
            "net_income_4q": null,
            "revenue": null,
            "revenue_4q": null,
            "common_shares": null,
            "book_valuer_per_share": null,
            "book_valuer_per_share_4q_avg": 0,
            "equity": null,
            "current_ratio": null,
            "debt_ratio": null,
            "inventory_turnover_ratio": null,
            "account_receivable_turnover_ratio": null,
            "reinvestment_rate": null,
            "research_to_sale_ratio": null,
            "price_fair": 0,
            "eps_avg_yearly": 0,
            "eps_latest_yearly": 0,
            "eps_growth_yearly": 0
        },
        "20021": {
            "year_quarter": 20021,
            "year": 2002,
            "quarter": 1,
            "eps": null,
            "eps_growth_year": null,
            "eps_4q": null,
            "eps_4q_growth_year": null,
            "roe": null,
            "roe_4q": 0,
            "gross_profit": null,
            "gross_margin": null,
            "gross_margin_4q_avg": 0,
            "net_income": null,
            "net_income_4q": null,
            "revenue": null,
            "revenue_4q": null,
            "common_shares": null,
            "book_valuer_per_share": null,
            "book_valuer_per_share_4q_avg": 0,
            "equity": null,
            "current_ratio": null,
            "debt_ratio": null,
            "inventory_turnover_ratio": null,
            "account_receivable_turnover_ratio": null,
            "reinvestment_rate": null,
            "research_to_sale_ratio": null,
            "price_fair": 0,
            "eps_avg_yearly": 0,
            "eps_latest_yearly": 0,
            "eps_growth_yearly": 0
        },
        "20022": {
            "year_quarter": 20022,
            "year": 2002,
            "quarter": 2,
            "eps": null,
            "eps_growth_year": null,
            "eps_4q": null,
            "eps_4q_growth_year": null,
            "roe": null,
            "roe_4q": 0,
            "gross_profit": null,
            "gross_margin": null,
            "gross_margin_4q_avg": 0,
            "net_income": null,
            "net_income_4q": null,
            "revenue": null,
            "revenue_4q": null,
            "common_shares": null,
            "book_valuer_per_share": null,
            "book_valuer_per_share_4q_avg": 0,
            "equity": null,
            "current_ratio": null,
            "debt_ratio": null,
            "inventory_turnover_ratio": null,
            "account_receivable_turnover_ratio": null,
            "reinvestment_rate": null,
            "research_to_sale_ratio": null,
            "price_fair": 0,
            "eps_avg_yearly": 0,
            "eps_latest_yearly": 0,
            "eps_growth_yearly": 0
        },
        "20023": {
            "year_quarter": 20023,
            "year": 2002,
            "quarter": 3,
            "eps": null,
            "eps_growth_year": null,
            "eps_4q": null,
            "eps_4q_growth_year": null,
            "roe": null,
            "roe_4q": 0,
            "gross_profit": null,
            "gross_margin": null,
            "gross_margin_4q_avg": 0,
            "net_income": null,
            "net_income_4q": null,
            "revenue": null,
            "revenue_4q": null,
            "common_shares": null,
            "book_valuer_per_share": null,
            "book_valuer_per_share_4q_avg": 0,
            "equity": null,
            "current_ratio": null,
            "debt_ratio": null,
            "inventory_turnover_ratio": null,
            "account_receivable_turnover_ratio": null,
            "reinvestment_rate": null,
            "research_to_sale_ratio": null,
            "price_fair": 0,
            "eps_avg_yearly": 0,
            "eps_latest_yearly": 0,
            "eps_growth_yearly": 0
        },
        "20024": {
            "year_quarter": 20024,
            "year": 2002,
            "quarter": 4,
            "eps": null,
            "eps_growth_year": null,
            "eps_4q": null,
            "eps_4q_growth_year": null,
            "roe": null,
            "roe_4q": 0,
            "gross_profit": null,
            "gross_margin": null,
            "gross_margin_4q_avg": 0,
            "net_income": null,
            "net_income_4q": null,
            "revenue": null,
            "revenue_4q": null,
            "common_shares": 20000,
            "book_valuer_per_share": 5.23,
            "book_valuer_per_share_4q_avg": 1.31,
            "equity": 10451,
            "current_ratio": 86.49,
            "debt_ratio": 70.91,
            "inventory_turnover_ratio": null,
            "account_receivable_turnover_ratio": null,
            "reinvestment_rate": null,
            "research_to_sale_ratio": null,
            "price_fair": 0,
            "eps_avg_yearly": 0,
            "eps_latest_yearly": 0,
            "eps_growth_yearly": 0
        },
        "20031": {
            "year_quarter": 20031,
            "year": 2003,
            "quarter": 1,
            "eps": null,
            "eps_growth_year": null,
            "eps_4q": null,
            "eps_4q_growth_year": null,
            "roe": null,
            "roe_4q": 0,
            "gross_profit": null,
            "gross_margin": null,
            "gross_margin_4q_avg": 0,
            "net_income": null,
            "net_income_4q": null,
            "revenue": null,
            "revenue_4q": null,
            "common_shares": null,
            "book_valuer_per_share": null,
            "book_valuer_per_share_4q_avg": 1.31,
            "equity": null,
            "current_ratio": null,
            "debt_ratio": null,
            "inventory_turnover_ratio": null,
            "account_receivable_turnover_ratio": null,
            "reinvestment_rate": null,
            "research_to_sale_ratio": null,
            "price_fair": 0,
            "eps_avg_yearly": 0,
            "eps_latest_yearly": 0,
            "eps_growth_yearly": 0
        },
        "20032": {
            "year_quarter": 20032,
            "year": 2003,
            "quarter": 2,
            "eps": null,
            "eps_growth_year": null,
            "eps_4q": null,
            "eps_4q_growth_year": null,
            "roe": null,
            "roe_4q": 0,
            "gross_profit": null,
            "gross_margin": null,
            "gross_margin_4q_avg": 0,
            "net_income": null,
            "net_income_4q": null,
            "revenue": null,
            "revenue_4q": null,
            "common_shares": null,
            "book_valuer_per_share": null,
            "book_valuer_per_share_4q_avg": 1.31,
            "equity": null,
            "current_ratio": null,
            "debt_ratio": null,
            "inventory_turnover_ratio": null,
            "account_receivable_turnover_ratio": null,
            "reinvestment_rate": null,
            "research_to_sale_ratio": null,
            "price_fair": 0,
            "eps_avg_yearly": 0,
            "eps_latest_yearly": 0,
            "eps_growth_yearly": 0
        },
        "20033": {
            "year_quarter": 20033,
            "year": 2003,
            "quarter": 3,
            "eps": null,
            "eps_growth_year": null,
            "eps_4q": null,
            "eps_4q_growth_year": null,
            "roe": null,
            "roe_4q": 0,
            "gross_profit": null,
            "gross_margin": null,
            "gross_margin_4q_avg": 0,
            "net_income": null,
            "net_income_4q": null,
            "revenue": null,
            "revenue_4q": null,
            "common_shares": null,
            "book_valuer_per_share": null,
            "book_valuer_per_share_4q_avg": 1.31,
            "equity": null,
            "current_ratio": null,
            "debt_ratio": null,
            "inventory_turnover_ratio": null,
            "account_receivable_turnover_ratio": null,
            "reinvestment_rate": null,
            "research_to_sale_ratio": null,
            "price_fair": 0,
            "eps_avg_yearly": 0,
            "eps_latest_yearly": 0,
            "eps_growth_yearly": 0
        },
        "20034": {
            "year_quarter": 20034,
            "year": 2003,
            "quarter": 4,
            "eps": null,
            "eps_growth_year": null,
            "eps_4q": null,
            "eps_4q_growth_year": null,
            "roe": null,
            "roe_4q": 0,
            "gross_profit": null,
            "gross_margin": null,
            "gross_margin_4q_avg": 0,
            "net_income": null,
            "net_income_4q": null,
            "revenue": null,
            "revenue_4q": null,
            "common_shares": 69963,
            "book_valuer_per_share": 10.99,
            "book_valuer_per_share_4q_avg": 2.75,
            "equity": 76858,
            "current_ratio": 246.41,
            "debt_ratio": 35.67,
            "inventory_turnover_ratio": null,
            "account_receivable_turnover_ratio": null,
            "reinvestment_rate": null,
            "research_to_sale_ratio": null,
            "price_fair": 0,
            "eps_avg_yearly": 0,
            "eps_latest_yearly": 0,
            "eps_growth_yearly": 0
        },
        "20041": {
            "year_quarter": 20041,
            "year": 2004,
            "quarter": 1,
            "eps": null,
            "eps_growth_year": null,
            "eps_4q": null,
            "eps_4q_growth_year": null,
            "roe": null,
            "roe_4q": 0,
            "gross_profit": null,
            "gross_margin": null,
            "gross_margin_4q_avg": 0,
            "net_income": null,
            "net_income_4q": null,
            "revenue": null,
            "revenue_4q": null,
            "common_shares": null,
            "book_valuer_per_share": null,
            "book_valuer_per_share_4q_avg": 2.75,
            "equity": null,
            "current_ratio": null,
            "debt_ratio": null,
            "inventory_turnover_ratio": null,
            "account_receivable_turnover_ratio": null,
            "reinvestment_rate": null,
            "research_to_sale_ratio": null,
            "price_fair": 0,
            "eps_avg_yearly": 0,
            "eps_latest_yearly": 0,
            "eps_growth_yearly": 0
        },
        "20042": {
            "year_quarter": 20042,
            "year": 2004,
            "quarter": 2,
            "eps": null,
            "eps_growth_year": null,
            "eps_4q": null,
            "eps_4q_growth_year": null,
            "roe": null,
            "roe_4q": 0,
            "gross_profit": null,
            "gross_margin": null,
            "gross_margin_4q_avg": 0,
            "net_income": null,
            "net_income_4q": null,
            "revenue": null,
            "revenue_4q": null,
            "common_shares": null,
            "book_valuer_per_share": null,
            "book_valuer_per_share_4q_avg": 2.75,
            "equity": null,
            "current_ratio": null,
            "debt_ratio": null,
            "inventory_turnover_ratio": null,
            "account_receivable_turnover_ratio": null,
            "reinvestment_rate": null,
            "research_to_sale_ratio": null,
            "price_fair": 0,
            "eps_avg_yearly": 0,
            "eps_latest_yearly": 0,
            "eps_growth_yearly": 0
        },
        "20043": {
            "year_quarter": 20043,
            "year": 2004,
            "quarter": 3,
            "eps": null,
            "eps_growth_year": null,
            "eps_4q": null,
            "eps_4q_growth_year": null,
            "roe": null,
            "roe_4q": 0,
            "gross_profit": null,
            "gross_margin": null,
            "gross_margin_4q_avg": 0,
            "net_income": null,
            "net_income_4q": null,
            "revenue": null,
            "revenue_4q": null,
            "common_shares": null,
            "book_valuer_per_share": null,
            "book_valuer_per_share_4q_avg": 2.75,
            "equity": null,
            "current_ratio": null,
            "debt_ratio": null,
            "inventory_turnover_ratio": null,
            "account_receivable_turnover_ratio": null,
            "reinvestment_rate": null,
            "research_to_sale_ratio": null,
            "price_fair": 0,
            "eps_avg_yearly": 0,
            "eps_latest_yearly": 0,
            "eps_growth_yearly": 0
        },
        "20044": {
            "year_quarter": 20044,
            "year": 2004,
            "quarter": 4,
            "eps": null,
            "eps_growth_year": null,
            "eps_4q": null,
            "eps_4q_growth_year": null,
            "roe": null,
            "roe_4q": 0,
            "gross_profit": null,
            "gross_margin": null,
            "gross_margin_4q_avg": 0,
            "net_income": null,
            "net_income_4q": null,
            "revenue": null,
            "revenue_4q": null,
            "common_shares": 80649,
            "book_valuer_per_share": 21.18,
            "book_valuer_per_share_4q_avg": 5.3,
            "equity": 213449,
            "current_ratio": 414.26,
            "debt_ratio": 30.54,
            "inventory_turnover_ratio": null,
            "account_receivable_turnover_ratio": null,
            "reinvestment_rate": null,
            "research_to_sale_ratio": null,
            "price_fair": 0,
            "eps_avg_yearly": 0,
            "eps_latest_yearly": 0,
            "eps_growth_yearly": 0
        },
        "20051": {
            "year_quarter": 20051,
            "year": 2005,
            "quarter": 1,
            "eps": null,
            "eps_growth_year": null,
            "eps_4q": null,
            "eps_4q_growth_year": null,
            "roe": null,
            "roe_4q": 0,
            "gross_profit": null,
            "gross_margin": null,
            "gross_margin_4q_avg": 0,
            "net_income": null,
            "net_income_4q": null,
            "revenue": null,
            "revenue_4q": null,
            "common_shares": null,
            "book_valuer_per_share": null,
            "book_valuer_per_share_4q_avg": 5.3,
            "equity": null,
            "current_ratio": null,
            "debt_ratio": null,
            "inventory_turnover_ratio": null,
            "account_receivable_turnover_ratio": null,
            "reinvestment_rate": null,
            "research_to_sale_ratio": null,
            "price_fair": 0,
            "eps_avg_yearly": 0,
            "eps_latest_yearly": 0,
            "eps_growth_yearly": 0
        },
        "20052": {
            "year_quarter": 20052,
            "year": 2005,
            "quarter": 2,
            "eps": null,
            "eps_growth_year": null,
            "eps_4q": null,
            "eps_4q_growth_year": null,
            "roe": null,
            "roe_4q": 0,
            "gross_profit": null,
            "gross_margin": null,
            "gross_margin_4q_avg": 0,
            "net_income": null,
            "net_income_4q": null,
            "revenue": null,
            "revenue_4q": null,
            "common_shares": null,
            "book_valuer_per_share": null,
            "book_valuer_per_share_4q_avg": 5.3,
            "equity": null,
            "current_ratio": null,
            "debt_ratio": null,
            "inventory_turnover_ratio": null,
            "account_receivable_turnover_ratio": null,
            "reinvestment_rate": null,
            "research_to_sale_ratio": null,
            "price_fair": 0,
            "eps_avg_yearly": 0,
            "eps_latest_yearly": 0,
            "eps_growth_yearly": 0
        },
        "20053": {
            "year_quarter": 20053,
            "year": 2005,
            "quarter": 3,
            "eps": null,
            "eps_growth_year": null,
            "eps_4q": null,
            "eps_4q_growth_year": null,
            "roe": null,
            "roe_4q": 0,
            "gross_profit": null,
            "gross_margin": null,
            "gross_margin_4q_avg": 0,
            "net_income": null,
            "net_income_4q": null,
            "revenue": null,
            "revenue_4q": null,
            "common_shares": null,
            "book_valuer_per_share": null,
            "book_valuer_per_share_4q_avg": 5.3,
            "equity": null,
            "current_ratio": null,
            "debt_ratio": null,
            "inventory_turnover_ratio": null,
            "account_receivable_turnover_ratio": null,
            "reinvestment_rate": null,
            "research_to_sale_ratio": null,
            "price_fair": 0,
            "eps_avg_yearly": 0,
            "eps_latest_yearly": 0,
            "eps_growth_yearly": 0
        },
        "20054": {
            "year_quarter": 20054,
            "year": 2005,
            "quarter": 4,
            "eps": null,
            "eps_growth_year": null,
            "eps_4q": null,
            "eps_4q_growth_year": null,
            "roe": null,
            "roe_4q": 0,
            "gross_profit": null,
            "gross_margin": null,
            "gross_margin_4q_avg": 0,
            "net_income": null,
            "net_income_4q": null,
            "revenue": null,
            "revenue_4q": null,
            "common_shares": 249319,
            "book_valuer_per_share": 13.3,
            "book_valuer_per_share_4q_avg": 3.33,
            "equity": 331496,
            "current_ratio": 291.29,
            "debt_ratio": 25.94,
            "inventory_turnover_ratio": null,
            "account_receivable_turnover_ratio": null,
            "reinvestment_rate": null,
            "research_to_sale_ratio": null,
            "price_fair": 0,
            "eps_avg_yearly": 0,
            "eps_latest_yearly": 0,
            "eps_growth_yearly": 0
        },
        "20061": {
            "year_quarter": 20061,
            "year": 2006,
            "quarter": 1,
            "eps": 0.36,
            "eps_growth_year": null,
            "eps_4q": null,
            "eps_4q_growth_year": null,
            "roe": 2.65,
            "roe_4q": 2.65,
            "gross_profit": 21091,
            "gross_margin": 29.24,
            "gross_margin_4q_avg": 7.31,
            "net_income": 8902,
            "net_income_4q": null,
            "revenue": 72127,
            "revenue_4q": null,
            "common_shares": 249319,
            "book_valuer_per_share": 13.68,
            "book_valuer_per_share_4q_avg": 6.75,
            "equity": 341069,
            "current_ratio": 345.91,
            "debt_ratio": 22.48,
            "inventory_turnover_ratio": 8.34,
            "account_receivable_turnover_ratio": null,
            "reinvestment_rate": null,
            "research_to_sale_ratio": null,
            "price_fair": 0,
            "eps_avg_yearly": 0,
            "eps_latest_yearly": 0,
            "eps_growth_yearly": 0
        },
        "20062": {
            "year_quarter": 20062,
            "year": 2006,
            "quarter": 2,
            "eps": 1.4,
            "eps_growth_year": null,
            "eps_4q": null,
            "eps_4q_growth_year": null,
            "roe": 9.77,
            "roe_4q": 12.42,
            "gross_profit": 55760,
            "gross_margin": 46.89,
            "gross_margin_4q_avg": 19.03,
            "net_income": 34990,
            "net_income_4q": null,
            "revenue": 118908,
            "revenue_4q": null,
            "common_shares": 249319,
            "book_valuer_per_share": 15.04,
            "book_valuer_per_share_4q_avg": 10.51,
            "equity": 375082,
            "current_ratio": 295.78,
            "debt_ratio": 24.71,
            "inventory_turnover_ratio": 14.29,
            "account_receivable_turnover_ratio": null,
            "reinvestment_rate": null,
            "research_to_sale_ratio": null,
            "price_fair": 196,
            "eps_avg_yearly": 5.6,
            "eps_latest_yearly": 5.6,
            "eps_growth_yearly": 1155.56
        },
        "20063": {
            "year_quarter": 20063,
            "year": 2006,
            "quarter": 3,
            "eps": 1.25,
            "eps_growth_year": null,
            "eps_4q": null,
            "eps_4q_growth_year": null,
            "roe": 8.52,
            "roe_4q": 20.939999999999998,
            "gross_profit": 51792,
            "gross_margin": 37.75,
            "gross_margin_4q_avg": 28.47,
            "net_income": 33495,
            "net_income_4q": null,
            "revenue": 137204,
            "revenue_4q": null,
            "common_shares": 266908,
            "book_valuer_per_share": 15.42,
            "book_valuer_per_share_4q_avg": 14.36,
            "equity": 411551,
            "current_ratio": 240.05,
            "debt_ratio": 28.83,
            "inventory_turnover_ratio": 10.17,
            "account_receivable_turnover_ratio": null,
            "reinvestment_rate": null,
            "research_to_sale_ratio": null,
            "price_fair": 185.5,
            "eps_avg_yearly": 5.3,
            "eps_latest_yearly": 5,
            "eps_growth_yearly": 556.35
        },
        "20064": {
            "year_quarter": 20064,
            "year": 2006,
            "quarter": 4,
            "eps": 0.52,
            "eps_growth_year": null,
            "eps_4q": 3.42,
            "eps_4q_growth_year": null,
            "roe": 3.32,
            "roe_4q": 24.259999999999998,
            "gross_profit": 40304,
            "gross_margin": 24.46,
            "gross_margin_4q_avg": 34.59,
            "net_income": 13882,
            "net_income_4q": null,
            "revenue": 164789,
            "revenue_4q": null,
            "common_shares": 266908,
            "book_valuer_per_share": 15.92,
            "book_valuer_per_share_4q_avg": 15.02,
            "equity": 425023,
            "current_ratio": 161.44,
            "debt_ratio": 33.75,
            "inventory_turnover_ratio": 5.12,
            "account_receivable_turnover_ratio": null,
            "reinvestment_rate": null,
            "research_to_sale_ratio": null,
            "price_fair": 147.93,
            "eps_avg_yearly": 4.23,
            "eps_latest_yearly": 2.08,
            "eps_growth_yearly": 293.03
        },
        "20071": {
            "year_quarter": 20071,
            "year": 2007,
            "quarter": 1,
            "eps": 1.03,
            "eps_growth_year": 186.11,
            "eps_4q": 4.11,
            "eps_4q_growth_year": null,
            "roe": 6.25,
            "roe_4q": 27.86,
            "gross_profit": 43115,
            "gross_margin": 26.27,
            "gross_margin_4q_avg": 33.84,
            "net_income": 27525,
            "net_income_4q": null,
            "revenue": 164147,
            "revenue_4q": null,
            "common_shares": 266908,
            "book_valuer_per_share": 17.06,
            "book_valuer_per_share_4q_avg": 15.86,
            "equity": 455303,
            "current_ratio": 162.65,
            "debt_ratio": 34.15,
            "inventory_turnover_ratio": 4.16,
            "account_receivable_turnover_ratio": null,
            "reinvestment_rate": null,
            "research_to_sale_ratio": null,
            "price_fair": 147,
            "eps_avg_yearly": 4.2,
            "eps_latest_yearly": 4.12,
            "eps_growth_yearly": 317.85
        },
        "20072": {
            "year_quarter": 20072,
            "year": 2007,
            "quarter": 2,
            "eps": 0.89,
            "eps_growth_year": -36.43,
            "eps_4q": 3.69,
            "eps_4q_growth_year": null,
            "roe": 5.11,
            "roe_4q": 23.2,
            "gross_profit": 45572,
            "gross_margin": 27.98,
            "gross_margin_4q_avg": 29.12,
            "net_income": 23849,
            "net_income_4q": null,
            "revenue": 162861,
            "revenue_4q": null,
            "common_shares": 266908,
            "book_valuer_per_share": 17.9,
            "book_valuer_per_share_4q_avg": 16.58,
            "equity": 477635,
            "current_ratio": 156.04,
            "debt_ratio": 35.94,
            "inventory_turnover_ratio": 3.84,
            "account_receivable_turnover_ratio": null,
            "reinvestment_rate": null,
            "research_to_sale_ratio": null,
            "price_fair": 142.52,
            "eps_avg_yearly": 4.07,
            "eps_latest_yearly": 3.56,
            "eps_growth_yearly": 243.41
        },
        "20073": {
            "year_quarter": 20073,
            "year": 2007,
            "quarter": 3,
            "eps": 1.21,
            "eps_growth_year": -3.2,
            "eps_4q": 2.96,
            "eps_4q_growth_year": null,
            "roe": 9.03,
            "roe_4q": 23.71,
            "gross_profit": 48330,
            "gross_margin": 15.37,
            "gross_margin_4q_avg": 23.52,
            "net_income": 45154,
            "net_income_4q": null,
            "revenue": 314473,
            "revenue_4q": null,
            "common_shares": 373426,
            "book_valuer_per_share": 13.98,
            "book_valuer_per_share_4q_avg": 16.22,
            "equity": 522041,
            "current_ratio": 123.25,
            "debt_ratio": 47.49,
            "inventory_turnover_ratio": 4.08,
            "account_receivable_turnover_ratio": null,
            "reinvestment_rate": null,
            "research_to_sale_ratio": null,
            "price_fair": 147,
            "eps_avg_yearly": 4.2,
            "eps_latest_yearly": 4.84,
            "eps_growth_yearly": 226.81
        },
        "20074": {
            "year_quarter": 20074,
            "year": 2007,
            "quarter": 4,
            "eps": 1.12,
            "eps_growth_year": 115.38,
            "eps_4q": 3.64,
            "eps_4q_growth_year": 6.57,
            "roe": 5.9,
            "roe_4q": 26.29,
            "gross_profit": 30699,
            "gross_margin": 5.44,
            "gross_margin_4q_avg": 18.77,
            "net_income": 42845,
            "net_income_4q": null,
            "revenue": 563897,
            "revenue_4q": null,
            "common_shares": 420107,
            "book_valuer_per_share": 22.15,
            "book_valuer_per_share_4q_avg": 17.77,
            "equity": 930682,
            "current_ratio": 168.62,
            "debt_ratio": 41.91,
            "inventory_turnover_ratio": 4.19,
            "account_receivable_turnover_ratio": null,
            "reinvestment_rate": null,
            "research_to_sale_ratio": null,
            "price_fair": 148.4,
            "eps_avg_yearly": 4.24,
            "eps_latest_yearly": 4.48,
            "eps_growth_yearly": 190.16
        },
        "20081": {
            "year_quarter": 20081,
            "year": 2008,
            "quarter": 1,
            "eps": 1.11,
            "eps_growth_year": 7.77,
            "eps_4q": 3.77,
            "eps_4q_growth_year": -8.31,
            "roe": 2.82,
            "roe_4q": 22.86,
            "gross_profit": 85417,
            "gross_margin": 18.72,
            "gross_margin_4q_avg": 16.88,
            "net_income": 46666,
            "net_income_4q": null,
            "revenue": 456239,
            "revenue_4q": null,
            "common_shares": 420107,
            "book_valuer_per_share": 56.65,
            "book_valuer_per_share_4q_avg": 27.67,
            "equity": 2379757,
            "current_ratio": 357.53,
            "debt_ratio": 24.37,
            "inventory_turnover_ratio": 2.39,
            "account_receivable_turnover_ratio": null,
            "reinvestment_rate": null,
            "research_to_sale_ratio": null,
            "price_fair": 149.28,
            "eps_avg_yearly": 4.27,
            "eps_latest_yearly": 4.44,
            "eps_growth_yearly": 165.94
        },
        "20082": {
            "year_quarter": 20082,
            "year": 2008,
            "quarter": 2,
            "eps": 0.44,
            "eps_growth_year": -50.56,
            "eps_4q": 2.44,
            "eps_4q_growth_year": -33.75,
            "roe": 1.24,
            "roe_4q": 18.990000000000002,
            "gross_profit": 72111,
            "gross_margin": 18.05,
            "gross_margin_4q_avg": 14.4,
            "net_income": 29603,
            "net_income_4q": null,
            "revenue": 399583,
            "revenue_4q": null,
            "common_shares": 620516,
            "book_valuer_per_share": 38.83,
            "book_valuer_per_share_4q_avg": 32.9,
            "equity": 2409688,
            "current_ratio": 704.02,
            "debt_ratio": 11.72,
            "inventory_turnover_ratio": 2.54,
            "account_receivable_turnover_ratio": null,
            "reinvestment_rate": null,
            "research_to_sale_ratio": null,
            "price_fair": 139.53,
            "eps_avg_yearly": 3.99,
            "eps_latest_yearly": 1.76,
            "eps_growth_yearly": 120.68
        },
        "20083": {
            "year_quarter": 20083,
            "year": 2008,
            "quarter": 3,
            "eps": 0.5,
            "eps_growth_year": -58.68,
            "eps_4q": 2.19,
            "eps_4q_growth_year": -26.14,
            "roe": 1.45,
            "roe_4q": 11.41,
            "gross_profit": 78253,
            "gross_margin": 20.65,
            "gross_margin_4q_avg": 15.72,
            "net_income": 35340,
            "net_income_4q": null,
            "revenue": 378937,
            "revenue_4q": null,
            "common_shares": 780195,
            "book_valuer_per_share": 31.6,
            "book_valuer_per_share_4q_avg": 37.31,
            "equity": 2465337,
            "current_ratio": 489.54,
            "debt_ratio": 16.9,
            "inventory_turnover_ratio": 2.26,
            "account_receivable_turnover_ratio": null,
            "reinvestment_rate": null,
            "research_to_sale_ratio": null,
            "price_fair": 132.58,
            "eps_avg_yearly": 3.79,
            "eps_latest_yearly": 2,
            "eps_growth_yearly": 114.06
        },
        "20084": {
            "year_quarter": 20084,
            "year": 2008,
            "quarter": 4,
            "eps": 0.49,
            "eps_growth_year": -56.25,
            "eps_4q": 2.03,
            "eps_4q_growth_year": -44.3,
            "roe": 1.45,
            "roe_4q": 6.959999999999999,
            "gross_profit": 71142,
            "gross_margin": 21.16,
            "gross_margin_4q_avg": 19.65,
            "net_income": 35530,
            "net_income_4q": null,
            "revenue": 336250,
            "revenue_4q": null,
            "common_shares": 780195,
            "book_valuer_per_share": 31.13,
            "book_valuer_per_share_4q_avg": 39.55,
            "equity": 2428374,
            "current_ratio": 427.79,
            "debt_ratio": 17.14,
            "inventory_turnover_ratio": 1.76,
            "account_receivable_turnover_ratio": 0.97,
            "reinvestment_rate": null,
            "research_to_sale_ratio": null,
            "price_fair": 126.76,
            "eps_avg_yearly": 3.62,
            "eps_latest_yearly": 1.96,
            "eps_growth_yearly": 102.97
        },
        "20091": {
            "year_quarter": 20091,
            "year": 2009,
            "quarter": 1,
            "eps": 0.1,
            "eps_growth_year": -90.99,
            "eps_4q": 1.49,
            "eps_4q_growth_year": -60.54,
            "roe": 0.3,
            "roe_4q": 4.44,
            "gross_profit": 48493,
            "gross_margin": 20.91,
            "gross_margin_4q_avg": 20.19,
            "net_income": 7240,
            "net_income_4q": null,
            "revenue": 231952,
            "revenue_4q": null,
            "common_shares": 780195,
            "book_valuer_per_share": 31.37,
            "book_valuer_per_share_4q_avg": 33.23,
            "equity": 2447273,
            "current_ratio": 589.23,
            "debt_ratio": 12.06,
            "inventory_turnover_ratio": 1.28,
            "account_receivable_turnover_ratio": 0.42,
            "reinvestment_rate": null,
            "research_to_sale_ratio": null,
            "price_fair": 117.37,
            "eps_avg_yearly": 3.35,
            "eps_latest_yearly": 0.4,
            "eps_growth_yearly": 67.86
        },
        "20092": {
            "year_quarter": 20092,
            "year": 2009,
            "quarter": 2,
            "eps": -0.17,
            "eps_growth_year": -138.64,
            "eps_4q": 0.83,
            "eps_4q_growth_year": -66.13,
            "roe": -0.62,
            "roe_4q": 2.58,
            "gross_profit": 9895,
            "gross_margin": 3.6,
            "gross_margin_4q_avg": 16.58,
            "net_income": -15187,
            "net_income_4q": null,
            "revenue": 275003,
            "revenue_4q": null,
            "common_shares": 760965,
            "book_valuer_per_share": 31.8,
            "book_valuer_per_share_4q_avg": 31.48,
            "equity": 2419758,
            "current_ratio": 608.68,
            "debt_ratio": 11.4,
            "inventory_turnover_ratio": 2.06,
            "account_receivable_turnover_ratio": 0.63,
            "reinvestment_rate": null,
            "research_to_sale_ratio": null,
            "price_fair": 117.37,
            "eps_avg_yearly": 3.35,
            "eps_latest_yearly": 0.4,
            "eps_growth_yearly": 67.86
        },
        "20093": {
            "year_quarter": 20093,
            "year": 2009,
            "quarter": 3,
            "eps": 0.14,
            "eps_growth_year": -72,
            "eps_4q": 0.29,
            "eps_4q_growth_year": -86.8,
            "roe": 0.73,
            "roe_4q": 1.8599999999999999,
            "gross_profit": 40689,
            "gross_margin": 9.33,
            "gross_margin_4q_avg": 13.75,
            "net_income": 19251,
            "net_income_4q": null,
            "revenue": 435897,
            "revenue_4q": null,
            "common_shares": 928377,
            "book_valuer_per_share": 28.37,
            "book_valuer_per_share_4q_avg": 30.67,
            "equity": 2819067,
            "current_ratio": 271.92,
            "debt_ratio": 27.47,
            "inventory_turnover_ratio": 2.12,
            "account_receivable_turnover_ratio": 0.59,
            "reinvestment_rate": null,
            "research_to_sale_ratio": null,
            "price_fair": 117.37,
            "eps_avg_yearly": 3.35,
            "eps_latest_yearly": 0.4,
            "eps_growth_yearly": 67.86
        },
        "20094": {
            "year_quarter": 20094,
            "year": 2009,
            "quarter": 4,
            "eps": 0.05,
            "eps_growth_year": -89.8,
            "eps_4q": 0.09,
            "eps_4q_growth_year": -95.49,
            "roe": 0.18,
            "roe_4q": 0.5899999999999999,
            "gross_profit": 107306,
            "gross_margin": 14.64,
            "gross_margin_4q_avg": 12.12,
            "net_income": 5064,
            "net_income_4q": null,
            "revenue": 732931,
            "revenue_4q": null,
            "common_shares": 928377,
            "book_valuer_per_share": 28.79,
            "book_valuer_per_share_4q_avg": 30.08,
            "equity": 2829421,
            "current_ratio": 335.05,
            "debt_ratio": 22.63,
            "inventory_turnover_ratio": 2.65,
            "account_receivable_turnover_ratio": 2.03,
            "reinvestment_rate": 480.24,
            "research_to_sale_ratio": null,
            "price_fair": 108.88,
            "eps_avg_yearly": 3.11,
            "eps_latest_yearly": 0.2,
            "eps_growth_yearly": 42.86
        },
        "20101": {
            "year_quarter": 20101,
            "year": 2010,
            "quarter": 1,
            "eps": 0.11,
            "eps_growth_year": 10,
            "eps_4q": 0.12,
            "eps_4q_growth_year": -91.64,
            "roe": 0.4,
            "roe_4q": 0.6900000000000001,
            "gross_profit": 89410,
            "gross_margin": 18.08,
            "gross_margin_4q_avg": 11.41,
            "net_income": 11262,
            "net_income_4q": null,
            "revenue": 494488,
            "revenue_4q": null,
            "common_shares": 928377,
            "book_valuer_per_share": 29.05,
            "book_valuer_per_share_4q_avg": 29.5,
            "equity": 2848359,
            "current_ratio": 371.6,
            "debt_ratio": 20.48,
            "inventory_turnover_ratio": 1.72,
            "account_receivable_turnover_ratio": 0.75,
            "reinvestment_rate": 233.35,
            "research_to_sale_ratio": 4.53,
            "price_fair": 102.2,
            "eps_avg_yearly": 2.92,
            "eps_latest_yearly": 0.44,
            "eps_growth_yearly": 74.08
        },
        "20102": {
            "year_quarter": 20102,
            "year": 2010,
            "quarter": 2,
            "eps": 0.13,
            "eps_growth_year": null,
            "eps_4q": 0.42,
            "eps_4q_growth_year": -48.82,
            "roe": 0.61,
            "roe_4q": 1.92,
            "gross_profit": 90162,
            "gross_margin": 15.84,
            "gross_margin_4q_avg": 14.47,
            "net_income": 17296,
            "net_income_4q": null,
            "revenue": 569213,
            "revenue_4q": null,
            "common_shares": 928377,
            "book_valuer_per_share": 29.27,
            "book_valuer_per_share_4q_avg": 28.87,
            "equity": 2822843,
            "current_ratio": 340,
            "debt_ratio": 22.2,
            "inventory_turnover_ratio": 1.79,
            "account_receivable_turnover_ratio": 0.9,
            "reinvestment_rate": 539.2,
            "research_to_sale_ratio": 4.8,
            "price_fair": 7.67,
            "eps_avg_yearly": 2.56,
            "eps_latest_yearly": 0.52,
            "eps_growth_yearly": -3.26
        },
        "20103": {
            "year_quarter": 20103,
            "year": 2010,
            "quarter": 3,
            "eps": 0.23,
            "eps_growth_year": 65.98,
            "eps_4q": 0.52,
            "eps_4q_growth_year": 81.51,
            "roe": 1.02,
            "roe_4q": 2.21,
            "gross_profit": 106042,
            "gross_margin": 17.55,
            "gross_margin_4q_avg": 16.53,
            "net_income": 28831,
            "net_income_4q": null,
            "revenue": 604327,
            "revenue_4q": null,
            "common_shares": 928377,
            "book_valuer_per_share": 29.37,
            "book_valuer_per_share_4q_avg": 29.12,
            "equity": 2839667,
            "current_ratio": 306.34,
            "debt_ratio": 24.55,
            "inventory_turnover_ratio": 1.43,
            "account_receivable_turnover_ratio": 0.92,
            "reinvestment_rate": 579.15,
            "research_to_sale_ratio": 4.3,
            "price_fair": 71.99,
            "eps_avg_yearly": 2.27,
            "eps_latest_yearly": 0.92,
            "eps_growth_yearly": 21.77
        },
        "20104": {
            "year_quarter": 20104,
            "year": 2010,
            "quarter": 4,
            "eps": 0.55,
            "eps_growth_year": 1005.66,
            "eps_4q": 1.03,
            "eps_4q_growth_year": 1026.89,
            "roe": 1.87,
            "roe_4q": 3.9,
            "gross_profit": 127273,
            "gross_margin": 11.16,
            "gross_margin_4q_avg": 15.66,
            "net_income": 53205,
            "net_income_4q": null,
            "revenue": 1140696,
            "revenue_4q": null,
            "common_shares": 928377,
            "book_valuer_per_share": 29.5,
            "book_valuer_per_share_4q_avg": 29.3,
            "equity": 2853449,
            "current_ratio": 226.84,
            "debt_ratio": 33.17,
            "inventory_turnover_ratio": 2.19,
            "account_receivable_turnover_ratio": 1.21,
            "reinvestment_rate": 501.16,
            "research_to_sale_ratio": -1.27,
            "price_fair": 79.6,
            "eps_avg_yearly": 2.27,
            "eps_latest_yearly": 2.2,
            "eps_growth_yearly": 78.21
        },
        "20111": {
            "year_quarter": 20111,
            "year": 2011,
            "quarter": 1,
            "eps": 0.08,
            "eps_growth_year": -27.27,
            "eps_4q": 0.99,
            "eps_4q_growth_year": 699.3,
            "roe": 0.28,
            "roe_4q": 3.7800000000000002,
            "gross_profit": 69907,
            "gross_margin": 10.62,
            "gross_margin_4q_avg": 13.79,
            "net_income": 8133,
            "net_income_4q": null,
            "revenue": 658007,
            "revenue_4q": null,
            "common_shares": 928377,
            "book_valuer_per_share": 29.68,
            "book_valuer_per_share_4q_avg": 29.46,
            "equity": 2871763,
            "current_ratio": 246.81,
            "debt_ratio": 29.77,
            "inventory_turnover_ratio": 1.21,
            "account_receivable_turnover_ratio": 0.58,
            "reinvestment_rate": 241.06,
            "research_to_sale_ratio": 2.25,
            "price_fair": 70.1,
            "eps_avg_yearly": 2,
            "eps_latest_yearly": 0.32,
            "eps_growth_yearly": 25.77
        },
        "20112": {
            "year_quarter": 20112,
            "year": 2011,
            "quarter": 2,
            "eps": 1.81,
            "eps_growth_year": 1259.88,
            "eps_4q": 2.67,
            "eps_4q_growth_year": 531.46,
            "roe": 6.17,
            "roe_4q": 9.34,
            "gross_profit": 303436,
            "gross_margin": 20.15,
            "gross_margin_4q_avg": 14.87,
            "net_income": 175956,
            "net_income_4q": null,
            "revenue": 1505695,
            "revenue_4q": null,
            "common_shares": 928377,
            "book_valuer_per_share": 30.84,
            "book_valuer_per_share_4q_avg": 29.85,
            "equity": 2830067,
            "current_ratio": 186.98,
            "debt_ratio": 41.26,
            "inventory_turnover_ratio": 2.23,
            "account_receivable_turnover_ratio": 1.03,
            "reinvestment_rate": 461.62,
            "research_to_sale_ratio": 1.11,
            "price_fair": 79.3,
            "eps_avg_yearly": 2.27,
            "eps_latest_yearly": 7.24,
            "eps_growth_yearly": 647.52
        },
        "20113": {
            "year_quarter": 20113,
            "year": 2011,
            "quarter": 3,
            "eps": 4.5,
            "eps_growth_year": 1838.06,
            "eps_4q": 6.94,
            "eps_4q_growth_year": 1225.71,
            "roe": 13.47,
            "roe_4q": 21.790000000000003,
            "gross_profit": 606396,
            "gross_margin": 24.86,
            "gross_margin_4q_avg": 16.7,
            "net_income": 413235,
            "net_income_4q": null,
            "revenue": 2439013,
            "revenue_4q": null,
            "common_shares": 928377,
            "book_valuer_per_share": 36.01,
            "book_valuer_per_share_4q_avg": 31.51,
            "equity": 3304237,
            "current_ratio": 176.29,
            "debt_ratio": 47.13,
            "inventory_turnover_ratio": 3.15,
            "account_receivable_turnover_ratio": 1.07,
            "reinvestment_rate": 322.28,
            "research_to_sale_ratio": 0.85,
            "price_fair": 112.2,
            "eps_avg_yearly": 3.21,
            "eps_latest_yearly": 18,
            "eps_growth_yearly": 679.7
        },
        "20114": {
            "year_quarter": 20114,
            "year": 2011,
            "quarter": 4,
            "eps": 2.7,
            "eps_growth_year": 388.22,
            "eps_4q": 9.09,
            "eps_4q_growth_year": 782.19,
            "roe": 7.22,
            "roe_4q": 27.14,
            "gross_profit": 593989,
            "gross_margin": 27.17,
            "gross_margin_4q_avg": 20.7,
            "net_income": 247667,
            "net_income_4q": null,
            "revenue": 2186174,
            "revenue_4q": null,
            "common_shares": 928377,
            "book_valuer_per_share": 38.74,
            "book_valuer_per_share_4q_avg": 33.82,
            "equity": 3554615,
            "current_ratio": 187.54,
            "debt_ratio": 44.85,
            "inventory_turnover_ratio": 3.44,
            "account_receivable_turnover_ratio": 0.74,
            "reinvestment_rate": 56.33,
            "research_to_sale_ratio": 1.86,
            "price_fair": 128,
            "eps_avg_yearly": 3.66,
            "eps_latest_yearly": 10.8,
            "eps_growth_yearly": 670.4
        },
        "20121": {
            "year_quarter": 20121,
            "year": 2012,
            "quarter": 1,
            "eps": 1.13,
            "eps_growth_year": 1312.5,
            "eps_4q": 10.14,
            "eps_4q_growth_year": 919.94,
            "roe": 2.88,
            "roe_4q": 29.740000000000002,
            "gross_profit": 242266,
            "gross_margin": 21.36,
            "gross_margin_4q_avg": 23.39,
            "net_income": 103372,
            "net_income_4q": null,
            "revenue": 1134092,
            "revenue_4q": null,
            "common_shares": 928377,
            "book_valuer_per_share": 39.58,
            "book_valuer_per_share_4q_avg": 36.29,
            "equity": 3631748,
            "current_ratio": 223.93,
            "debt_ratio": 36.74,
            "inventory_turnover_ratio": 2.23,
            "account_receivable_turnover_ratio": 0.47,
            "reinvestment_rate": 52.95,
            "research_to_sale_ratio": 1.59,
            "price_fair": 128.2,
            "eps_avg_yearly": 3.66,
            "eps_latest_yearly": 4.52,
            "eps_growth_yearly": 654.04
        },
        "20122": {
            "year_quarter": 20122,
            "year": 2012,
            "quarter": 2,
            "eps": 0.89,
            "eps_growth_year": -51,
            "eps_4q": 9.22,
            "eps_4q_growth_year": 244.91,
            "roe": 2.29,
            "roe_4q": 25.86,
            "gross_profit": 184815,
            "gross_margin": 14.89,
            "gross_margin_4q_avg": 22.07,
            "net_income": 80738,
            "net_income_4q": null,
            "revenue": 1241067,
            "revenue_4q": null,
            "common_shares": 928377,
            "book_valuer_per_share": 36.02,
            "book_valuer_per_share_4q_avg": 37.59,
            "equity": 3427580,
            "current_ratio": 197.79,
            "debt_ratio": 39.57,
            "inventory_turnover_ratio": 2.93,
            "account_receivable_turnover_ratio": 0.76,
            "reinvestment_rate": 60.86,
            "research_to_sale_ratio": 1.45,
            "price_fair": 132.7,
            "eps_avg_yearly": 3.79,
            "eps_latest_yearly": 3.56,
            "eps_growth_yearly": 665.22
        },
        "20123": {
            "year_quarter": 20123,
            "year": 2012,
            "quarter": 3,
            "eps": 0.53,
            "eps_growth_year": -88.16,
            "eps_4q": 5.25,
            "eps_4q_growth_year": -24.44,
            "roe": 1.35,
            "roe_4q": 13.739999999999998,
            "gross_profit": 156083,
            "gross_margin": 15.3,
            "gross_margin_4q_avg": 19.68,
            "net_income": 46497,
            "net_income_4q": null,
            "revenue": 1020249,
            "revenue_4q": null,
            "common_shares": 928377,
            "book_valuer_per_share": 36.29,
            "book_valuer_per_share_4q_avg": 37.66,
            "equity": 3450143,
            "current_ratio": 197.22,
            "debt_ratio": 40.04,
            "inventory_turnover_ratio": 2.54,
            "account_receivable_turnover_ratio": 0.73,
            "reinvestment_rate": 48.31,
            "research_to_sale_ratio": 1.84,
            "price_fair": 133,
            "eps_avg_yearly": 3.8,
            "eps_latest_yearly": 2.12,
            "eps_growth_yearly": 649.77
        },
        "20124": {
            "year_quarter": 20124,
            "year": 2012,
            "quarter": 4,
            "eps": 2.46,
            "eps_growth_year": -8.85,
            "eps_4q": 5.01,
            "eps_4q_growth_year": -44.91,
            "roe": 6.53,
            "roe_4q": 13.05,
            "gross_profit": 388037,
            "gross_margin": 16.4,
            "gross_margin_4q_avg": 16.99,
            "net_income": 228875,
            "net_income_4q": null,
            "revenue": 2365394,
            "revenue_4q": null,
            "common_shares": 928377,
            "book_valuer_per_share": 38.78,
            "book_valuer_per_share_4q_avg": 37.67,
            "equity": 3558242,
            "current_ratio": 170.77,
            "debt_ratio": 48.5,
            "inventory_turnover_ratio": 3.29,
            "account_receivable_turnover_ratio": 1.22,
            "reinvestment_rate": 25.62,
            "research_to_sale_ratio": 1.07,
            "price_fair": 152.7,
            "eps_avg_yearly": 4.36,
            "eps_latest_yearly": 9.84,
            "eps_growth_yearly": 754.38
        },
        "20131": {
            "year_quarter": 20131,
            "year": 2013,
            "quarter": 1,
            "eps": 1.51,
            "eps_growth_year": 33.63,
            "eps_4q": 5.39,
            "eps_4q_growth_year": -46.84,
            "roe": 3.8,
            "roe_4q": 13.969999999999999,
            "gross_profit": 251881,
            "gross_margin": 12.67,
            "gross_margin_4q_avg": 14.82,
            "net_income": 138563,
            "net_income_4q": null,
            "revenue": 1988211,
            "revenue_4q": null,
            "common_shares": 928377,
            "book_valuer_per_share": 40.66,
            "book_valuer_per_share_4q_avg": 37.94,
            "equity": 3730777,
            "current_ratio": 168.03,
            "debt_ratio": 50.19,
            "inventory_turnover_ratio": 2.1,
            "account_receivable_turnover_ratio": 0.71,
            "reinvestment_rate": 18.18,
            "research_to_sale_ratio": 1.38,
            "price_fair": 166.8,
            "eps_avg_yearly": 4.77,
            "eps_latest_yearly": 6.04,
            "eps_growth_yearly": 766.09
        },
        "20132": {
            "year_quarter": 20132,
            "year": 2013,
            "quarter": 2,
            "eps": -0.32,
            "eps_growth_year": -136.06,
            "eps_4q": 4.19,
            "eps_4q_growth_year": -54.58,
            "roe": -0.82,
            "roe_4q": 10.86,
            "gross_profit": -18146,
            "gross_margin": -1.66,
            "gross_margin_4q_avg": 10.68,
            "net_income": -29095,
            "net_income_4q": null,
            "revenue": 1096122,
            "revenue_4q": null,
            "common_shares": 928377,
            "book_valuer_per_share": 36.5,
            "book_valuer_per_share_4q_avg": 38.06,
            "equity": 3349316,
            "current_ratio": 193.24,
            "debt_ratio": 41.05,
            "inventory_turnover_ratio": 1.82,
            "account_receivable_turnover_ratio": 0.47,
            "reinvestment_rate": 24.72,
            "research_to_sale_ratio": 1.64,
            "price_fair": 166.8,
            "eps_avg_yearly": 4.77,
            "eps_latest_yearly": 6.04,
            "eps_growth_yearly": 766.09
        },
        "20133": {
            "year_quarter": 20133,
            "year": 2013,
            "quarter": 3,
            "eps": -1.18,
            "eps_growth_year": -321.32,
            "eps_4q": 2.47,
            "eps_4q_growth_year": -52.86,
            "roe": -3.29,
            "roe_4q": 6.22,
            "gross_profit": -5528,
            "gross_margin": -0.96,
            "gross_margin_4q_avg": 6.61,
            "net_income": -108314,
            "net_income_4q": null,
            "revenue": 577161,
            "revenue_4q": null,
            "common_shares": 928377,
            "book_valuer_per_share": 35.23,
            "book_valuer_per_share_4q_avg": 37.79,
            "equity": 3233154,
            "current_ratio": 261.87,
            "debt_ratio": 28.47,
            "inventory_turnover_ratio": 1.56,
            "account_receivable_turnover_ratio": 0.43,
            "reinvestment_rate": 18.54,
            "research_to_sale_ratio": 3.78,
            "price_fair": 166.8,
            "eps_avg_yearly": 4.77,
            "eps_latest_yearly": 6.04,
            "eps_growth_yearly": 766.09
        },
        "20134": {
            "year_quarter": 20134,
            "year": 2013,
            "quarter": 4,
            "eps": -1.37,
            "eps_growth_year": -155.63,
            "eps_4q": -1.36,
            "eps_4q_growth_year": -127.08,
            "roe": -3.94,
            "roe_4q": -4.250000000000001,
            "gross_profit": -44065,
            "gross_margin": -8.44,
            "gross_margin_4q_avg": 0.4,
            "net_income": -125595,
            "net_income_4q": null,
            "revenue": 522289,
            "revenue_4q": null,
            "common_shares": 928377,
            "book_valuer_per_share": 34.29,
            "book_valuer_per_share_4q_avg": 36.67,
            "equity": 3146250,
            "current_ratio": 259.5,
            "debt_ratio": 26.64,
            "inventory_turnover_ratio": 1.58,
            "account_receivable_turnover_ratio": 0.63,
            "reinvestment_rate": -56.48,
            "research_to_sale_ratio": 4.32,
            "price_fair": 179.09,
            "eps_avg_yearly": 5.12,
            "eps_latest_yearly": 6.04,
            "eps_growth_yearly": 844.8
        },
        "20141": {
            "year_quarter": 20141,
            "year": 2014,
            "quarter": 1,
            "eps": -1.09,
            "eps_growth_year": -172.19,
            "eps_4q": -3.95,
            "eps_4q_growth_year": -173.32,
            "roe": -3.21,
            "roe_4q": -11.260000000000002,
            "gross_profit": -11813,
            "gross_margin": -1.85,
            "gross_margin_4q_avg": -3.23,
            "net_income": -99715,
            "net_income_4q": null,
            "revenue": 637780,
            "revenue_4q": null,
            "common_shares": 928377,
            "book_valuer_per_share": 33.45,
            "book_valuer_per_share_4q_avg": 34.87,
            "equity": 3069503,
            "current_ratio": 220.64,
            "debt_ratio": 31.5,
            "inventory_turnover_ratio": 1.56,
            "account_receivable_turnover_ratio": 0.81,
            "reinvestment_rate": 29.68,
            "research_to_sale_ratio": 4.03,
            "price_fair": 192.73,
            "eps_avg_yearly": 5.51,
            "eps_latest_yearly": 6.04,
            "eps_growth_yearly": 875.2
        },
        "20142": {
            "year_quarter": 20142,
            "year": 2014,
            "quarter": 2,
            "eps": -1.76,
            "eps_growth_year": null,
            "eps_4q": -5.4,
            "eps_4q_growth_year": -228.87,
            "roe": -5.45,
            "roe_4q": -15.89,
            "gross_profit": 13482,
            "gross_margin": 1.49,
            "gross_margin_4q_avg": -2.44,
            "net_income": -161446,
            "net_income_4q": null,
            "revenue": 903902,
            "revenue_4q": null,
            "common_shares": 928377,
            "book_valuer_per_share": 31.06,
            "book_valuer_per_share_4q_avg": 33.51,
            "equity": 2850000,
            "current_ratio": 185.57,
            "debt_ratio": 36.2,
            "inventory_turnover_ratio": 1.77,
            "account_receivable_turnover_ratio": 0.89,
            "reinvestment_rate": -73.25,
            "research_to_sale_ratio": 3.1,
            "price_fair": 208.6,
            "eps_avg_yearly": 5.96,
            "eps_latest_yearly": 6.04,
            "eps_growth_yearly": 948.15
        },
        "20143": {
            "year_quarter": 20143,
            "year": 2014,
            "quarter": 3,
            "eps": -3.03,
            "eps_growth_year": null,
            "eps_4q": -7.25,
            "eps_4q_growth_year": -393.12,
            "roe": -10.18,
            "roe_4q": -22.78,
            "gross_profit": -140464,
            "gross_margin": -13.3,
            "gross_margin_4q_avg": -5.53,
            "net_income": -278356,
            "net_income_4q": null,
            "revenue": 1055934,
            "revenue_4q": null,
            "common_shares": 928377,
            "book_valuer_per_share": 28.54,
            "book_valuer_per_share_4q_avg": 31.84,
            "equity": 2619263,
            "current_ratio": 150.45,
            "debt_ratio": 44.85,
            "inventory_turnover_ratio": 2.08,
            "account_receivable_turnover_ratio": 0.79,
            "reinvestment_rate": -107.24,
            "research_to_sale_ratio": 2.66,
            "price_fair": 226.24,
            "eps_avg_yearly": 6.46,
            "eps_latest_yearly": 6.04,
            "eps_growth_yearly": 1012.2
        },
        "20144": {
            "year_quarter": 20144,
            "year": 2014,
            "quarter": 4,
            "eps": -1.78,
            "eps_growth_year": null,
            "eps_4q": -7.66,
            "eps_4q_growth_year": null,
            "roe": -6.27,
            "roe_4q": -25.11,
            "gross_profit": -41590,
            "gross_margin": -5.02,
            "gross_margin_4q_avg": -4.67,
            "net_income": -163540,
            "net_income_4q": null,
            "revenue": 828203,
            "revenue_4q": null,
            "common_shares": 928377,
            "book_valuer_per_share": 27.23,
            "book_valuer_per_share_4q_avg": 30.07,
            "equity": 2596764,
            "current_ratio": 139.78,
            "debt_ratio": 45.93,
            "inventory_turnover_ratio": 1.37,
            "account_receivable_turnover_ratio": 0.57,
            "reinvestment_rate": -127.1,
            "research_to_sale_ratio": 3.13,
            "price_fair": 242.82,
            "eps_avg_yearly": 6.94,
            "eps_latest_yearly": 6.04,
            "eps_growth_yearly": 1062.83
        },
        "20151": {
            "year_quarter": 20151,
            "year": 2015,
            "quarter": 1,
            "eps": -1.5,
            "eps_growth_year": null,
            "eps_4q": -8.08,
            "eps_4q_growth_year": null,
            "roe": -6.19,
            "roe_4q": -28.09,
            "gross_profit": -36107,
            "gross_margin": -5.77,
            "gross_margin_4q_avg": -5.65,
            "net_income": -155222,
            "net_income_4q": null,
            "revenue": 625961,
            "revenue_4q": null,
            "common_shares": 928377,
            "book_valuer_per_share": 25.51,
            "book_valuer_per_share_4q_avg": 28.09,
            "equity": 2419872,
            "current_ratio": 139.68,
            "debt_ratio": 42.97,
            "inventory_turnover_ratio": 1.04,
            "account_receivable_turnover_ratio": 0.51,
            "reinvestment_rate": 127.61,
            "research_to_sale_ratio": 4.3,
            "price_fair": 271.78,
            "eps_avg_yearly": 7.77,
            "eps_latest_yearly": 6.04,
            "eps_growth_yearly": 1238.41
        },
        "20152": {
            "year_quarter": 20152,
            "year": 2015,
            "quarter": 2,
            "eps": -1.24,
            "eps_growth_year": null,
            "eps_4q": -7.56,
            "eps_4q_growth_year": null,
            "roe": -4.96,
            "roe_4q": -27.6,
            "gross_profit": 26591,
            "gross_margin": 2.86,
            "gross_margin_4q_avg": -5.31,
            "net_income": -114877,
            "net_income_4q": null,
            "revenue": 930372,
            "revenue_4q": null,
            "common_shares": 928377,
            "book_valuer_per_share": 24.07,
            "book_valuer_per_share_4q_avg": 26.34,
            "equity": 2208779,
            "current_ratio": 139.88,
            "debt_ratio": 45.51,
            "inventory_turnover_ratio": 1.66,
            "account_receivable_turnover_ratio": 0.82,
            "reinvestment_rate": -3043.83,
            "research_to_sale_ratio": 2.74,
            "price_fair": 274.4,
            "eps_avg_yearly": 7.84,
            "eps_latest_yearly": 6.04,
            "eps_growth_yearly": 179.61
        },
        "20153": {
            "year_quarter": 20153,
            "year": 2015,
            "quarter": 3,
            "eps": -0.85,
            "eps_growth_year": null,
            "eps_4q": -5.38,
            "eps_4q_growth_year": null,
            "roe": -3.56,
            "roe_4q": -20.98,
            "gross_profit": 26831,
            "gross_margin": 2.87,
            "gross_margin_4q_avg": -1.27,
            "net_income": -77948,
            "net_income_4q": null,
            "revenue": 935328,
            "revenue_4q": null,
            "common_shares": 928377,
            "book_valuer_per_share": 23.6,
            "book_valuer_per_share_4q_avg": 25.1,
            "equity": 2165642,
            "current_ratio": 143.13,
            "debt_ratio": 43.97,
            "inventory_turnover_ratio": 1.94,
            "account_receivable_turnover_ratio": 0.85,
            "reinvestment_rate": null,
            "research_to_sale_ratio": 2.89,
            "price_fair": 215.13,
            "eps_avg_yearly": 6.15,
            "eps_latest_yearly": 6.04,
            "eps_growth_yearly": 110.46
        },
        "20154": {
            "year_quarter": 20154,
            "year": 2015,
            "quarter": 4,
            "eps": -1.38,
            "eps_growth_year": null,
            "eps_4q": -4.97,
            "eps_4q_growth_year": null,
            "roe": -6.02,
            "roe_4q": -20.73,
            "gross_profit": -31718,
            "gross_margin": -3.62,
            "gross_margin_4q_avg": -0.92,
            "net_income": -126342,
            "net_income_4q": null,
            "revenue": 876453,
            "revenue_4q": null,
            "common_shares": 928377,
            "book_valuer_per_share": 22.18,
            "book_valuer_per_share_4q_avg": 23.84,
            "equity": 2035220,
            "current_ratio": 147.97,
            "debt_ratio": 44.19,
            "inventory_turnover_ratio": 2.23,
            "account_receivable_turnover_ratio": 0.91,
            "reinvestment_rate": null,
            "research_to_sale_ratio": 3.15,
            "price_fair": 182.56,
            "eps_avg_yearly": 5.22,
            "eps_latest_yearly": 6.04,
            "eps_growth_yearly": 164.56
        },
        "20161": {
            "year_quarter": 20161,
            "year": 2016,
            "quarter": 1,
            "eps": -1,
            "eps_growth_year": null,
            "eps_4q": -4.47,
            "eps_4q_growth_year": null,
            "roe": -4.6,
            "roe_4q": -19.14,
            "gross_profit": 9132,
            "gross_margin": 2.25,
            "gross_margin_4q_avg": 1.09,
            "net_income": -91692,
            "net_income_4q": null,
            "revenue": 405140,
            "revenue_4q": null,
            "common_shares": 928377,
            "book_valuer_per_share": 21.29,
            "book_valuer_per_share_4q_avg": 22.79,
            "equity": 1953669,
            "current_ratio": 168,
            "debt_ratio": 34.96,
            "inventory_turnover_ratio": 1.27,
            "account_receivable_turnover_ratio": 0.53,
            "reinvestment_rate": null,
            "research_to_sale_ratio": 5.98,
            "price_fair": 188.65,
            "eps_avg_yearly": 5.39,
            "eps_latest_yearly": 6.04,
            "eps_growth_yearly": 263.84
        },
        "20162": {
            "year_quarter": 20162,
            "year": 2016,
            "quarter": 2,
            "eps": -1.92,
            "eps_growth_year": null,
            "eps_4q": -5.15,
            "eps_4q_growth_year": null,
            "roe": -9.47,
            "roe_4q": -23.65,
            "gross_profit": -93508,
            "gross_margin": -40.52,
            "gross_margin_4q_avg": -9.76,
            "net_income": -176259,
            "net_income_4q": null,
            "revenue": 230781,
            "revenue_4q": null,
            "common_shares": 928377,
            "book_valuer_per_share": 19.27,
            "book_valuer_per_share_4q_avg": 21.59,
            "equity": 1768249,
            "current_ratio": 161.28,
            "debt_ratio": 34.11,
            "inventory_turnover_ratio": 1.51,
            "account_receivable_turnover_ratio": 0.48,
            "reinvestment_rate": null,
            "research_to_sale_ratio": 10.76,
            "price_fair": 210,
            "eps_avg_yearly": 6,
            "eps_latest_yearly": 6.04,
            "eps_growth_yearly": 380.11
        },
        "20163": {
            "year_quarter": 20163,
            "year": 2016,
            "quarter": 3,
            "eps": -1.84,
            "eps_growth_year": null,
            "eps_4q": -6.13,
            "eps_4q_growth_year": null,
            "roe": -10.09,
            "roe_4q": -30.180000000000003,
            "gross_profit": -46521,
            "gross_margin": -21.71,
            "gross_margin_4q_avg": -15.9,
            "net_income": -168620,
            "net_income_4q": null,
            "revenue": 214246,
            "revenue_4q": null,
            "common_shares": 928377,
            "book_valuer_per_share": 17.15,
            "book_valuer_per_share_4q_avg": 19.97,
            "equity": 1573646,
            "current_ratio": 167.15,
            "debt_ratio": 35.44,
            "inventory_turnover_ratio": 1.49,
            "account_receivable_turnover_ratio": 0.56,
            "reinvestment_rate": null,
            "research_to_sale_ratio": 11.09,
            "price_fair": 277.9,
            "eps_avg_yearly": 7.94,
            "eps_latest_yearly": 6.04,
            "eps_growth_yearly": 651.07
        },
        "20164": {
            "year_quarter": 20164,
            "year": 2016,
            "quarter": 4,
            "eps": -1.8,
            "eps_growth_year": null,
            "eps_4q": -6.56,
            "eps_4q_growth_year": null,
            "roe": -10.91,
            "roe_4q": -35.07,
            "gross_profit": -36905,
            "gross_margin": -15.3,
            "gross_margin_4q_avg": -18.82,
            "net_income": -164934,
            "net_income_4q": null,
            "revenue": 241288,
            "revenue_4q": null,
            "common_shares": 928377,
            "book_valuer_per_share": 15.79,
            "book_valuer_per_share_4q_avg": 18.38,
            "equity": 1448523,
            "current_ratio": 172.33,
            "debt_ratio": 37.33,
            "inventory_turnover_ratio": 1.72,
            "account_receivable_turnover_ratio": 0.66,
            "reinvestment_rate": null,
            "research_to_sale_ratio": 13.89,
            "price_fair": 18.12,
            "eps_avg_yearly": 6.04,
            "eps_latest_yearly": 6.04,
            "eps_growth_yearly": -154.47
        },
        "20171": {
            "year_quarter": 20171,
            "year": 2017,
            "quarter": 1,
            "eps": -1.03,
            "eps_growth_year": null,
            "eps_4q": -6.86,
            "eps_4q_growth_year": null,
            "roe": -8.7,
            "roe_4q": -39.17,
            "gross_profit": -9112,
            "gross_margin": -5.23,
            "gross_margin_4q_avg": -20.69,
            "net_income": -119641,
            "net_income_4q": null,
            "revenue": 174305,
            "revenue_4q": null,
            "common_shares": 928377,
            "book_valuer_per_share": 14.17,
            "book_valuer_per_share_4q_avg": 16.6,
            "equity": 1300554,
            "current_ratio": 143.97,
            "debt_ratio": 47.42,
            "inventory_turnover_ratio": 1.2,
            "account_receivable_turnover_ratio": 0.52,
            "reinvestment_rate": null,
            "research_to_sale_ratio": 12.47,
            "price_fair": 0,
            "eps_avg_yearly": 0,
            "eps_latest_yearly": 0,
            "eps_growth_yearly": 0
        },
        "20172": {
            "year_quarter": 20172,
            "year": 2017,
            "quarter": 2,
            "eps": -0.77,
            "eps_growth_year": null,
            "eps_4q": -5.71,
            "eps_4q_growth_year": null,
            "roe": -5.57,
            "roe_4q": -35.269999999999996,
            "gross_profit": -5494,
            "gross_margin": -2.62,
            "gross_margin_4q_avg": -11.22,
            "net_income": -71073,
            "net_income_4q": null,
            "revenue": 209546,
            "revenue_4q": null,
            "common_shares": 928377,
            "book_valuer_per_share": 13.65,
            "book_valuer_per_share_4q_avg": 15.19,
            "equity": 1252398,
            "current_ratio": 121.07,
            "debt_ratio": 56.89,
            "inventory_turnover_ratio": 1.5,
            "account_receivable_turnover_ratio": 0.76,
            "reinvestment_rate": null,
            "research_to_sale_ratio": 11.33,
            "price_fair": 0,
            "eps_avg_yearly": 0,
            "eps_latest_yearly": 0,
            "eps_growth_yearly": 0
        },
        "20173": {
            "year_quarter": 20173,
            "year": 2017,
            "quarter": 3,
            "eps": 0.15,
            "eps_growth_year": null,
            "eps_4q": -3.72,
            "eps_4q_growth_year": null,
            "roe": 0.92,
            "roe_4q": -24.259999999999998,
            "gross_profit": 81131,
            "gross_margin": 24.44,
            "gross_margin_4q_avg": 0.32,
            "net_income": 11568,
            "net_income_4q": null,
            "revenue": 331951,
            "revenue_4q": null,
            "common_shares": 928377,
            "book_valuer_per_share": 13.77,
            "book_valuer_per_share_4q_avg": 14.35,
            "equity": 1250434,
            "current_ratio": 81.92,
            "debt_ratio": 61.69,
            "inventory_turnover_ratio": 1.35,
            "account_receivable_turnover_ratio": 1.39,
            "reinvestment_rate": null,
            "research_to_sale_ratio": 8.79,
            "price_fair": 0,
            "eps_avg_yearly": 0,
            "eps_latest_yearly": 0,
            "eps_growth_yearly": 0
        },
        "20174": {
            "year_quarter": 20174,
            "year": 2017,
            "quarter": 4,
            "eps": 2.37,
            "eps_growth_year": null,
            "eps_4q": 0.52,
            "eps_4q_growth_year": null,
            "roe": 16.24,
            "roe_4q": 2.8900000000000006,
            "gross_profit": 275840,
            "gross_margin": 47.31,
            "gross_margin_4q_avg": 15.98,
            "net_income": 220695,
            "net_income_4q": null,
            "revenue": 583024,
            "revenue_4q": null,
            "common_shares": 965777,
            "book_valuer_per_share": 15.57,
            "book_valuer_per_share_4q_avg": 14.29,
            "equity": 1467792,
            "current_ratio": 103.78,
            "debt_ratio": 53.55,
            "inventory_turnover_ratio": 1.5,
            "account_receivable_turnover_ratio": 2.1,
            "reinvestment_rate": null,
            "research_to_sale_ratio": 7.01,
            "price_fair": 331.8,
            "eps_avg_yearly": 9.48,
            "eps_latest_yearly": 9.48,
            "eps_growth_yearly": 5920
        },
        "20181": {
            "year_quarter": 20181,
            "year": 2018,
            "quarter": 1,
            "eps": 0.38,
            "eps_growth_year": null,
            "eps_4q": 2.14,
            "eps_4q_growth_year": null,
            "roe": 1.91,
            "roe_4q": 13.5,
            "gross_profit": 144914,
            "gross_margin": 42.78,
            "gross_margin_4q_avg": 27.98,
            "net_income": 28515,
            "net_income_4q": null,
            "revenue": 338771,
            "revenue_4q": null,
            "common_shares": 965777,
            "book_valuer_per_share": 16.17,
            "book_valuer_per_share_4q_avg": 14.79,
            "equity": 1519170,
            "current_ratio": 107.39,
            "debt_ratio": 50.9,
            "inventory_turnover_ratio": 1.39,
            "account_receivable_turnover_ratio": 1.04,
            "reinvestment_rate": null,
            "research_to_sale_ratio": 13.45,
            "price_fair": 192.5,
            "eps_avg_yearly": 5.5,
            "eps_latest_yearly": 1.52,
            "eps_growth_yearly": 2792.07
        },
        "20182": {
            "year_quarter": 20182,
            "year": 2018,
            "quarter": 2,
            "eps": -0.83,
            "eps_growth_year": null,
            "eps_4q": 1.97,
            "eps_4q_growth_year": null,
            "roe": -5.28,
            "roe_4q": 13.789999999999997,
            "gross_profit": 3162,
            "gross_margin": 1.48,
            "gross_margin_4q_avg": 29,
            "net_income": -84074,
            "net_income_4q": null,
            "revenue": 213201,
            "revenue_4q": null,
            "common_shares": 1015377,
            "book_valuer_per_share": 16.91,
            "book_valuer_per_share_4q_avg": 15.61,
            "equity": 1666920,
            "current_ratio": 123.64,
            "debt_ratio": 47.11,
            "inventory_turnover_ratio": 1.65,
            "account_receivable_turnover_ratio": 0.77,
            "reinvestment_rate": null,
            "research_to_sale_ratio": 21.4,
            "price_fair": 192.5,
            "eps_avg_yearly": 5.5,
            "eps_latest_yearly": 1.52,
            "eps_growth_yearly": 2792.07
        },
        "20183": {
            "year_quarter": 20183,
            "year": 2018,
            "quarter": 3,
            "eps": -0.14,
            "eps_growth_year": -193.33,
            "eps_4q": 1.69,
            "eps_4q_growth_year": null,
            "roe": -1.12,
            "roe_4q": 11.749999999999998,
            "gross_profit": 18656,
            "gross_margin": 6.04,
            "gross_margin_4q_avg": 24.4,
            "net_income": -18673,
            "net_income_4q": null,
            "revenue": 308987,
            "revenue_4q": null,
            "common_shares": 1023757,
            "book_valuer_per_share": 16.79,
            "book_valuer_per_share_4q_avg": 16.36,
            "equity": 1663795,
            "current_ratio": 124.57,
            "debt_ratio": 47.94,
            "inventory_turnover_ratio": 2,
            "account_receivable_turnover_ratio": 1.04,
            "reinvestment_rate": null,
            "research_to_sale_ratio": 15.5,
            "price_fair": 192.5,
            "eps_avg_yearly": 5.5,
            "eps_latest_yearly": 1.52,
            "eps_growth_yearly": 2792.07
        },
        "20184": {
            "year_quarter": 20184,
            "year": 2018,
            "quarter": 4,
            "eps": -0.35,
            "eps_growth_year": -114.54,
            "eps_4q": -0.9,
            "eps_4q_growth_year": -270.91,
            "roe": -2.53,
            "roe_4q": -7.02,
            "gross_profit": 6167,
            "gross_margin": 2.15,
            "gross_margin_4q_avg": 13.11,
            "net_income": -41773,
            "net_income_4q": null,
            "revenue": 287135,
            "revenue_4q": null,
            "common_shares": 1023557,
            "book_valuer_per_share": 16.62,
            "book_valuer_per_share_4q_avg": 16.62,
            "equity": 1639424,
            "current_ratio": 120.79,
            "debt_ratio": 47.44,
            "inventory_turnover_ratio": 1.98,
            "account_receivable_turnover_ratio": 0.88,
            "reinvestment_rate": null,
            "research_to_sale_ratio": 17.87,
            "price_fair": 192.5,
            "eps_avg_yearly": 5.5,
            "eps_latest_yearly": 1.52,
            "eps_growth_yearly": 2792.07
        },
        "20191": {
            "year_quarter": 20191,
            "year": 2019,
            "quarter": 1,
            "eps": -0.36,
            "eps_growth_year": -194.74,
            "eps_4q": -1.59,
            "eps_4q_growth_year": -174.14,
            "roe": -2.53,
            "roe_4q": -11.46,
            "gross_profit": 18151,
            "gross_margin": 8.45,
            "gross_margin_4q_avg": 4.53,
            "net_income": -41300,
            "net_income_4q": null,
            "revenue": 214901,
            "revenue_4q": null,
            "common_shares": 1023357,
            "book_valuer_per_share": 16.49,
            "book_valuer_per_share_4q_avg": 16.7,
            "equity": 1620100,
            "current_ratio": 113.75,
            "debt_ratio": 49.31,
            "inventory_turnover_ratio": 1.69,
            "account_receivable_turnover_ratio": 0.66,
            "reinvestment_rate": null,
            "research_to_sale_ratio": 20.52,
            "price_fair": 192.5,
            "eps_avg_yearly": 5.5,
            "eps_latest_yearly": 1.52,
            "eps_growth_yearly": 2792.07
        },
        "20192": {
            "year_quarter": 20192,
            "year": 2019,
            "quarter": 2,
            "eps": -1.3,
            "eps_growth_year": null,
            "eps_4q": -2.08,
            "eps_4q_growth_year": -205.37,
            "roe": -8.4,
            "roe_4q": -14.579999999999998,
            "gross_profit": 16765,
            "gross_margin": 8.12,
            "gross_margin_4q_avg": 6.19,
            "net_income": -131234,
            "net_income_4q": null,
            "revenue": 206587,
            "revenue_4q": null,
            "common_shares": 1023357,
            "book_valuer_per_share": 15.41,
            "book_valuer_per_share_4q_avg": 16.33,
            "equity": 1506151,
            "current_ratio": 107.19,
            "debt_ratio": 51.2,
            "inventory_turnover_ratio": 1.47,
            "account_receivable_turnover_ratio": 0.7,
            "reinvestment_rate": null,
            "research_to_sale_ratio": 19.82,
            "price_fair": 192.5,
            "eps_avg_yearly": 5.5,
            "eps_latest_yearly": 1.52,
            "eps_growth_yearly": 2792.07
        },
        "20193": {
            "year_quarter": 20193,
            "year": 2019,
            "quarter": 3,
            "eps": -0.81,
            "eps_growth_year": null,
            "eps_4q": -2.73,
            "eps_4q_growth_year": -261.92,
            "roe": -5.71,
            "roe_4q": -19.17,
            "gross_profit": 12603,
            "gross_margin": 4.67,
            "gross_margin_4q_avg": 5.85,
            "net_income": -83880,
            "net_income_4q": null,
            "revenue": 270085,
            "revenue_4q": null,
            "common_shares": 1023157,
            "book_valuer_per_share": 14.69,
            "book_valuer_per_share_4q_avg": 15.8,
            "equity": 1430319,
            "current_ratio": 99.75,
            "debt_ratio": 53.41,
            "inventory_turnover_ratio": 1.57,
            "account_receivable_turnover_ratio": 1.04,
            "reinvestment_rate": null,
            "research_to_sale_ratio": 15.72,
            "price_fair": 192.5,
            "eps_avg_yearly": 5.5,
            "eps_latest_yearly": 1.52,
            "eps_growth_yearly": 2792.07
        },
        "20194": {
            "year_quarter": 20194,
            "year": 2019,
            "quarter": 4,
            "eps": -0.9,
            "eps_growth_year": null,
            "eps_4q": -3.28,
            "eps_4q_growth_year": null,
            "roe": -6.79,
            "roe_4q": -23.43,
            "gross_profit": 5791,
            "gross_margin": 1.78,
            "gross_margin_4q_avg": 5.76,
            "net_income": -93869,
            "net_income_4q": null,
            "revenue": 324606,
            "revenue_4q": null,
            "common_shares": 1023157,
            "book_valuer_per_share": 13.71,
            "book_valuer_per_share_4q_avg": 15.08,
            "equity": 1334043,
            "current_ratio": 95.45,
            "debt_ratio": 54.23,
            "inventory_turnover_ratio": 1.87,
            "account_receivable_turnover_ratio": 1.18,
            "reinvestment_rate": null,
            "research_to_sale_ratio": 13.84,
            "price_fair": 192.5,
            "eps_avg_yearly": 5.5,
            "eps_latest_yearly": 1.52,
            "eps_growth_yearly": 2792.07
        },
        "20201": {
            "year_quarter": 20201,
            "year": 2020,
            "quarter": 1,
            "eps": -1.03,
            "eps_growth_year": null,
            "eps_4q": -3.94,
            "eps_4q_growth_year": null,
            "roe": -8.18,
            "roe_4q": -29.08,
            "gross_profit": 7984,
            "gross_margin": 3.59,
            "gross_margin_4q_avg": 4.54,
            "net_income": -103839,
            "net_income_4q": null,
            "revenue": 222586,
            "revenue_4q": null,
            "common_shares": 1022677,
            "book_valuer_per_share": 12.48,
            "book_valuer_per_share_4q_avg": 14.07,
            "equity": 1205988,
            "current_ratio": 90.26,
            "debt_ratio": 55.62,
            "inventory_turnover_ratio": 1.36,
            "account_receivable_turnover_ratio": 0.94,
            "reinvestment_rate": null,
            "research_to_sale_ratio": 18.25,
            "price_fair": 192.5,
            "eps_avg_yearly": 5.5,
            "eps_latest_yearly": 1.52,
            "eps_growth_yearly": 2792.07
        },
        "20202": {
            "year_quarter": 20202,
            "year": 2020,
            "quarter": 2,
            "eps": -0.31,
            "eps_growth_year": null,
            "eps_4q": -2.97,
            "eps_4q_growth_year": null,
            "roe": -2.75,
            "roe_4q": -23.43,
            "gross_profit": -689,
            "gross_margin": -0.33,
            "gross_margin_4q_avg": 2.43,
            "net_income": -32359,
            "net_income_4q": null,
            "revenue": 207212,
            "revenue_4q": null,
            "common_shares": 1022677,
            "book_valuer_per_share": 11.96,
            "book_valuer_per_share_4q_avg": 13.21,
            "equity": 1150761,
            "current_ratio": 82.58,
            "debt_ratio": 56.62,
            "inventory_turnover_ratio": 1.32,
            "account_receivable_turnover_ratio": 1.06,
            "reinvestment_rate": null,
            "research_to_sale_ratio": 19.17,
            "price_fair": 192.5,
            "eps_avg_yearly": 5.5,
            "eps_latest_yearly": 1.52,
            "eps_growth_yearly": 2792.07
        },
        "20203": {
            "year_quarter": 20203,
            "year": 2020,
            "quarter": 3,
            "eps": 0.17,
            "eps_growth_year": null,
            "eps_4q": -2.03,
            "eps_4q_growth_year": null,
            "roe": 1.32,
            "roe_4q": -16.4,
            "gross_profit": -732,
            "gross_margin": -0.33,
            "gross_margin_4q_avg": 1.18,
            "net_income": 15355,
            "net_income_4q": null,
            "revenue": 221495,
            "revenue_4q": null,
            "common_shares": 1022677,
            "book_valuer_per_share": 12.18,
            "book_valuer_per_share_4q_avg": 12.58,
            "equity": 1172901,
            "current_ratio": 80.6,
            "debt_ratio": 64.33,
            "inventory_turnover_ratio": 1.29,
            "account_receivable_turnover_ratio": 1.07,
            "reinvestment_rate": null,
            "research_to_sale_ratio": 19.57,
            "price_fair": 192.5,
            "eps_avg_yearly": 5.5,
            "eps_latest_yearly": 1.52,
            "eps_growth_yearly": 2792.07
        },
        "20204": {
            "year_quarter": 20204,
            "year": 2020,
            "quarter": 4,
            "eps": -0.51,
            "eps_growth_year": null,
            "eps_4q": -1.64,
            "eps_4q_growth_year": null,
            "roe": -4.65,
            "roe_4q": -14.26,
            "gross_profit": -10963,
            "gross_margin": -3.88,
            "gross_margin_4q_avg": -0.24,
            "net_income": -53293,
            "net_income_4q": null,
            "revenue": 282325,
            "revenue_4q": null,
            "common_shares": 1022277,
            "book_valuer_per_share": 11.67,
            "book_valuer_per_share_4q_avg": 12.07,
            "equity": 1118811,
            "current_ratio": 84.11,
            "debt_ratio": 65.45,
            "inventory_turnover_ratio": 1.76,
            "account_receivable_turnover_ratio": 1.13,
            "reinvestment_rate": null,
            "research_to_sale_ratio": 14.31,
            "price_fair": 192.5,
            "eps_avg_yearly": 5.5,
            "eps_latest_yearly": 1.52,
            "eps_growth_yearly": 2792.07
        },
        "20211": {
            "year_quarter": 20211,
            "year": 2021,
            "quarter": 1,
            "eps": -0.18,
            "eps_growth_year": null,
            "eps_4q": -0.82,
            "eps_4q_growth_year": null,
            "roe": -1.74,
            "roe_4q": -7.82,
            "gross_profit": 5892,
            "gross_margin": 2.27,
            "gross_margin_4q_avg": -0.57,
            "net_income": -19294,
            "net_income_4q": null,
            "revenue": 259646,
            "revenue_4q": null,
            "common_shares": 1022177,
            "book_valuer_per_share": 11.52,
            "book_valuer_per_share_4q_avg": 11.83,
            "equity": 1101179,
            "current_ratio": 80.49,
            "debt_ratio": 65.54,
            "inventory_turnover_ratio": 1.62,
            "account_receivable_turnover_ratio": 0.97,
            "reinvestment_rate": null,
            "research_to_sale_ratio": 13.52,
            "price_fair": 192.5,
            "eps_avg_yearly": 5.5,
            "eps_latest_yearly": 1.52,
            "eps_growth_yearly": 2792.07
        },
        "20212": {
            "year_quarter": 20212,
            "year": 2021,
            "quarter": 2,
            "eps": -1.34,
            "eps_growth_year": null,
            "eps_4q": -1.84,
            "eps_4q_growth_year": null,
            "roe": -13.06,
            "roe_4q": -18.130000000000003,
            "gross_profit": 23786,
            "gross_margin": 8.62,
            "gross_margin_4q_avg": 1.67,
            "net_income": -134785,
            "net_income_4q": null,
            "revenue": 275855,
            "revenue_4q": null,
            "common_shares": 1021537,
            "book_valuer_per_share": 10.17,
            "book_valuer_per_share_4q_avg": 11.39,
            "equity": 962707,
            "current_ratio": 83.41,
            "debt_ratio": 68.32,
            "inventory_turnover_ratio": 1.54,
            "account_receivable_turnover_ratio": 1.04,
            "reinvestment_rate": null,
            "research_to_sale_ratio": 12.67,
            "price_fair": 192.5,
            "eps_avg_yearly": 5.5,
            "eps_latest_yearly": 1.52,
            "eps_growth_yearly": 2792.07
        },
        "20213": {
            "year_quarter": 20213,
            "year": 2021,
            "quarter": 3,
            "eps": 0.34,
            "eps_growth_year": 100,
            "eps_4q": -1.66,
            "eps_4q_growth_year": null,
            "roe": 3.22,
            "roe_4q": -16.23,
            "gross_profit": 52566,
            "gross_margin": 14.45,
            "gross_margin_4q_avg": 5.37,
            "net_income": 31528,
            "net_income_4q": null,
            "revenue": 363806,
            "revenue_4q": null,
            "common_shares": 1021417,
            "book_valuer_per_share": 10.52,
            "book_valuer_per_share_4q_avg": 10.97,
            "equity": 995218,
            "current_ratio": 87.32,
            "debt_ratio": 68.63,
            "inventory_turnover_ratio": 1.62,
            "account_receivable_turnover_ratio": 1.12,
            "reinvestment_rate": null,
            "research_to_sale_ratio": 10.06,
            "price_fair": 192.5,
            "eps_avg_yearly": 5.5,
            "eps_latest_yearly": 1.52,
            "eps_growth_yearly": 2792.07
        },
        "20214": {
            "year_quarter": 20214,
            "year": 2021,
            "quarter": 4,
            "eps": 0.25,
            "eps_growth_year": null,
            "eps_4q": -0.9,
            "eps_4q_growth_year": null,
            "roe": 2.35,
            "roe_4q": -9.23,
            "gross_profit": 47638,
            "gross_margin": 10.95,
            "gross_margin_4q_avg": 9.07,
            "net_income": 23591,
            "net_income_4q": null,
            "revenue": 435154,
            "revenue_4q": null,
            "common_shares": 1021417,
            "book_valuer_per_share": 10.7,
            "book_valuer_per_share_4q_avg": 10.73,
            "equity": 1012088,
            "current_ratio": 87.77,
            "debt_ratio": 68.26,
            "inventory_turnover_ratio": 1.93,
            "account_receivable_turnover_ratio": 1.01,
            "reinvestment_rate": null,
            "research_to_sale_ratio": 6.46,
            "price_fair": 3.78,
            "eps_avg_yearly": 1.26,
            "eps_latest_yearly": 1,
            "eps_growth_yearly": -220.87
        },
        "20221": {
            "year_quarter": 20221,
            "year": 2022,
            "quarter": 1,
            "eps": -0.41,
            "eps_growth_year": null,
            "eps_4q": -1.13,
            "eps_4q_growth_year": null,
            "roe": -4.26,
            "roe_4q": -11.75,
            "gross_profit": 11732,
            "gross_margin": 3.56,
            "gross_margin_4q_avg": 9.4,
            "net_income": -42302,
            "net_income_4q": null,
            "revenue": 329852,
            "revenue_4q": null,
            "common_shares": 1021417,
            "book_valuer_per_share": 10.36,
            "book_valuer_per_share_4q_avg": 10.44,
            "equity": 975309,
            "current_ratio": 84.84,
            "debt_ratio": 69.25,
            "inventory_turnover_ratio": 1.77,
            "account_receivable_turnover_ratio": 0.81,
            "reinvestment_rate": null,
            "research_to_sale_ratio": 9.14,
            "price_fair": 3,
            "eps_avg_yearly": 1,
            "eps_latest_yearly": 1,
            "eps_growth_yearly": -105.88
        },
        "20222": {
            "year_quarter": 20222,
            "year": 2022,
            "quarter": 2,
            "eps": -0.63,
            "eps_growth_year": null,
            "eps_4q": -0.44,
            "eps_4q_growth_year": null,
            "roe": -6.78,
            "roe_4q": -5.469999999999999,
            "gross_profit": 16308,
            "gross_margin": 5.05,
            "gross_margin_4q_avg": 8.5,
            "net_income": -64183,
            "net_income_4q": null,
            "revenue": 322676,
            "revenue_4q": null,
            "common_shares": 1021417,
            "book_valuer_per_share": 9.98,
            "book_valuer_per_share_4q_avg": 10.39,
            "equity": 919116,
            "current_ratio": 81.2,
            "debt_ratio": 70.42,
            "inventory_turnover_ratio": 1.8,
            "account_receivable_turnover_ratio": 0.98,
            "reinvestment_rate": null,
            "research_to_sale_ratio": 9.32,
            "price_fair": 3,
            "eps_avg_yearly": 1,
            "eps_latest_yearly": 1,
            "eps_growth_yearly": -105.88
        },
        "20223": {
            "year_quarter": 20223,
            "year": 2022,
            "quarter": 3,
            "eps": -0.74,
            "eps_growth_year": -317.65,
            "eps_4q": -1.52,
            "eps_4q_growth_year": null,
            "roe": -8.54,
            "roe_4q": -17.229999999999997,
            "gross_profit": 13683,
            "gross_margin": 4.63,
            "gross_margin_4q_avg": 6.05,
            "net_income": -75833,
            "net_income_4q": null,
            "revenue": 295683,
            "revenue_4q": null,
            "common_shares": 1021417,
            "book_valuer_per_share": 9.38,
            "book_valuer_per_share_4q_avg": 10.11,
            "equity": 856973,
            "current_ratio": 77.88,
            "debt_ratio": 71.54,
            "inventory_turnover_ratio": 1.8,
            "account_receivable_turnover_ratio": 1,
            "reinvestment_rate": null,
            "research_to_sale_ratio": 11.05,
            "price_fair": 3,
            "eps_avg_yearly": 1,
            "eps_latest_yearly": 1,
            "eps_growth_yearly": -105.88
        },
        "20224": {
            "year_quarter": 20224,
            "year": 2022,
            "quarter": 4,
            "eps": -0.27,
            "eps_growth_year": -205.95,
            "eps_4q": -2.04,
            "eps_4q_growth_year": null,
            "roe": -3.26,
            "roe_4q": -22.839999999999996,
            "gross_profit": 14359,
            "gross_margin": 5.55,
            "gross_margin_4q_avg": 4.7,
            "net_income": -27453,
            "net_income_4q": null,
            "revenue": 258861,
            "revenue_4q": null,
            "common_shares": 1021417,
            "book_valuer_per_share": 9.07,
            "book_valuer_per_share_4q_avg": 9.7,
            "equity": 825209,
            "current_ratio": 76.99,
            "debt_ratio": 71.21,
            "inventory_turnover_ratio": 1.76,
            "account_receivable_turnover_ratio": 1.02,
            "reinvestment_rate": null,
            "research_to_sale_ratio": 10.94,
            "price_fair": 3,
            "eps_avg_yearly": 1,
            "eps_latest_yearly": 1,
            "eps_growth_yearly": -105.88
        },
        "20231": {
            "year_quarter": 20231,
            "year": 2023,
            "quarter": 1,
            "eps": -0.36,
            "eps_growth_year": null,
            "eps_4q": -1.84,
            "eps_4q_growth_year": null,
            "roe": -4.31,
            "roe_4q": -22.89,
            "gross_profit": 4983,
            "gross_margin": 2.42,
            "gross_margin_4q_avg": 4.41,
            "net_income": -36885,
            "net_income_4q": null,
            "revenue": 205939,
            "revenue_4q": null,
            "common_shares": 1021417,
            "book_valuer_per_share": 9.35,
            "book_valuer_per_share_4q_avg": 9.45,
            "equity": 886381,
            "current_ratio": 68.31,
            "debt_ratio": 69.73,
            "inventory_turnover_ratio": 1.64,
            "account_receivable_turnover_ratio": 0.95,
            "reinvestment_rate": null,
            "research_to_sale_ratio": 15,
            "price_fair": 3,
            "eps_avg_yearly": 1,
            "eps_latest_yearly": 1,
            "eps_growth_yearly": -105.88
        },
        "20232": {
            "year_quarter": 20232,
            "year": 2023,
            "quarter": 2,
            "eps": -0.57,
            "eps_growth_year": null,
            "eps_4q": -1.91,
            "eps_4q_growth_year": null,
            "roe": -7.15,
            "roe_4q": -23.259999999999998,
            "gross_profit": 2593,
            "gross_margin": 1.27,
            "gross_margin_4q_avg": 3.47,
            "net_income": -61408,
            "net_income_4q": null,
            "revenue": 204670,
            "revenue_4q": null,
            "common_shares": 1043117,
            "book_valuer_per_share": 8.85,
            "book_valuer_per_share_4q_avg": 9.16,
            "equity": 832191,
            "current_ratio": 66.1,
            "debt_ratio": 71.13,
            "inventory_turnover_ratio": 1.61,
            "account_receivable_turnover_ratio": 1.08,
            "reinvestment_rate": null,
            "research_to_sale_ratio": 15.2,
            "price_fair": 3,
            "eps_avg_yearly": 1,
            "eps_latest_yearly": 1,
            "eps_growth_yearly": -105.88
        },
        "20233": {
            "year_quarter": 20233,
            "year": 2023,
            "quarter": 3,
            "eps": -0.39,
            "eps_growth_year": null,
            "eps_4q": -1.58,
            "eps_4q_growth_year": null,
            "roe": -5.04,
            "roe_4q": -19.759999999999998,
            "gross_profit": 1218,
            "gross_margin": 0.68,
            "gross_margin_4q_avg": 2.48,
            "net_income": -40941,
            "net_income_4q": null,
            "revenue": 179096,
            "revenue_4q": null,
            "common_shares": 1043117,
            "book_valuer_per_share": 8.48,
            "book_valuer_per_share_4q_avg": 8.94,
            "equity": 793511,
            "current_ratio": 64.33,
            "debt_ratio": 72.89,
            "inventory_turnover_ratio": 1.36,
            "account_receivable_turnover_ratio": 0.94,
            "reinvestment_rate": null,
            "research_to_sale_ratio": 16.94,
            "price_fair": 3,
            "eps_avg_yearly": 1,
            "eps_latest_yearly": 1,
            "eps_growth_yearly": -105.88
        }
    },
    "months": {
        "2006-07": {
            "month": "2006-07",
            "price": "104.15",
            "revenue": 56335
        },
        "2006-08": {
            "month": "2006-08",
            "price": "96.16",
            "revenue": 44190
        },
        "2006-09": {
            "month": "2006-09",
            "price": "112.32",
            "revenue": 37273
        },
        "2006-10": {
            "month": "2006-10",
            "price": "113.85",
            "revenue": 54097
        },
        "2006-11": {
            "month": "2006-11",
            "price": "119.91",
            "revenue": 68791
        },
        "2006-12": {
            "month": "2006-12",
            "price": "99.57",
            "revenue": 49153
        },
        "2007-01": {
            "month": "2007-01",
            "price": "110.97",
            "revenue": 44547
        },
        "2007-02": {
            "month": "2007-02",
            "price": "117.38",
            "revenue": 53154
        },
        "2007-03": {
            "month": "2007-03",
            "price": "116.88",
            "revenue": 68651
        },
        "2007-04": {
            "month": "2007-04",
            "price": "113.33",
            "revenue": 57778
        },
        "2007-05": {
            "month": "2007-05",
            "price": "114.44",
            "revenue": 46788
        },
        "2007-06": {
            "month": "2007-06",
            "price": "142.24",
            "revenue": 67746
        },
        "2007-07": {
            "month": "2007-07",
            "price": "149.73",
            "revenue": 76022
        },
        "2007-08": {
            "month": "2007-08",
            "price": "143.43",
            "revenue": 128772
        },
        "2007-09": {
            "month": "2007-09",
            "price": "135.05",
            "revenue": 113054
        },
        "2007-10": {
            "month": "2007-10",
            "price": "136.73",
            "revenue": 149226
        },
        "2007-11": {
            "month": "2007-11",
            "price": "150.18",
            "revenue": 222596
        },
        "2007-12": {
            "month": "2007-12",
            "price": "137.83",
            "revenue": 195418
        },
        "2008-01": {
            "month": "2008-01",
            "price": "135.91",
            "revenue": 127732
        },
        "2008-02": {
            "month": "2008-02",
            "price": "119.50",
            "revenue": 119197
        },
        "2008-03": {
            "month": "2008-03",
            "price": "126.14",
            "revenue": 182931
        },
        "2008-04": {
            "month": "2008-04",
            "price": "137.98",
            "revenue": 168463
        },
        "2008-05": {
            "month": "2008-05",
            "price": "181.36",
            "revenue": 140221
        },
        "2008-06": {
            "month": "2008-06",
            "price": "178.50",
            "revenue": 78778
        },
        "2008-07": {
            "month": "2008-07",
            "price": "156.41",
            "revenue": 98354
        },
        "2008-08": {
            "month": "2008-08",
            "price": "132.57",
            "revenue": 106831
        },
        "2008-09": {
            "month": "2008-09",
            "price": "106.85",
            "revenue": 129128
        },
        "2008-10": {
            "month": "2008-10",
            "price": "62.49",
            "revenue": 161679
        },
        "2008-11": {
            "month": "2008-11",
            "price": "43.73",
            "revenue": 106578
        },
        "2008-12": {
            "month": "2008-12",
            "price": "42.92",
            "revenue": 76012
        },
        "2009-01": {
            "month": "2009-01",
            "price": "42.53",
            "revenue": 58383
        },
        "2009-02": {
            "month": "2009-02",
            "price": "47.48",
            "revenue": 70729
        },
        "2009-03": {
            "month": "2009-03",
            "price": "59.20",
            "revenue": 73174
        },
        "2009-04": {
            "month": "2009-04",
            "price": "61.70",
            "revenue": 68421
        },
        "2009-05": {
            "month": "2009-05",
            "price": "57.13",
            "revenue": 85329
        },
        "2009-06": {
            "month": "2009-06",
            "price": "56.89",
            "revenue": 63076
        },
        "2009-07": {
            "month": "2009-07",
            "price": "59.63",
            "revenue": 52284
        },
        "2009-08": {
            "month": "2009-08",
            "price": "58.10",
            "revenue": 52502
        },
        "2009-09": {
            "month": "2009-09",
            "price": "58.81",
            "revenue": 51851
        },
        "2009-10": {
            "month": "2009-10",
            "price": "60.33",
            "revenue": 200264
        },
        "2009-11": {
            "month": "2009-11",
            "price": "69.50",
            "revenue": 220315
        },
        "2009-12": {
            "month": "2009-12",
            "price": "79.22",
            "revenue": 159741
        },
        "2010-01": {
            "month": "2010-01",
            "price": "80.90",
            "revenue": 160430
        },
        "2010-02": {
            "month": "2010-02",
            "price": "71.46",
            "revenue": 134659
        },
        "2010-03": {
            "month": "2010-03",
            "price": "79.70",
            "revenue": 195416
        },
        "2010-04": {
            "month": "2010-04",
            "price": "76.85",
            "revenue": 187083
        },
        "2010-05": {
            "month": "2010-05",
            "price": "61.47",
            "revenue": 200921
        },
        "2010-06": {
            "month": "2010-06",
            "price": "60.08",
            "revenue": 201001
        },
        "2010-07": {
            "month": "2010-07",
            "price": "64.95",
            "revenue": 225768
        },
        "2010-08": {
            "month": "2010-08",
            "price": "65.70",
            "revenue": 200117
        },
        "2010-09": {
            "month": "2010-09",
            "price": "62.08",
            "revenue": 251683
        },
        "2010-10": {
            "month": "2010-10",
            "price": "60.94",
            "revenue": 377165
        },
        "2010-11": {
            "month": "2010-11",
            "price": "63.84",
            "revenue": 470294
        },
        "2010-12": {
            "month": "2010-12",
            "price": "75.20",
            "revenue": 370821
        },
        "2011-01": {
            "month": "2011-01",
            "price": "61.72",
            "revenue": 278880
        },
        "2011-02": {
            "month": "2011-02",
            "price": "61.29",
            "revenue": 202709
        },
        "2011-03": {
            "month": "2011-03",
            "price": "68.19",
            "revenue": 205086
        },
        "2011-04": {
            "month": "2011-04",
            "price": "71.61",
            "revenue": 369093
        },
        "2011-05": {
            "month": "2011-05",
            "price": "75.02",
            "revenue": 608597
        },
        "2011-06": {
            "month": "2011-06",
            "price": "75.88",
            "revenue": 680556
        },
        "2011-07": {
            "month": "2011-07",
            "price": "79.24",
            "revenue": 683314
        },
        "2011-08": {
            "month": "2011-08",
            "price": "81.28",
            "revenue": 688957
        },
        "2011-09": {
            "month": "2011-09",
            "price": "81.09",
            "revenue": 827292
        },
        "2011-10": {
            "month": "2011-10",
            "price": "93.52",
            "revenue": 846087
        },
        "2011-11": {
            "month": "2011-11",
            "price": "121.50",
            "revenue": 851325
        },
        "2011-12": {
            "month": "2011-12",
            "price": "95.58",
            "revenue": 621532
        },
        "2012-01": {
            "month": "2012-01",
            "price": "88.96",
            "revenue": 421107
        },
        "2012-02": {
            "month": "2012-02",
            "price": "116.02",
            "revenue": 270378
        },
        "2012-03": {
            "month": "2012-03",
            "price": "108.90",
            "revenue": 456723
        },
        "2012-04": {
            "month": "2012-04",
            "price": "96.63",
            "revenue": 512762
        },
        "2012-05": {
            "month": "2012-05",
            "price": "85.36",
            "revenue": 411543
        },
        "2012-06": {
            "month": "2012-06",
            "price": "73.18",
            "revenue": 414159
        },
        "2012-07": {
            "month": "2012-07",
            "price": "68.17",
            "revenue": 362566
        },
        "2012-08": {
            "month": "2012-08",
            "price": "66.63",
            "revenue": 370438
        },
        "2012-09": {
            "month": "2012-09",
            "price": "75.64",
            "revenue": 344810
        },
        "2012-10": {
            "month": "2012-10",
            "price": "67.56",
            "revenue": 652796
        },
        "2012-11": {
            "month": "2012-11",
            "price": "66.60",
            "revenue": 868487
        },
        "2012-12": {
            "month": "2012-12",
            "price": "76.37",
            "revenue": 886109
        },
        "2013-01": {
            "month": "2013-01",
            "price": "79.99",
            "revenue": 794491
        },
        "2013-02": {
            "month": "2013-02",
            "price": "75.42",
            "revenue": 500651
        },
        "2013-03": {
            "month": "2013-03",
            "price": "71.61",
            "revenue": 714737
        },
        "2013-04": {
            "month": "2013-04",
            "price": "74.02",
            "revenue": 351638
        },
        "2013-05": {
            "month": "2013-05",
            "price": "70.76",
            "revenue": 404913
        },
        "2013-06": {
            "month": "2013-06",
            "price": "66.20",
            "revenue": 375675
        },
        "2013-07": {
            "month": "2013-07",
            "price": "63.82",
            "revenue": 301776
        },
        "2013-08": {
            "month": "2013-08",
            "price": "56.62",
            "revenue": 154280
        },
        "2013-09": {
            "month": "2013-09",
            "price": "51.44",
            "revenue": 162338
        },
        "2013-10": {
            "month": "2013-10",
            "price": "45.14",
            "revenue": 200664
        },
        "2013-11": {
            "month": "2013-11",
            "price": "41.42",
            "revenue": 180495
        },
        "2013-12": {
            "month": "2013-12",
            "price": "44.49",
            "revenue": 174341
        },
        "2014-01": {
            "month": "2014-01",
            "price": "44.84",
            "revenue": 231815
        },
        "2014-02": {
            "month": "2014-02",
            "price": "46.55",
            "revenue": 186689
        },
        "2014-03": {
            "month": "2014-03",
            "price": "49.16",
            "revenue": 244634
        },
        "2014-04": {
            "month": "2014-04",
            "price": "48.10",
            "revenue": 247398
        },
        "2014-05": {
            "month": "2014-05",
            "price": "45.86",
            "revenue": 273375
        },
        "2014-06": {
            "month": "2014-06",
            "price": "43.36",
            "revenue": 401282
        },
        "2014-07": {
            "month": "2014-07",
            "price": "41.43",
            "revenue": 547679
        },
        "2014-08": {
            "month": "2014-08",
            "price": "33.28",
            "revenue": 299548
        },
        "2014-09": {
            "month": "2014-09",
            "price": "33.26",
            "revenue": 208707
        },
        "2014-10": {
            "month": "2014-10",
            "price": "31.18",
            "revenue": 360871
        },
        "2014-11": {
            "month": "2014-11",
            "price": "26.66",
            "revenue": 259648
        },
        "2014-12": {
            "month": "2014-12",
            "price": "24.95",
            "revenue": 212446
        },
        "2015-01": {
            "month": "2015-01",
            "price": "29.53",
            "revenue": 150566
        },
        "2015-02": {
            "month": "2015-02",
            "price": "27.06",
            "revenue": 152401
        },
        "2015-03": {
            "month": "2015-03",
            "price": "26.76",
            "revenue": 226303
        },
        "2015-04": {
            "month": "2015-04",
            "price": "23.91",
            "revenue": 295119
        },
        "2015-05": {
            "month": "2015-05",
            "price": "18.42",
            "revenue": 347551
        },
        "2015-06": {
            "month": "2015-06",
            "price": "15.22",
            "revenue": 250762
        },
        "2015-07": {
            "month": "2015-07",
            "price": "16.72",
            "revenue": 359647
        },
        "2015-08": {
            "month": "2015-08",
            "price": "11.73",
            "revenue": 269832
        },
        "2015-09": {
            "month": "2015-09",
            "price": "10.92",
            "revenue": 295568
        },
        "2015-10": {
            "month": "2015-10",
            "price": "14.26",
            "revenue": 210622
        },
        "2015-11": {
            "month": "2015-11",
            "price": "15.39",
            "revenue": 300236
        },
        "2015-12": {
            "month": "2015-12",
            "price": "14.38",
            "revenue": 353111
        },
        "2016-01": {
            "month": "2016-01",
            "price": "12.59",
            "revenue": 201499
        },
        "2016-02": {
            "month": "2016-02",
            "price": "12.90",
            "revenue": 67044
        },
        "2016-03": {
            "month": "2016-03",
            "price": "14.10",
            "revenue": 120385
        },
        "2016-04": {
            "month": "2016-04",
            "price": "13.45",
            "revenue": 70280
        },
        "2016-05": {
            "month": "2016-05",
            "price": "12.07",
            "revenue": 92590
        },
        "2016-06": {
            "month": "2016-06",
            "price": "12.11",
            "revenue": 77838
        },
        "2016-07": {
            "month": "2016-07",
            "price": "13.33",
            "revenue": 61813
        },
        "2016-08": {
            "month": "2016-08",
            "price": "12.48",
            "revenue": 73530
        },
        "2016-09": {
            "month": "2016-09",
            "price": "13.81",
            "revenue": 76295
        },
        "2016-10": {
            "month": "2016-10",
            "price": "16.14",
            "revenue": 88597
        },
        "2016-11": {
            "month": "2016-11",
            "price": "15.75",
            "revenue": 89651
        },
        "2016-12": {
            "month": "2016-12",
            "price": "16.33",
            "revenue": 51332
        },
        "2017-01": {
            "month": "2017-01",
            "price": "15.54",
            "revenue": 55431
        },
        "2017-02": {
            "month": "2017-02",
            "price": "16.37",
            "revenue": 49265
        },
        "2017-03": {
            "month": "2017-03",
            "price": "16.22",
            "revenue": 70541
        },
        "2017-04": {
            "month": "2017-04",
            "price": "15.39",
            "revenue": 80989
        },
        "2017-05": {
            "month": "2017-05",
            "price": "15.16",
            "revenue": 67358
        },
        "2017-06": {
            "month": "2017-06",
            "price": "15.66",
            "revenue": 59100
        },
        "2017-07": {
            "month": "2017-07",
            "price": "15.27",
            "revenue": 61919
        },
        "2017-08": {
            "month": "2017-08",
            "price": "16.97",
            "revenue": 57263
        },
        "2017-09": {
            "month": "2017-09",
            "price": "22.72",
            "revenue": 204120
        },
        "2017-10": {
            "month": "2017-10",
            "price": "30.06",
            "revenue": 50863
        },
        "2017-11": {
            "month": "2017-11",
            "price": "41.24",
            "revenue": 228433
        },
        "2017-12": {
            "month": "2017-12",
            "price": "48.10",
            "revenue": 310784
        },
        "2018-01": {
            "month": "2018-01",
            "price": "52.93",
            "revenue": 197594
        },
        "2018-02": {
            "month": "2018-02",
            "price": "41.05",
            "revenue": 65766
        },
        "2018-03": {
            "month": "2018-03",
            "price": "47.10",
            "revenue": 75280
        },
        "2018-04": {
            "month": "2018-04",
            "price": "45.83",
            "revenue": 61253
        },
        "2018-05": {
            "month": "2018-05",
            "price": "51.98",
            "revenue": 68737
        },
        "2018-06": {
            "month": "2018-06",
            "price": "64.20",
            "revenue": 83380
        },
        "2018-07": {
            "month": "2018-07",
            "price": "63.34",
            "revenue": 81709
        },
        "2018-08": {
            "month": "2018-08",
            "price": "51.88",
            "revenue": 95281
        },
        "2018-09": {
            "month": "2018-09",
            "price": "42.27",
            "revenue": 129975
        },
        "2018-10": {
            "month": "2018-10",
            "price": "32.06",
            "revenue": 103687
        },
        "2018-11": {
            "month": "2018-11",
            "price": "31.53",
            "revenue": 100132
        },
        "2018-12": {
            "month": "2018-12",
            "price": "31.17",
            "revenue": 81634
        },
        "2019-01": {
            "month": "2019-01",
            "price": "30.74",
            "revenue": 83661
        },
        "2019-02": {
            "month": "2019-02",
            "price": "33.18",
            "revenue": 62914
        },
        "2019-03": {
            "month": "2019-03",
            "price": "34.52",
            "revenue": 72126
        },
        "2019-04": {
            "month": "2019-04",
            "price": "38.38",
            "revenue": 62489
        },
        "2019-05": {
            "month": "2019-05",
            "price": "33.30",
            "revenue": 63297
        },
        "2019-06": {
            "month": "2019-06",
            "price": "31.66",
            "revenue": 80735
        },
        "2019-07": {
            "month": "2019-07",
            "price": "33.25",
            "revenue": 86605
        },
        "2019-08": {
            "month": "2019-08",
            "price": "32.14",
            "revenue": 101294
        },
        "2019-09": {
            "month": "2019-09",
            "price": "32.40",
            "revenue": 81618
        },
        "2019-10": {
            "month": "2019-10",
            "price": "31.25",
            "revenue": 105293
        },
        "2019-11": {
            "month": "2019-11",
            "price": "29.26",
            "revenue": 112666
        },
        "2019-12": {
            "month": "2019-12",
            "price": "28.70",
            "revenue": 104194
        },
        "2020-01": {
            "month": "2020-01",
            "price": "27.65",
            "revenue": 89231
        },
        "2020-02": {
            "month": "2020-02",
            "price": "23.36",
            "revenue": 56681
        },
        "2020-03": {
            "month": "2020-03",
            "price": "17.15",
            "revenue": 76801
        },
        "2020-04": {
            "month": "2020-04",
            "price": "17.54",
            "revenue": 61911
        },
        "2020-05": {
            "month": "2020-05",
            "price": "19.80",
            "revenue": 78619
        },
        "2020-06": {
            "month": "2020-06",
            "price": "19.34",
            "revenue": 66473
        },
        "2020-07": {
            "month": "2020-07",
            "price": "18.79",
            "revenue": 81880
        },
        "2020-08": {
            "month": "2020-08",
            "price": "16.73",
            "revenue": 79282
        },
        "2020-09": {
            "month": "2020-09",
            "price": "18.96",
            "revenue": 84745
        },
        "2020-10": {
            "month": "2020-10",
            "price": "17.83",
            "revenue": 68815
        },
        "2020-11": {
            "month": "2020-11",
            "price": "17.79",
            "revenue": 114697
        },
        "2020-12": {
            "month": "2020-12",
            "price": "24.55",
            "revenue": 99739
        },
        "2021-01": {
            "month": "2021-01",
            "price": "23.42",
            "revenue": 89135
        },
        "2021-02": {
            "month": "2021-02",
            "price": "23.37",
            "revenue": 60691
        },
        "2021-03": {
            "month": "2021-03",
            "price": "25.09",
            "revenue": 109713
        },
        "2021-04": {
            "month": "2021-04",
            "price": "29.20",
            "revenue": 96536
        },
        "2021-05": {
            "month": "2021-05",
            "price": "22.41",
            "revenue": 92934
        },
        "2021-06": {
            "month": "2021-06",
            "price": "21.83",
            "revenue": 86389
        },
        "2021-07": {
            "month": "2021-07",
            "price": "22.50",
            "revenue": 112337
        },
        "2021-08": {
            "month": "2021-08",
            "price": "20.68",
            "revenue": 124742
        },
        "2021-09": {
            "month": "2021-09",
            "price": "20.05",
            "revenue": 130554
        },
        "2021-10": {
            "month": "2021-10",
            "price": "22.72",
            "revenue": 144525
        },
        "2021-11": {
            "month": "2021-11",
            "price": "46.83",
            "revenue": 167266
        },
        "2021-12": {
            "month": "2021-12",
            "price": "65.86",
            "revenue": 124676
        },
        "2022-01": {
            "month": "2022-01",
            "price": "55.18",
            "revenue": 108226
        },
        "2022-02": {
            "month": "2022-02",
            "price": "48.04",
            "revenue": 84422
        },
        "2022-03": {
            "month": "2022-03",
            "price": "43.51",
            "revenue": 137136
        },
        "2022-04": {
            "month": "2022-04",
            "price": "38.57",
            "revenue": 107159
        },
        "2022-05": {
            "month": "2022-05",
            "price": "33.77",
            "revenue": 77979
        },
        "2022-06": {
            "month": "2022-06",
            "price": "33.18",
            "revenue": 137557
        },
        "2022-07": {
            "month": "2022-07",
            "price": "42.21",
            "revenue": 105982
        },
        "2022-08": {
            "month": "2022-08",
            "price": "41.29",
            "revenue": 95164
        },
        "2022-09": {
            "month": "2022-09",
            "price": "35.54",
            "revenue": 94324
        },
        "2022-10": {
            "month": "2022-10",
            "price": "28.80",
            "revenue": 79293
        },
        "2022-11": {
            "month": "2022-11",
            "price": "32.35",
            "revenue": 73170
        },
        "2022-12": {
            "month": "2022-12",
            "price": "36.87",
            "revenue": 106612
        },
        "2023-01": {
            "month": "2023-01",
            "price": "36.97",
            "revenue": 66675
        },
        "2023-02": {
            "month": "2023-02",
            "price": "38.84",
            "revenue": 57246
        },
        "2023-03": {
            "month": "2023-03",
            "price": "37.26",
            "revenue": 82018
        },
        "2023-04": {
            "month": "2023-04",
            "price": "34.63",
            "revenue": 66928
        },
        "2023-05": {
            "month": "2023-05",
            "price": "32.17",
            "revenue": 70897
        },
        "2023-06": {
            "month": "2023-06",
            "price": "32.80",
            "revenue": 66845
        },
        "2023-07": {
            "month": "2023-07",
            "price": "31.91",
            "revenue": 62076
        },
        "2023-08": {
            "month": "2023-08",
            "price": "29.70",
            "revenue": 55734
        },
        "2023-09": {
            "month": "2023-09",
            "price": "30.54",
            "revenue": 61286
        },
        "2023-10": {
            "month": "2023-10",
            "price": "28.57",
            "revenue": 59980
        },
        "2023-11": {
            "month": "2023-11",
            "price": "28.93",
            "revenue": 65545
        }
    }
}
