{
    "summary": {
        "stock_name": "矽瑪",
        "stock_id": "3511",
        "category": "電子零組件",
        "main_business": "連接器之研發、製造與銷售<br>光纖／高頻連接器之研發、製造與銷售<br>HINGE之研發、製造與銷售",
        "website_url": "http://www.simulatechnology.com",
        "ceo": "胡若堯",
        "pe_ratio": 14,
        "report_year_from": 2005,
        "report_year_to": 2023,
        "age": 18,
        "eps_negative_percentage": 29,
        "eps_growth_avg": {
            "last_all": -9.65,
            "last_2y": 23.41,
            "last_4y": 42.56,
            "last_8y": 14.04,
            "last_12y": -12.23,
            "last_16y": null,
            "last_20y": null,
            "at_2006_last_3y": null,
            "at_2007_last_3y": null,
            "at_2008_last_3y": null,
            "at_2009_last_3y": null,
            "at_2010_last_3y": null,
            "at_2011_last_3y": -19.92,
            "at_2012_last_3y": -20.32,
            "at_2013_last_3y": -45.08,
            "at_2014_last_3y": -61.79,
            "at_2015_last_3y": -48.36,
            "at_2016_last_3y": -100,
            "at_2017_last_3y": -100,
            "at_2018_last_3y": -100,
            "at_2019_last_3y": 0,
            "at_2020_last_3y": 14.91,
            "at_2021_last_3y": 23.41,
            "at_2022_last_3y": 42.56,
            "at_2023_last_3y": 42.56,
            "at_2006_last_all": null,
            "at_2007_last_all": null,
            "at_2008_last_all": null,
            "at_2009_last_all": 1.95,
            "at_2010_last_all": 2.99,
            "at_2011_last_all": -19.92,
            "at_2012_last_all": -15.28,
            "at_2013_last_all": -29.4,
            "at_2014_last_all": -29.4,
            "at_2015_last_all": -29.4,
            "at_2016_last_all": -39.49,
            "at_2017_last_all": -39.49,
            "at_2018_last_all": -39.49,
            "at_2019_last_all": -22.05,
            "at_2020_last_all": -27.4,
            "at_2021_last_all": -20.62,
            "at_2022_last_all": -9.65,
            "at_2023_last_all": -9.65
        },
        "latest_eps": 2.54,
        "latest_price": 36.7,
        "latest_roe": 13.72,
        "latest_gross_margin": 16.89,
        "latest_equity": 2306340,
        "latest_revenue": 752787,
        "latest_gross_profit": 127114,
        "latest_net_income": 11751,
        "latest_debt_ratio": 32.9,
        "latest_current_ratio": 228.46,
        "latest_account_receivable_turnover_ratio": 0.95,
        "latest_inventory_turnover_ratio": 1.27,
        "latest_reinvestment_rate": 86.68,
        "latest_research_to_sale_ratio": 2.85
    },
    "eps_dividends": {
        "2001": {
            "cash": 0,
            "stock": 0,
            "eps": 0
        },
        "2002": {
            "cash": 0,
            "stock": 0,
            "eps": 0
        },
        "2003": {
            "cash": 0,
            "stock": 0,
            "eps": 0
        },
        "2004": {
            "cash": 0,
            "stock": 0,
            "eps": 0
        },
        "2005": {
            "cash": 0,
            "stock": 0,
            "eps": 0
        },
        "2006": {
            "cash": 2,
            "stock": 1,
            "eps": 0
        },
        "2007": {
            "cash": 2.5,
            "stock": 0.5,
            "eps": 4.93
        },
        "2008": {
            "cash": 3.2,
            "stock": 0.3,
            "eps": 5.17
        },
        "2009": {
            "cash": 1.8,
            "stock": 0.3,
            "eps": 5.12
        },
        "2010": {
            "cash": 2,
            "stock": 2,
            "eps": 5.38
        },
        "2011": {
            "cash": 5,
            "stock": 0,
            "eps": 0.61
        },
        "2012": {
            "cash": 1.5,
            "stock": 0,
            "eps": 0.63
        },
        "2013": {
            "cash": 0.55,
            "stock": 0.05,
            "eps": -1.67
        },
        "2014": {
            "cash": 1,
            "stock": 0,
            "eps": -1.66
        },
        "2015": {
            "cash": 0,
            "stock": 0,
            "eps": 1.09
        },
        "2016": {
            "cash": 0.8,
            "stock": 0,
            "eps": -3.63
        },
        "2017": {
            "cash": 0,
            "stock": 0,
            "eps": -2.48
        },
        "2018": {
            "cash": 0,
            "stock": 0,
            "eps": 1.31
        },
        "2019": {
            "cash": 0,
            "stock": 0,
            "eps": 3.32
        },
        "2020": {
            "cash": 0,
            "stock": 0,
            "eps": 0.99
        },
        "2021": {
            "cash": 0.25,
            "stock": 0,
            "eps": 1.39
        },
        "2022": {
            "cash": 1,
            "stock": 0,
            "eps": 3.11
        },
        "2023": {
            "cash": 2.5,
            "stock": 0,
            "eps": -0.03
        }
    },
    "dividends": {
        "2006-06-30": {
            "cash": 2,
            "stock": 1
        },
        "2007-06-26": {
            "cash": 2.5,
            "stock": 0.5
        },
        "2008-03-11": {
            "cash": 3.2,
            "stock": 0.3
        },
        "2009-03-04": {
            "cash": 1.8,
            "stock": 0.3
        },
        "2010-03-09": {
            "cash": 2,
            "stock": 2
        },
        "2011-03-14": {
            "cash": 5,
            "stock": 0
        },
        "2012-06-06": {
            "cash": 1.5,
            "stock": 0
        },
        "2013-06-28": {
            "cash": 0.55,
            "stock": 0.05
        },
        "2014-05-14": {
            "cash": 1,
            "stock": 0
        },
        "2016-09-10": {
            "cash": 0.8,
            "stock": 0
        },
        "2021-09-30": {
            "cash": 0.25,
            "stock": 0
        },
        "2022-07-28": {
            "cash": 1,
            "stock": 0
        },
        "2023-07-24": {
            "cash": 2.5,
            "stock": 0
        }
    },
    "prices": {
        "200101": "無",
        "200102": "無",
        "200103": "無",
        "200104": "無",
        "200105": "無",
        "200106": "無",
        "200107": "無",
        "200108": "無",
        "200109": "無",
        "200110": "無",
        "200111": "無",
        "200112": "無",
        "200201": "無",
        "200202": "無",
        "200203": "無",
        "200204": "無",
        "200205": "無",
        "200206": "無",
        "200207": "無",
        "200208": "無",
        "200209": "無",
        "200210": "無",
        "200211": "無",
        "200212": "無",
        "200301": "無",
        "200302": "無",
        "200303": "無",
        "200304": "無",
        "200305": "無",
        "200306": "無",
        "200307": "無",
        "200308": "無",
        "200309": "無",
        "200310": "無",
        "200311": "無",
        "200312": "無",
        "200401": "無",
        "200402": "無",
        "200403": "無",
        "200404": "無",
        "200405": "無",
        "200406": "無",
        "200407": "無",
        "200408": "無",
        "200409": "無",
        "200410": "無",
        "200411": "無",
        "200412": "無",
        "200501": "無",
        "200502": "無",
        "200503": "無",
        "200504": "無",
        "200505": "無",
        "200506": "無",
        "200507": "無",
        "200508": "無",
        "200509": "無",
        "200510": "無",
        "200511": "無",
        "200512": "無",
        "200601": "無",
        "200602": "無",
        "200603": "無",
        "200604": "無",
        "200605": "無",
        "200606": "無",
        "200607": "無",
        "200608": "無",
        "200609": "無",
        "200610": "無",
        "200611": "無",
        "200612": "無",
        "200701": "無",
        "200702": "無",
        "200703": "無",
        "200704": "無",
        "200705": "無",
        "200706": "無",
        "200707": "無",
        "200708": "無",
        "200709": "無",
        "200710": "無",
        "200711": "73.16",
        "200712": "無",
        "200801": "67.88",
        "200802": "65.78",
        "200803": "64.56",
        "200804": "65.50",
        "200805": "69.46",
        "200806": "72.54",
        "200807": "66.50",
        "200808": "58.52",
        "200809": "52.17",
        "200810": "50.58",
        "200811": "37.92",
        "200812": "31.83",
        "200901": "36.10",
        "200902": "29.80",
        "200903": "31.22",
        "200904": "41.30",
        "200905": "47.16",
        "200906": "42.04",
        "200907": "44.25",
        "200908": "52.74",
        "200909": "64.80",
        "200910": "63.30",
        "200911": "62.72",
        "200912": "70.86",
        "201001": "79.85",
        "201002": "72.03",
        "201003": "77.50",
        "201004": "78.36",
        "201005": "70.20",
        "201006": "68.51",
        "201007": "69.76",
        "201008": "65.29",
        "201009": "67.29",
        "201010": "68.90",
        "201011": "61.56",
        "201012": "67.20",
        "201101": "67.34",
        "201102": "62.32",
        "201103": "60.44",
        "201104": "56.91",
        "201105": "51.69",
        "201106": "54.65",
        "201107": "44.21",
        "201108": "34.32",
        "201109": "29.37",
        "201110": "28.08",
        "201111": "23.88",
        "201112": "19.94",
        "201201": "20.47",
        "201202": "28.48",
        "201203": "27.01",
        "201204": "22.74",
        "201205": "20.78",
        "201206": "19.02",
        "201207": "18.28",
        "201208": "18.81",
        "201209": "21.42",
        "201210": "20.05",
        "201211": "18.45",
        "201212": "20.02",
        "201301": "22.60",
        "201302": "23.38",
        "201303": "22.31",
        "201304": "26.28",
        "201305": "24.74",
        "201306": "22.70",
        "201307": "20.10",
        "201308": "18.04",
        "201309": "18.57",
        "201310": "17.90",
        "201311": "15.81",
        "201312": "16.22",
        "201401": "17.23",
        "201402": "19.79",
        "201403": "19.78",
        "201404": "19.80",
        "201405": "19.72",
        "201406": "18.76",
        "201407": "19.85",
        "201408": "18.94",
        "201409": "18.78",
        "201410": "17.98",
        "201411": "18.01",
        "201412": "18.15",
        "201501": "20.41",
        "201502": "21.09",
        "201503": "19.96",
        "201504": "18.74",
        "201505": "16.67",
        "201506": "17.75",
        "201507": "26.74",
        "201508": "37.45",
        "201509": "42.14",
        "201510": "41.12",
        "201511": "33.43",
        "201512": "28.17",
        "201601": "24.11",
        "201602": "29.20",
        "201603": "29.86",
        "201604": "30.87",
        "201605": "25.26",
        "201606": "27.68",
        "201607": "26.36",
        "201608": "23.60",
        "201609": "22.47",
        "201610": "20.52",
        "201611": "16.61",
        "201612": "18.03",
        "201701": "19.88",
        "201702": "19.47",
        "201703": "19.48",
        "201704": "19.78",
        "201705": "19.48",
        "201706": "19.36",
        "201707": "18.31",
        "201708": "17.45",
        "201709": "19.75",
        "201710": "19.17",
        "201711": "17.75",
        "201712": "16.61",
        "201801": "16.58",
        "201802": "14.76",
        "201803": "14.38",
        "201804": "13.88",
        "201805": "14.22",
        "201806": "15.19",
        "201807": "19.86",
        "201808": "20.98",
        "201809": "22.83",
        "201810": "20.89",
        "201811": "22.99",
        "201812": "23.55",
        "201901": "21.13",
        "201902": "22.40",
        "201903": "33.74",
        "201904": "40.38",
        "201905": "34.09",
        "201906": "33.79",
        "201907": "36.91",
        "201908": "38.76",
        "201909": "40.99",
        "201910": "39.71",
        "201911": "44.87",
        "201912": "41.92",
        "202001": "39.54",
        "202002": "34.93",
        "202003": "25.75",
        "202004": "27.86",
        "202005": "27.72",
        "202006": "27.07",
        "202007": "25.15",
        "202008": "23.94",
        "202009": "24.20",
        "202010": "23.89",
        "202011": "26.61",
        "202012": "30.58",
        "202101": "27.03",
        "202102": "29.44",
        "202103": "30.85",
        "202104": "31.94",
        "202105": "29.56",
        "202106": "32.21",
        "202107": "47.70",
        "202108": "44.37",
        "202109": "41.51",
        "202110": "40.90",
        "202111": "40.22",
        "202112": "40.11",
        "202201": "39.31",
        "202202": "38.32",
        "202203": "36.92",
        "202204": "38.65",
        "202205": "37.15",
        "202206": "35.70",
        "202207": "30.04",
        "202208": "33.91",
        "202209": "38.26",
        "202210": "34.49",
        "202211": "36.76",
        "202212": "35.22",
        "202301": "33.08",
        "202302": "34.45",
        "202303": "37.10",
        "202304": "35.62",
        "202305": "33.14",
        "202306": "35.93"
    },
    "quarters": {
        "20011": {
            "year_quarter": 20011,
            "year": 2001,
            "quarter": 1,
            "eps": null,
            "eps_growth_year": null,
            "eps_4q": null,
            "eps_4q_growth_year": null,
            "roe": null,
            "roe_4q": 0,
            "gross_profit": null,
            "gross_margin": null,
            "gross_margin_4q_avg": 0,
            "net_income": null,
            "revenue": null,
            "common_shares": null,
            "book_valuer_per_share": null,
            "book_valuer_per_share_4q_avg": 0,
            "equity": null,
            "current_ratio": null,
            "debt_ratio": null,
            "inventory_turnover_ratio": null,
            "account_receivable_turnover_ratio": null,
            "reinvestment_rate": null,
            "research_to_sale_ratio": null,
            "price_fair": 0,
            "eps_avg_yearly": 0,
            "eps_latest_yearly": 0,
            "eps_growth_yearly": 0
        },
        "20012": {
            "year_quarter": 20012,
            "year": 2001,
            "quarter": 2,
            "eps": null,
            "eps_growth_year": null,
            "eps_4q": null,
            "eps_4q_growth_year": null,
            "roe": null,
            "roe_4q": 0,
            "gross_profit": null,
            "gross_margin": null,
            "gross_margin_4q_avg": 0,
            "net_income": null,
            "revenue": null,
            "common_shares": null,
            "book_valuer_per_share": null,
            "book_valuer_per_share_4q_avg": 0,
            "equity": null,
            "current_ratio": null,
            "debt_ratio": null,
            "inventory_turnover_ratio": null,
            "account_receivable_turnover_ratio": null,
            "reinvestment_rate": null,
            "research_to_sale_ratio": null,
            "price_fair": 0,
            "eps_avg_yearly": 0,
            "eps_latest_yearly": 0,
            "eps_growth_yearly": 0
        },
        "20013": {
            "year_quarter": 20013,
            "year": 2001,
            "quarter": 3,
            "eps": null,
            "eps_growth_year": null,
            "eps_4q": null,
            "eps_4q_growth_year": null,
            "roe": null,
            "roe_4q": 0,
            "gross_profit": null,
            "gross_margin": null,
            "gross_margin_4q_avg": 0,
            "net_income": null,
            "revenue": null,
            "common_shares": null,
            "book_valuer_per_share": null,
            "book_valuer_per_share_4q_avg": 0,
            "equity": null,
            "current_ratio": null,
            "debt_ratio": null,
            "inventory_turnover_ratio": null,
            "account_receivable_turnover_ratio": null,
            "reinvestment_rate": null,
            "research_to_sale_ratio": null,
            "price_fair": 0,
            "eps_avg_yearly": 0,
            "eps_latest_yearly": 0,
            "eps_growth_yearly": 0
        },
        "20014": {
            "year_quarter": 20014,
            "year": 2001,
            "quarter": 4,
            "eps": null,
            "eps_growth_year": null,
            "eps_4q": null,
            "eps_4q_growth_year": null,
            "roe": null,
            "roe_4q": 0,
            "gross_profit": null,
            "gross_margin": null,
            "gross_margin_4q_avg": 0,
            "net_income": null,
            "revenue": null,
            "common_shares": null,
            "book_valuer_per_share": null,
            "book_valuer_per_share_4q_avg": 0,
            "equity": null,
            "current_ratio": null,
            "debt_ratio": null,
            "inventory_turnover_ratio": null,
            "account_receivable_turnover_ratio": null,
            "reinvestment_rate": null,
            "research_to_sale_ratio": null,
            "price_fair": 0,
            "eps_avg_yearly": 0,
            "eps_latest_yearly": 0,
            "eps_growth_yearly": 0
        },
        "20021": {
            "year_quarter": 20021,
            "year": 2002,
            "quarter": 1,
            "eps": null,
            "eps_growth_year": null,
            "eps_4q": null,
            "eps_4q_growth_year": null,
            "roe": null,
            "roe_4q": 0,
            "gross_profit": null,
            "gross_margin": null,
            "gross_margin_4q_avg": 0,
            "net_income": null,
            "revenue": null,
            "common_shares": null,
            "book_valuer_per_share": null,
            "book_valuer_per_share_4q_avg": 0,
            "equity": null,
            "current_ratio": null,
            "debt_ratio": null,
            "inventory_turnover_ratio": null,
            "account_receivable_turnover_ratio": null,
            "reinvestment_rate": null,
            "research_to_sale_ratio": null,
            "price_fair": 0,
            "eps_avg_yearly": 0,
            "eps_latest_yearly": 0,
            "eps_growth_yearly": 0
        },
        "20022": {
            "year_quarter": 20022,
            "year": 2002,
            "quarter": 2,
            "eps": null,
            "eps_growth_year": null,
            "eps_4q": null,
            "eps_4q_growth_year": null,
            "roe": null,
            "roe_4q": 0,
            "gross_profit": null,
            "gross_margin": null,
            "gross_margin_4q_avg": 0,
            "net_income": null,
            "revenue": null,
            "common_shares": null,
            "book_valuer_per_share": null,
            "book_valuer_per_share_4q_avg": 0,
            "equity": null,
            "current_ratio": null,
            "debt_ratio": null,
            "inventory_turnover_ratio": null,
            "account_receivable_turnover_ratio": null,
            "reinvestment_rate": null,
            "research_to_sale_ratio": null,
            "price_fair": 0,
            "eps_avg_yearly": 0,
            "eps_latest_yearly": 0,
            "eps_growth_yearly": 0
        },
        "20023": {
            "year_quarter": 20023,
            "year": 2002,
            "quarter": 3,
            "eps": null,
            "eps_growth_year": null,
            "eps_4q": null,
            "eps_4q_growth_year": null,
            "roe": null,
            "roe_4q": 0,
            "gross_profit": null,
            "gross_margin": null,
            "gross_margin_4q_avg": 0,
            "net_income": null,
            "revenue": null,
            "common_shares": null,
            "book_valuer_per_share": null,
            "book_valuer_per_share_4q_avg": 0,
            "equity": null,
            "current_ratio": null,
            "debt_ratio": null,
            "inventory_turnover_ratio": null,
            "account_receivable_turnover_ratio": null,
            "reinvestment_rate": null,
            "research_to_sale_ratio": null,
            "price_fair": 0,
            "eps_avg_yearly": 0,
            "eps_latest_yearly": 0,
            "eps_growth_yearly": 0
        },
        "20024": {
            "year_quarter": 20024,
            "year": 2002,
            "quarter": 4,
            "eps": null,
            "eps_growth_year": null,
            "eps_4q": null,
            "eps_4q_growth_year": null,
            "roe": null,
            "roe_4q": 0,
            "gross_profit": null,
            "gross_margin": null,
            "gross_margin_4q_avg": 0,
            "net_income": null,
            "revenue": null,
            "common_shares": null,
            "book_valuer_per_share": null,
            "book_valuer_per_share_4q_avg": 0,
            "equity": null,
            "current_ratio": null,
            "debt_ratio": null,
            "inventory_turnover_ratio": null,
            "account_receivable_turnover_ratio": null,
            "reinvestment_rate": null,
            "research_to_sale_ratio": null,
            "price_fair": 0,
            "eps_avg_yearly": 0,
            "eps_latest_yearly": 0,
            "eps_growth_yearly": 0
        },
        "20031": {
            "year_quarter": 20031,
            "year": 2003,
            "quarter": 1,
            "eps": null,
            "eps_growth_year": null,
            "eps_4q": null,
            "eps_4q_growth_year": null,
            "roe": null,
            "roe_4q": 0,
            "gross_profit": null,
            "gross_margin": null,
            "gross_margin_4q_avg": 0,
            "net_income": null,
            "revenue": null,
            "common_shares": null,
            "book_valuer_per_share": null,
            "book_valuer_per_share_4q_avg": 0,
            "equity": null,
            "current_ratio": null,
            "debt_ratio": null,
            "inventory_turnover_ratio": null,
            "account_receivable_turnover_ratio": null,
            "reinvestment_rate": null,
            "research_to_sale_ratio": null,
            "price_fair": 0,
            "eps_avg_yearly": 0,
            "eps_latest_yearly": 0,
            "eps_growth_yearly": 0
        },
        "20032": {
            "year_quarter": 20032,
            "year": 2003,
            "quarter": 2,
            "eps": null,
            "eps_growth_year": null,
            "eps_4q": null,
            "eps_4q_growth_year": null,
            "roe": null,
            "roe_4q": 0,
            "gross_profit": null,
            "gross_margin": null,
            "gross_margin_4q_avg": 0,
            "net_income": null,
            "revenue": null,
            "common_shares": null,
            "book_valuer_per_share": null,
            "book_valuer_per_share_4q_avg": 0,
            "equity": null,
            "current_ratio": null,
            "debt_ratio": null,
            "inventory_turnover_ratio": null,
            "account_receivable_turnover_ratio": null,
            "reinvestment_rate": null,
            "research_to_sale_ratio": null,
            "price_fair": 0,
            "eps_avg_yearly": 0,
            "eps_latest_yearly": 0,
            "eps_growth_yearly": 0
        },
        "20033": {
            "year_quarter": 20033,
            "year": 2003,
            "quarter": 3,
            "eps": null,
            "eps_growth_year": null,
            "eps_4q": null,
            "eps_4q_growth_year": null,
            "roe": null,
            "roe_4q": 0,
            "gross_profit": null,
            "gross_margin": null,
            "gross_margin_4q_avg": 0,
            "net_income": null,
            "revenue": null,
            "common_shares": null,
            "book_valuer_per_share": null,
            "book_valuer_per_share_4q_avg": 0,
            "equity": null,
            "current_ratio": null,
            "debt_ratio": null,
            "inventory_turnover_ratio": null,
            "account_receivable_turnover_ratio": null,
            "reinvestment_rate": null,
            "research_to_sale_ratio": null,
            "price_fair": 0,
            "eps_avg_yearly": 0,
            "eps_latest_yearly": 0,
            "eps_growth_yearly": 0
        },
        "20034": {
            "year_quarter": 20034,
            "year": 2003,
            "quarter": 4,
            "eps": null,
            "eps_growth_year": null,
            "eps_4q": null,
            "eps_4q_growth_year": null,
            "roe": null,
            "roe_4q": 0,
            "gross_profit": null,
            "gross_margin": null,
            "gross_margin_4q_avg": 0,
            "net_income": null,
            "revenue": null,
            "common_shares": 55000,
            "book_valuer_per_share": 9.5,
            "book_valuer_per_share_4q_avg": 2.38,
            "equity": 52240,
            "current_ratio": 2320.55,
            "debt_ratio": 4.3,
            "inventory_turnover_ratio": null,
            "account_receivable_turnover_ratio": null,
            "reinvestment_rate": null,
            "research_to_sale_ratio": null,
            "price_fair": 0,
            "eps_avg_yearly": 0,
            "eps_latest_yearly": 0,
            "eps_growth_yearly": 0
        },
        "20041": {
            "year_quarter": 20041,
            "year": 2004,
            "quarter": 1,
            "eps": null,
            "eps_growth_year": null,
            "eps_4q": null,
            "eps_4q_growth_year": null,
            "roe": null,
            "roe_4q": 0,
            "gross_profit": null,
            "gross_margin": null,
            "gross_margin_4q_avg": 0,
            "net_income": null,
            "revenue": null,
            "common_shares": null,
            "book_valuer_per_share": null,
            "book_valuer_per_share_4q_avg": 2.38,
            "equity": null,
            "current_ratio": null,
            "debt_ratio": null,
            "inventory_turnover_ratio": null,
            "account_receivable_turnover_ratio": null,
            "reinvestment_rate": null,
            "research_to_sale_ratio": null,
            "price_fair": 0,
            "eps_avg_yearly": 0,
            "eps_latest_yearly": 0,
            "eps_growth_yearly": 0
        },
        "20042": {
            "year_quarter": 20042,
            "year": 2004,
            "quarter": 2,
            "eps": null,
            "eps_growth_year": null,
            "eps_4q": null,
            "eps_4q_growth_year": null,
            "roe": null,
            "roe_4q": 0,
            "gross_profit": null,
            "gross_margin": null,
            "gross_margin_4q_avg": 0,
            "net_income": null,
            "revenue": null,
            "common_shares": null,
            "book_valuer_per_share": null,
            "book_valuer_per_share_4q_avg": 2.38,
            "equity": null,
            "current_ratio": null,
            "debt_ratio": null,
            "inventory_turnover_ratio": null,
            "account_receivable_turnover_ratio": null,
            "reinvestment_rate": null,
            "research_to_sale_ratio": null,
            "price_fair": 0,
            "eps_avg_yearly": 0,
            "eps_latest_yearly": 0,
            "eps_growth_yearly": 0
        },
        "20043": {
            "year_quarter": 20043,
            "year": 2004,
            "quarter": 3,
            "eps": null,
            "eps_growth_year": null,
            "eps_4q": null,
            "eps_4q_growth_year": null,
            "roe": null,
            "roe_4q": 0,
            "gross_profit": null,
            "gross_margin": null,
            "gross_margin_4q_avg": 0,
            "net_income": null,
            "revenue": null,
            "common_shares": null,
            "book_valuer_per_share": null,
            "book_valuer_per_share_4q_avg": 2.38,
            "equity": null,
            "current_ratio": null,
            "debt_ratio": null,
            "inventory_turnover_ratio": null,
            "account_receivable_turnover_ratio": null,
            "reinvestment_rate": null,
            "research_to_sale_ratio": null,
            "price_fair": 0,
            "eps_avg_yearly": 0,
            "eps_latest_yearly": 0,
            "eps_growth_yearly": 0
        },
        "20044": {
            "year_quarter": 20044,
            "year": 2004,
            "quarter": 4,
            "eps": null,
            "eps_growth_year": null,
            "eps_4q": null,
            "eps_4q_growth_year": null,
            "roe": null,
            "roe_4q": 0,
            "gross_profit": null,
            "gross_margin": null,
            "gross_margin_4q_avg": 0,
            "net_income": null,
            "revenue": null,
            "common_shares": 120000,
            "book_valuer_per_share": 14.42,
            "book_valuer_per_share_4q_avg": 3.61,
            "equity": 173025,
            "current_ratio": 133.94,
            "debt_ratio": 58.05,
            "inventory_turnover_ratio": null,
            "account_receivable_turnover_ratio": null,
            "reinvestment_rate": null,
            "research_to_sale_ratio": null,
            "price_fair": 0,
            "eps_avg_yearly": 0,
            "eps_latest_yearly": 0,
            "eps_growth_yearly": 0
        },
        "20051": {
            "year_quarter": 20051,
            "year": 2005,
            "quarter": 1,
            "eps": null,
            "eps_growth_year": null,
            "eps_4q": null,
            "eps_4q_growth_year": null,
            "roe": null,
            "roe_4q": 0,
            "gross_profit": null,
            "gross_margin": null,
            "gross_margin_4q_avg": 0,
            "net_income": null,
            "revenue": null,
            "common_shares": null,
            "book_valuer_per_share": null,
            "book_valuer_per_share_4q_avg": 3.61,
            "equity": null,
            "current_ratio": null,
            "debt_ratio": null,
            "inventory_turnover_ratio": null,
            "account_receivable_turnover_ratio": null,
            "reinvestment_rate": null,
            "research_to_sale_ratio": null,
            "price_fair": 0,
            "eps_avg_yearly": 0,
            "eps_latest_yearly": 0,
            "eps_growth_yearly": 0
        },
        "20052": {
            "year_quarter": 20052,
            "year": 2005,
            "quarter": 2,
            "eps": null,
            "eps_growth_year": null,
            "eps_4q": null,
            "eps_4q_growth_year": null,
            "roe": null,
            "roe_4q": 0,
            "gross_profit": null,
            "gross_margin": null,
            "gross_margin_4q_avg": 0,
            "net_income": null,
            "revenue": null,
            "common_shares": null,
            "book_valuer_per_share": null,
            "book_valuer_per_share_4q_avg": 3.61,
            "equity": null,
            "current_ratio": null,
            "debt_ratio": null,
            "inventory_turnover_ratio": null,
            "account_receivable_turnover_ratio": null,
            "reinvestment_rate": null,
            "research_to_sale_ratio": null,
            "price_fair": 0,
            "eps_avg_yearly": 0,
            "eps_latest_yearly": 0,
            "eps_growth_yearly": 0
        },
        "20053": {
            "year_quarter": 20053,
            "year": 2005,
            "quarter": 3,
            "eps": null,
            "eps_growth_year": null,
            "eps_4q": null,
            "eps_4q_growth_year": null,
            "roe": null,
            "roe_4q": 0,
            "gross_profit": null,
            "gross_margin": null,
            "gross_margin_4q_avg": 0,
            "net_income": null,
            "revenue": null,
            "common_shares": null,
            "book_valuer_per_share": null,
            "book_valuer_per_share_4q_avg": 3.61,
            "equity": null,
            "current_ratio": null,
            "debt_ratio": null,
            "inventory_turnover_ratio": null,
            "account_receivable_turnover_ratio": null,
            "reinvestment_rate": null,
            "research_to_sale_ratio": null,
            "price_fair": 0,
            "eps_avg_yearly": 0,
            "eps_latest_yearly": 0,
            "eps_growth_yearly": 0
        },
        "20054": {
            "year_quarter": 20054,
            "year": 2005,
            "quarter": 4,
            "eps": null,
            "eps_growth_year": null,
            "eps_4q": null,
            "eps_4q_growth_year": null,
            "roe": null,
            "roe_4q": 0,
            "gross_profit": null,
            "gross_margin": null,
            "gross_margin_4q_avg": 0,
            "net_income": null,
            "revenue": null,
            "common_shares": 200000,
            "book_valuer_per_share": 15.97,
            "book_valuer_per_share_4q_avg": 3.99,
            "equity": 319355,
            "current_ratio": 132.67,
            "debt_ratio": 49.36,
            "inventory_turnover_ratio": null,
            "account_receivable_turnover_ratio": null,
            "reinvestment_rate": null,
            "research_to_sale_ratio": null,
            "price_fair": 0,
            "eps_avg_yearly": 0,
            "eps_latest_yearly": 0,
            "eps_growth_yearly": 0
        },
        "20061": {
            "year_quarter": 20061,
            "year": 2006,
            "quarter": 1,
            "eps": null,
            "eps_growth_year": null,
            "eps_4q": null,
            "eps_4q_growth_year": null,
            "roe": null,
            "roe_4q": 0,
            "gross_profit": null,
            "gross_margin": null,
            "gross_margin_4q_avg": 0,
            "net_income": null,
            "revenue": null,
            "common_shares": null,
            "book_valuer_per_share": null,
            "book_valuer_per_share_4q_avg": 3.99,
            "equity": null,
            "current_ratio": null,
            "debt_ratio": null,
            "inventory_turnover_ratio": null,
            "account_receivable_turnover_ratio": null,
            "reinvestment_rate": null,
            "research_to_sale_ratio": null,
            "price_fair": 0,
            "eps_avg_yearly": 0,
            "eps_latest_yearly": 0,
            "eps_growth_yearly": 0
        },
        "20062": {
            "year_quarter": 20062,
            "year": 2006,
            "quarter": 2,
            "eps": null,
            "eps_growth_year": null,
            "eps_4q": null,
            "eps_4q_growth_year": null,
            "roe": null,
            "roe_4q": 0,
            "gross_profit": null,
            "gross_margin": null,
            "gross_margin_4q_avg": 0,
            "net_income": null,
            "revenue": null,
            "common_shares": null,
            "book_valuer_per_share": null,
            "book_valuer_per_share_4q_avg": 3.99,
            "equity": null,
            "current_ratio": null,
            "debt_ratio": null,
            "inventory_turnover_ratio": null,
            "account_receivable_turnover_ratio": null,
            "reinvestment_rate": null,
            "research_to_sale_ratio": null,
            "price_fair": 0,
            "eps_avg_yearly": 0,
            "eps_latest_yearly": 0,
            "eps_growth_yearly": 0
        },
        "20063": {
            "year_quarter": 20063,
            "year": 2006,
            "quarter": 3,
            "eps": null,
            "eps_growth_year": null,
            "eps_4q": null,
            "eps_4q_growth_year": null,
            "roe": null,
            "roe_4q": 0,
            "gross_profit": null,
            "gross_margin": null,
            "gross_margin_4q_avg": 0,
            "net_income": null,
            "revenue": null,
            "common_shares": null,
            "book_valuer_per_share": null,
            "book_valuer_per_share_4q_avg": 3.99,
            "equity": null,
            "current_ratio": null,
            "debt_ratio": null,
            "inventory_turnover_ratio": null,
            "account_receivable_turnover_ratio": null,
            "reinvestment_rate": null,
            "research_to_sale_ratio": null,
            "price_fair": 0,
            "eps_avg_yearly": 0,
            "eps_latest_yearly": 0,
            "eps_growth_yearly": 0
        },
        "20064": {
            "year_quarter": 20064,
            "year": 2006,
            "quarter": 4,
            "eps": null,
            "eps_growth_year": null,
            "eps_4q": null,
            "eps_4q_growth_year": null,
            "roe": null,
            "roe_4q": 0,
            "gross_profit": null,
            "gross_margin": null,
            "gross_margin_4q_avg": 0,
            "net_income": null,
            "revenue": null,
            "common_shares": 242000,
            "book_valuer_per_share": 22.05,
            "book_valuer_per_share_4q_avg": 5.51,
            "equity": 533713,
            "current_ratio": 177.62,
            "debt_ratio": 40.62,
            "inventory_turnover_ratio": null,
            "account_receivable_turnover_ratio": null,
            "reinvestment_rate": null,
            "research_to_sale_ratio": null,
            "price_fair": 0,
            "eps_avg_yearly": 0,
            "eps_latest_yearly": 0,
            "eps_growth_yearly": 0
        },
        "20071": {
            "year_quarter": 20071,
            "year": 2007,
            "quarter": 1,
            "eps": 1.28,
            "eps_growth_year": null,
            "eps_4q": null,
            "eps_4q_growth_year": null,
            "roe": 5.63,
            "roe_4q": 5.63,
            "gross_profit": 56302,
            "gross_margin": 24.29,
            "gross_margin_4q_avg": 6.07,
            "net_income": 30970,
            "revenue": 231750,
            "common_shares": 242000,
            "book_valuer_per_share": 23.43,
            "book_valuer_per_share_4q_avg": 11.37,
            "equity": 566998,
            "current_ratio": 267.47,
            "debt_ratio": 28.58,
            "inventory_turnover_ratio": 2.83,
            "account_receivable_turnover_ratio": null,
            "reinvestment_rate": null,
            "research_to_sale_ratio": null,
            "price_fair": 0,
            "eps_avg_yearly": 0,
            "eps_latest_yearly": 0,
            "eps_growth_yearly": 0
        },
        "20072": {
            "year_quarter": 20072,
            "year": 2007,
            "quarter": 2,
            "eps": 1.43,
            "eps_growth_year": null,
            "eps_4q": null,
            "eps_4q_growth_year": null,
            "roe": 6.25,
            "roe_4q": 11.879999999999999,
            "gross_profit": 61029,
            "gross_margin": 24.2,
            "gross_margin_4q_avg": 12.12,
            "net_income": 34598,
            "revenue": 252205,
            "common_shares": 242000,
            "book_valuer_per_share": 22.32,
            "book_valuer_per_share_4q_avg": 16.95,
            "equity": 540064,
            "current_ratio": 212.48,
            "debt_ratio": 35.03,
            "inventory_turnover_ratio": 13.51,
            "account_receivable_turnover_ratio": null,
            "reinvestment_rate": null,
            "research_to_sale_ratio": null,
            "price_fair": 200.2,
            "eps_avg_yearly": 5.72,
            "eps_latest_yearly": 5.72,
            "eps_growth_yearly": 46.88
        },
        "20073": {
            "year_quarter": 20073,
            "year": 2007,
            "quarter": 3,
            "eps": 1.49,
            "eps_growth_year": null,
            "eps_4q": null,
            "eps_4q_growth_year": null,
            "roe": 6.97,
            "roe_4q": 18.849999999999998,
            "gross_profit": 69166,
            "gross_margin": 23.68,
            "gross_margin_4q_avg": 18.04,
            "net_income": 39541,
            "revenue": 292117,
            "common_shares": 265000,
            "book_valuer_per_share": 22.43,
            "book_valuer_per_share_4q_avg": 22.56,
            "equity": 594436,
            "current_ratio": 247.05,
            "debt_ratio": 30.2,
            "inventory_turnover_ratio": 15.45,
            "account_receivable_turnover_ratio": null,
            "reinvestment_rate": null,
            "research_to_sale_ratio": null,
            "price_fair": 204.4,
            "eps_avg_yearly": 5.84,
            "eps_latest_yearly": 5.96,
            "eps_growth_yearly": 31.83
        },
        "20074": {
            "year_quarter": 20074,
            "year": 2007,
            "quarter": 4,
            "eps": 0.73,
            "eps_growth_year": null,
            "eps_4q": 4.72,
            "eps_4q_growth_year": null,
            "roe": 3.17,
            "roe_4q": 22.02,
            "gross_profit": 71513,
            "gross_margin": 22.86,
            "gross_margin_4q_avg": 23.76,
            "net_income": 19221,
            "revenue": 312893,
            "common_shares": 265000,
            "book_valuer_per_share": 23.3,
            "book_valuer_per_share_4q_avg": 22.87,
            "equity": 617572,
            "current_ratio": 196.63,
            "debt_ratio": 39.98,
            "inventory_turnover_ratio": 4.2,
            "account_receivable_turnover_ratio": null,
            "reinvestment_rate": null,
            "research_to_sale_ratio": null,
            "price_fair": 14.6,
            "eps_avg_yearly": 4.87,
            "eps_latest_yearly": 2.92,
            "eps_growth_yearly": -46.79
        },
        "20081": {
            "year_quarter": 20081,
            "year": 2008,
            "quarter": 1,
            "eps": 0.69,
            "eps_growth_year": -46.09,
            "eps_4q": 4.21,
            "eps_4q_growth_year": null,
            "roe": 2.93,
            "roe_4q": 19.32,
            "gross_profit": 105472,
            "gross_margin": 32.99,
            "gross_margin_4q_avg": 25.93,
            "net_income": 18307,
            "revenue": 319665,
            "common_shares": 265000,
            "book_valuer_per_share": 23.82,
            "book_valuer_per_share_4q_avg": 22.97,
            "equity": 631290,
            "current_ratio": 210.8,
            "debt_ratio": 37.67,
            "inventory_turnover_ratio": 1.95,
            "account_receivable_turnover_ratio": null,
            "reinvestment_rate": null,
            "research_to_sale_ratio": null,
            "price_fair": 13.02,
            "eps_avg_yearly": 4.34,
            "eps_latest_yearly": 2.76,
            "eps_growth_yearly": -40.57
        },
        "20082": {
            "year_quarter": 20082,
            "year": 2008,
            "quarter": 2,
            "eps": 1.66,
            "eps_growth_year": 16.08,
            "eps_4q": 4.56,
            "eps_4q_growth_year": null,
            "roe": 7.21,
            "roe_4q": 20.28,
            "gross_profit": 117025,
            "gross_margin": 33.08,
            "gross_margin_4q_avg": 28.15,
            "net_income": 44071,
            "revenue": 353719,
            "common_shares": 265000,
            "book_valuer_per_share": 22.31,
            "book_valuer_per_share_4q_avg": 22.97,
            "equity": 591108,
            "current_ratio": 182.08,
            "debt_ratio": 43.45,
            "inventory_turnover_ratio": 1.93,
            "account_receivable_turnover_ratio": null,
            "reinvestment_rate": null,
            "research_to_sale_ratio": null,
            "price_fair": 168,
            "eps_avg_yearly": 4.8,
            "eps_latest_yearly": 6.64,
            "eps_growth_yearly": 80.01
        },
        "20083": {
            "year_quarter": 20083,
            "year": 2008,
            "quarter": 3,
            "eps": 1.67,
            "eps_growth_year": 12.08,
            "eps_4q": 4.63,
            "eps_4q_growth_year": null,
            "roe": 7.42,
            "roe_4q": 20.729999999999997,
            "gross_profit": 95712,
            "gross_margin": 28.44,
            "gross_margin_4q_avg": 29.34,
            "net_income": 46075,
            "revenue": 336586,
            "common_shares": 275950,
            "book_valuer_per_share": 23.58,
            "book_valuer_per_share_4q_avg": 23.25,
            "equity": 650570,
            "current_ratio": 208.94,
            "debt_ratio": 37.6,
            "inventory_turnover_ratio": 1.82,
            "account_receivable_turnover_ratio": null,
            "reinvestment_rate": null,
            "research_to_sale_ratio": null,
            "price_fair": 178.97,
            "eps_avg_yearly": 5.11,
            "eps_latest_yearly": 6.68,
            "eps_growth_yearly": 67.07
        },
        "20084": {
            "year_quarter": 20084,
            "year": 2008,
            "quarter": 4,
            "eps": 1.15,
            "eps_growth_year": 57.53,
            "eps_4q": 5.09,
            "eps_4q_growth_year": 7.8,
            "roe": 4.73,
            "roe_4q": 22.29,
            "gross_profit": 94537,
            "gross_margin": 32.95,
            "gross_margin_4q_avg": 31.87,
            "net_income": 31653,
            "revenue": 286941,
            "common_shares": 275950,
            "book_valuer_per_share": 24.96,
            "book_valuer_per_share_4q_avg": 23.67,
            "equity": 688774,
            "current_ratio": 231.15,
            "debt_ratio": 34.49,
            "inventory_turnover_ratio": 1.46,
            "account_receivable_turnover_ratio": 1.92,
            "reinvestment_rate": null,
            "research_to_sale_ratio": null,
            "price_fair": 176.4,
            "eps_avg_yearly": 5.04,
            "eps_latest_yearly": 4.6,
            "eps_growth_yearly": 39.7
        },
        "20091": {
            "year_quarter": 20091,
            "year": 2009,
            "quarter": 1,
            "eps": 1.03,
            "eps_growth_year": 49.28,
            "eps_4q": 5.25,
            "eps_4q_growth_year": 24.78,
            "roe": 4,
            "roe_4q": 23.36,
            "gross_profit": 74245,
            "gross_margin": 29.78,
            "gross_margin_4q_avg": 31.06,
            "net_income": 29717,
            "revenue": 249270,
            "common_shares": 301750,
            "book_valuer_per_share": 26.4,
            "book_valuer_per_share_4q_avg": 24.31,
            "equity": 796694,
            "current_ratio": 301.22,
            "debt_ratio": 27.62,
            "inventory_turnover_ratio": 1.44,
            "account_receivable_turnover_ratio": 0.89,
            "reinvestment_rate": null,
            "research_to_sale_ratio": null,
            "price_fair": 172.38,
            "eps_avg_yearly": 4.93,
            "eps_latest_yearly": 4.12,
            "eps_growth_yearly": 29.52
        },
        "20092": {
            "year_quarter": 20092,
            "year": 2009,
            "quarter": 2,
            "eps": 1.04,
            "eps_growth_year": -37.35,
            "eps_4q": 4.67,
            "eps_4q_growth_year": 2.45,
            "roe": 3.94,
            "roe_4q": 20.09,
            "gross_profit": 91625,
            "gross_margin": 29.59,
            "gross_margin_4q_avg": 30.19,
            "net_income": 30742,
            "revenue": 309695,
            "common_shares": 301750,
            "book_valuer_per_share": 25.32,
            "book_valuer_per_share_4q_avg": 25.07,
            "equity": 764108,
            "current_ratio": 241.17,
            "debt_ratio": 33.97,
            "inventory_turnover_ratio": 1.99,
            "account_receivable_turnover_ratio": 1.04,
            "reinvestment_rate": null,
            "research_to_sale_ratio": null,
            "price_fair": 169.4,
            "eps_avg_yearly": 4.84,
            "eps_latest_yearly": 4.16,
            "eps_growth_yearly": 26.67
        },
        "20093": {
            "year_quarter": 20093,
            "year": 2009,
            "quarter": 3,
            "eps": 1.6,
            "eps_growth_year": -4.19,
            "eps_4q": 4.61,
            "eps_4q_growth_year": -0.34,
            "roe": 6.23,
            "roe_4q": 18.9,
            "gross_profit": 128935,
            "gross_margin": 32.35,
            "gross_margin_4q_avg": 31.17,
            "net_income": 48935,
            "revenue": 398567,
            "common_shares": 310803,
            "book_valuer_per_share": 25.95,
            "book_valuer_per_share_4q_avg": 25.66,
            "equity": 806616,
            "current_ratio": 240.45,
            "debt_ratio": 34.33,
            "inventory_turnover_ratio": 2.5,
            "account_receivable_turnover_ratio": 1.16,
            "reinvestment_rate": null,
            "research_to_sale_ratio": null,
            "price_fair": 174.86,
            "eps_avg_yearly": 5,
            "eps_latest_yearly": 6.4,
            "eps_growth_yearly": 45.54
        },
        "20094": {
            "year_quarter": 20094,
            "year": 2009,
            "quarter": 4,
            "eps": 1.45,
            "eps_growth_year": 26.09,
            "eps_4q": 4.95,
            "eps_4q_growth_year": -2.7,
            "roe": 5.38,
            "roe_4q": 19.549999999999997,
            "gross_profit": 131907,
            "gross_margin": 32.74,
            "gross_margin_4q_avg": 31.12,
            "net_income": 44545,
            "revenue": 402899,
            "common_shares": 310803,
            "book_valuer_per_share": 27.33,
            "book_valuer_per_share_4q_avg": 26.25,
            "equity": 849440,
            "current_ratio": 207.36,
            "debt_ratio": 37.73,
            "inventory_turnover_ratio": 2.24,
            "account_receivable_turnover_ratio": 1.99,
            "reinvestment_rate": null,
            "research_to_sale_ratio": null,
            "price_fair": 177.42,
            "eps_avg_yearly": 5.07,
            "eps_latest_yearly": 5.8,
            "eps_growth_yearly": 37.99
        },
        "20101": {
            "year_quarter": 20101,
            "year": 2010,
            "quarter": 1,
            "eps": 1.13,
            "eps_growth_year": 9.71,
            "eps_4q": 4.83,
            "eps_4q_growth_year": -7.96,
            "roe": 4.01,
            "roe_4q": 19.560000000000002,
            "gross_profit": 114225,
            "gross_margin": 30.14,
            "gross_margin_4q_avg": 31.21,
            "net_income": 35078,
            "revenue": 378944,
            "common_shares": 310803,
            "book_valuer_per_share": 28.99,
            "book_valuer_per_share_4q_avg": 26.9,
            "equity": 900967,
            "current_ratio": 225.25,
            "debt_ratio": 35.07,
            "inventory_turnover_ratio": 1.95,
            "account_receivable_turnover_ratio": 0.95,
            "reinvestment_rate": null,
            "research_to_sale_ratio": 2.74,
            "price_fair": 175.82,
            "eps_avg_yearly": 5.02,
            "eps_latest_yearly": 4.52,
            "eps_growth_yearly": 27.47
        },
        "20102": {
            "year_quarter": 20102,
            "year": 2010,
            "quarter": 2,
            "eps": 1.91,
            "eps_growth_year": 84.12,
            "eps_4q": 5.28,
            "eps_4q_growth_year": 12.96,
            "roe": 8.04,
            "roe_4q": 23.66,
            "gross_profit": 156874,
            "gross_margin": 31.12,
            "gross_margin_4q_avg": 31.59,
            "net_income": 73142,
            "revenue": 504113,
            "common_shares": 318303,
            "book_valuer_per_share": 28.84,
            "book_valuer_per_share_4q_avg": 27.78,
            "equity": 918092,
            "current_ratio": 195.43,
            "debt_ratio": 40.18,
            "inventory_turnover_ratio": 2.43,
            "account_receivable_turnover_ratio": 1.11,
            "reinvestment_rate": null,
            "research_to_sale_ratio": 2.64,
            "price_fair": 182.86,
            "eps_avg_yearly": 5.22,
            "eps_latest_yearly": 7.64,
            "eps_growth_yearly": 46.6
        },
        "20103": {
            "year_quarter": 20103,
            "year": 2010,
            "quarter": 3,
            "eps": 1.83,
            "eps_growth_year": 14.6,
            "eps_4q": 5.83,
            "eps_4q_growth_year": 26.48,
            "roe": 7.37,
            "roe_4q": 24.8,
            "gross_profit": 169993,
            "gross_margin": 36.65,
            "gross_margin_4q_avg": 32.66,
            "net_income": 70035,
            "revenue": 463862,
            "common_shares": 381963,
            "book_valuer_per_share": 25.7,
            "book_valuer_per_share_4q_avg": 27.72,
            "equity": 981754,
            "current_ratio": 220,
            "debt_ratio": 34.54,
            "inventory_turnover_ratio": 2.12,
            "account_receivable_turnover_ratio": 0.98,
            "reinvestment_rate": null,
            "research_to_sale_ratio": 3.13,
            "price_fair": 188.1,
            "eps_avg_yearly": 5.37,
            "eps_latest_yearly": 7.32,
            "eps_growth_yearly": 42.07
        },
        "20104": {
            "year_quarter": 20104,
            "year": 2010,
            "quarter": 4,
            "eps": 0.51,
            "eps_growth_year": -64.7,
            "eps_4q": 5.18,
            "eps_4q_growth_year": 4.56,
            "roe": 2,
            "roe_4q": 21.42,
            "gross_profit": 121837,
            "gross_margin": 32.75,
            "gross_margin_4q_avg": 32.67,
            "net_income": 19548,
            "revenue": 372032,
            "common_shares": 381963,
            "book_valuer_per_share": 25.55,
            "book_valuer_per_share_4q_avg": 27.27,
            "equity": 975793,
            "current_ratio": 240.36,
            "debt_ratio": 31.65,
            "inventory_turnover_ratio": 1.99,
            "account_receivable_turnover_ratio": 0.98,
            "reinvestment_rate": 109.85,
            "research_to_sale_ratio": 3.53,
            "price_fair": 154.72,
            "eps_avg_yearly": 5.15,
            "eps_latest_yearly": 2.04,
            "eps_growth_yearly": 20.03
        },
        "20111": {
            "year_quarter": 20111,
            "year": 2011,
            "quarter": 1,
            "eps": 0.86,
            "eps_growth_year": -23.89,
            "eps_4q": 5.01,
            "eps_4q_growth_year": 3.7,
            "roe": 3.29,
            "roe_4q": 20.7,
            "gross_profit": 108854,
            "gross_margin": 33.28,
            "gross_margin_4q_avg": 33.45,
            "net_income": 32872,
            "revenue": 327069,
            "common_shares": 381963,
            "book_valuer_per_share": 26.81,
            "book_valuer_per_share_4q_avg": 26.73,
            "equity": 1024054,
            "current_ratio": 271.02,
            "debt_ratio": 29.18,
            "inventory_turnover_ratio": 1.73,
            "account_receivable_turnover_ratio": 0.97,
            "reinvestment_rate": 139.36,
            "research_to_sale_ratio": 4.89,
            "price_fair": 176.58,
            "eps_avg_yearly": 5.05,
            "eps_latest_yearly": 3.44,
            "eps_growth_yearly": 35.94
        },
        "20112": {
            "year_quarter": 20112,
            "year": 2011,
            "quarter": 2,
            "eps": 0.19,
            "eps_growth_year": -90.31,
            "eps_4q": 3.36,
            "eps_4q_growth_year": -36.3,
            "roe": 0.77,
            "roe_4q": 13.43,
            "gross_profit": 75105,
            "gross_margin": 23.91,
            "gross_margin_4q_avg": 31.65,
            "net_income": 7147,
            "revenue": 314085,
            "common_shares": 385260,
            "book_valuer_per_share": 21.67,
            "book_valuer_per_share_4q_avg": 24.93,
            "equity": 834760,
            "current_ratio": 178.47,
            "debt_ratio": 41.81,
            "inventory_turnover_ratio": 1.84,
            "account_receivable_turnover_ratio": 0.96,
            "reinvestment_rate": 142.98,
            "research_to_sale_ratio": 4.35,
            "price_fair": 111.41,
            "eps_avg_yearly": 4.74,
            "eps_latest_yearly": 0.76,
            "eps_growth_yearly": 13.53
        },
        "20113": {
            "year_quarter": 20113,
            "year": 2011,
            "quarter": 3,
            "eps": 0.01,
            "eps_growth_year": -99.54,
            "eps_4q": 1.55,
            "eps_4q_growth_year": -73.35,
            "roe": 0.04,
            "roe_4q": 6.1,
            "gross_profit": 56729,
            "gross_margin": 20.15,
            "gross_margin_4q_avg": 27.52,
            "net_income": 322,
            "revenue": 281597,
            "common_shares": 385260,
            "book_valuer_per_share": 22.35,
            "book_valuer_per_share_4q_avg": 24.1,
            "equity": 861040,
            "current_ratio": 205.66,
            "debt_ratio": 35.34,
            "inventory_turnover_ratio": 1.82,
            "account_receivable_turnover_ratio": 0.86,
            "reinvestment_rate": 155.38,
            "research_to_sale_ratio": 5.24,
            "price_fair": 13.1,
            "eps_avg_yearly": 4.37,
            "eps_latest_yearly": 0.04,
            "eps_growth_yearly": -11.2
        },
        "20114": {
            "year_quarter": 20114,
            "year": 2011,
            "quarter": 4,
            "eps": -0.45,
            "eps_growth_year": -187.11,
            "eps_4q": 0.6,
            "eps_4q_growth_year": -88.39,
            "roe": -2.01,
            "roe_4q": 2.0900000000000003,
            "gross_profit": 49817,
            "gross_margin": 20.61,
            "gross_margin_4q_avg": 24.49,
            "net_income": -17175,
            "revenue": 241705,
            "common_shares": 385260,
            "book_valuer_per_share": 21.94,
            "book_valuer_per_share_4q_avg": 23.19,
            "equity": 845440,
            "current_ratio": 233.65,
            "debt_ratio": 29.8,
            "inventory_turnover_ratio": 1.61,
            "account_receivable_turnover_ratio": 0.74,
            "reinvestment_rate": 44.83,
            "research_to_sale_ratio": 6.27,
            "price_fair": 51.98,
            "eps_avg_yearly": 4.46,
            "eps_latest_yearly": 0.04,
            "eps_growth_yearly": 1.65
        },
        "20121": {
            "year_quarter": 20121,
            "year": 2012,
            "quarter": 1,
            "eps": -0.16,
            "eps_growth_year": -118.6,
            "eps_4q": -0.4,
            "eps_4q_growth_year": -108.08,
            "roe": -0.73,
            "roe_4q": -1.9299999999999997,
            "gross_profit": 57299,
            "gross_margin": 20.62,
            "gross_margin_4q_avg": 21.32,
            "net_income": -6145,
            "revenue": 277869,
            "common_shares": 385260,
            "book_valuer_per_share": 21.57,
            "book_valuer_per_share_4q_avg": 21.88,
            "equity": 836497,
            "current_ratio": 205.95,
            "debt_ratio": 34.15,
            "inventory_turnover_ratio": 1.97,
            "account_receivable_turnover_ratio": 0.93,
            "reinvestment_rate": 125.61,
            "research_to_sale_ratio": 4.51,
            "price_fair": 61.11,
            "eps_avg_yearly": 4.58,
            "eps_latest_yearly": 0.04,
            "eps_growth_yearly": 3.34
        },
        "20122": {
            "year_quarter": 20122,
            "year": 2012,
            "quarter": 2,
            "eps": 0.01,
            "eps_growth_year": -96.08,
            "eps_4q": -0.59,
            "eps_4q_growth_year": -117.41,
            "roe": 0.03,
            "roe_4q": -2.67,
            "gross_profit": 57147,
            "gross_margin": 22.6,
            "gross_margin_4q_avg": 21,
            "net_income": 282,
            "revenue": 252843,
            "common_shares": 387790,
            "book_valuer_per_share": 20.1,
            "book_valuer_per_share_4q_avg": 21.49,
            "equity": 797484,
            "current_ratio": 183.95,
            "debt_ratio": 38.73,
            "inventory_turnover_ratio": 1.77,
            "account_receivable_turnover_ratio": 0.85,
            "reinvestment_rate": 126.87,
            "research_to_sale_ratio": 5.04,
            "price_fair": 13.27,
            "eps_avg_yearly": 4.42,
            "eps_latest_yearly": 0.04,
            "eps_growth_yearly": -39.66
        },
        "20123": {
            "year_quarter": 20123,
            "year": 2012,
            "quarter": 3,
            "eps": -0.02,
            "eps_growth_year": -354.53,
            "eps_4q": -0.62,
            "eps_4q_growth_year": -139.59,
            "roe": -0.1,
            "roe_4q": -2.8099999999999996,
            "gross_profit": 68983,
            "gross_margin": 21.3,
            "gross_margin_4q_avg": 21.28,
            "net_income": -825,
            "revenue": 323800,
            "common_shares": 387790,
            "book_valuer_per_share": 20.09,
            "book_valuer_per_share_4q_avg": 20.93,
            "equity": 873805,
            "current_ratio": 192.16,
            "debt_ratio": 35.31,
            "inventory_turnover_ratio": 2.03,
            "account_receivable_turnover_ratio": 0.96,
            "reinvestment_rate": 141.78,
            "research_to_sale_ratio": 3.87,
            "price_fair": 12.71,
            "eps_avg_yearly": 4.24,
            "eps_latest_yearly": 0.04,
            "eps_growth_yearly": -43.17
        },
        "20124": {
            "year_quarter": 20124,
            "year": 2012,
            "quarter": 4,
            "eps": 0.8,
            "eps_growth_year": null,
            "eps_4q": 0.63,
            "eps_4q_growth_year": 4.93,
            "roe": 2.2,
            "roe_4q": 1.4,
            "gross_profit": 112090,
            "gross_margin": 29.87,
            "gross_margin_4q_avg": 23.6,
            "net_income": 19442,
            "revenue": 375311,
            "common_shares": 387790,
            "book_valuer_per_share": 20.9,
            "book_valuer_per_share_4q_avg": 20.67,
            "equity": 893501,
            "current_ratio": 205.76,
            "debt_ratio": 33.71,
            "inventory_turnover_ratio": 2.08,
            "account_receivable_turnover_ratio": 0.97,
            "reinvestment_rate": 39.9,
            "research_to_sale_ratio": 3.26,
            "price_fair": 12.61,
            "eps_avg_yearly": 4.2,
            "eps_latest_yearly": 0.04,
            "eps_growth_yearly": -35.77
        },
        "20131": {
            "year_quarter": 20131,
            "year": 2013,
            "quarter": 1,
            "eps": 0.3,
            "eps_growth_year": null,
            "eps_4q": 1.09,
            "eps_4q_growth_year": null,
            "roe": 0.86,
            "roe_4q": 2.9899999999999998,
            "gross_profit": 73011,
            "gross_margin": 28.99,
            "gross_margin_4q_avg": 25.69,
            "net_income": 7799,
            "revenue": 251883,
            "common_shares": 387790,
            "book_valuer_per_share": 21.39,
            "book_valuer_per_share_4q_avg": 20.62,
            "equity": 911050,
            "current_ratio": 242.34,
            "debt_ratio": 29.69,
            "inventory_turnover_ratio": 1.6,
            "account_receivable_turnover_ratio": 0.69,
            "reinvestment_rate": 17.9,
            "research_to_sale_ratio": 5.8,
            "price_fair": 11.81,
            "eps_avg_yearly": 3.94,
            "eps_latest_yearly": 1.2,
            "eps_growth_yearly": -54.7
        },
        "20132": {
            "year_quarter": 20132,
            "year": 2013,
            "quarter": 2,
            "eps": 0.08,
            "eps_growth_year": 1000.11,
            "eps_4q": 1.15,
            "eps_4q_growth_year": null,
            "roe": -0.6,
            "roe_4q": 2.36,
            "gross_profit": 62409,
            "gross_margin": 26.11,
            "gross_margin_4q_avg": 26.57,
            "net_income": -5376,
            "revenue": 239033,
            "common_shares": 387790,
            "book_valuer_per_share": 21.08,
            "book_valuer_per_share_4q_avg": 20.87,
            "equity": 892231,
            "current_ratio": 247.34,
            "debt_ratio": 28.76,
            "inventory_turnover_ratio": 1.73,
            "account_receivable_turnover_ratio": 0.79,
            "reinvestment_rate": 29.84,
            "research_to_sale_ratio": 5.6,
            "price_fair": 10.77,
            "eps_avg_yearly": 3.59,
            "eps_latest_yearly": 0.32,
            "eps_growth_yearly": -81.72
        },
        "20133": {
            "year_quarter": 20133,
            "year": 2013,
            "quarter": 3,
            "eps": -0.87,
            "eps_growth_year": null,
            "eps_4q": 0.31,
            "eps_4q_growth_year": null,
            "roe": -4.91,
            "roe_4q": -2.4499999999999993,
            "gross_profit": 30553,
            "gross_margin": 16.38,
            "gross_margin_4q_avg": 25.34,
            "net_income": -42664,
            "revenue": 186478,
            "common_shares": 389729,
            "book_valuer_per_share": 20.01,
            "book_valuer_per_share_4q_avg": 20.85,
            "equity": 844775,
            "current_ratio": 255.12,
            "debt_ratio": 26.93,
            "inventory_turnover_ratio": 1.74,
            "account_receivable_turnover_ratio": 0.76,
            "reinvestment_rate": 27.72,
            "research_to_sale_ratio": 6.75,
            "price_fair": 9.92,
            "eps_avg_yearly": 3.31,
            "eps_latest_yearly": 0.32,
            "eps_growth_yearly": -111.43
        },
        "20134": {
            "year_quarter": 20134,
            "year": 2013,
            "quarter": 4,
            "eps": -1.18,
            "eps_growth_year": -247.47,
            "eps_4q": -1.68,
            "eps_4q_growth_year": -365.85,
            "roe": -6.79,
            "roe_4q": -11.44,
            "gross_profit": 5674,
            "gross_margin": 3.1,
            "gross_margin_4q_avg": 18.65,
            "net_income": -55367,
            "revenue": 183103,
            "common_shares": 389729,
            "book_valuer_per_share": 18.72,
            "book_valuer_per_share_4q_avg": 20.3,
            "equity": 786182,
            "current_ratio": 213.36,
            "debt_ratio": 29.88,
            "inventory_turnover_ratio": 2.7,
            "account_receivable_turnover_ratio": 0.89,
            "reinvestment_rate": -211.2,
            "research_to_sale_ratio": 7.88,
            "price_fair": 9.09,
            "eps_avg_yearly": 3.03,
            "eps_latest_yearly": 0.32,
            "eps_growth_yearly": -119.65
        },
        "20141": {
            "year_quarter": 20141,
            "year": 2014,
            "quarter": 1,
            "eps": -0.59,
            "eps_growth_year": -296.67,
            "eps_4q": -2.56,
            "eps_4q_growth_year": -335.43,
            "roe": -3.75,
            "roe_4q": -16.05,
            "gross_profit": 19379,
            "gross_margin": 15.09,
            "gross_margin_4q_avg": 15.17,
            "net_income": -28902,
            "revenue": 128404,
            "common_shares": 389729,
            "book_valuer_per_share": 18.07,
            "book_valuer_per_share_4q_avg": 19.47,
            "equity": 754580,
            "current_ratio": 215.57,
            "debt_ratio": 29.07,
            "inventory_turnover_ratio": 2.03,
            "account_receivable_turnover_ratio": 0.74,
            "reinvestment_rate": -355.71,
            "research_to_sale_ratio": 8.24,
            "price_fair": 8.54,
            "eps_avg_yearly": 2.85,
            "eps_latest_yearly": 0.32,
            "eps_growth_yearly": -123.57
        },
        "20142": {
            "year_quarter": 20142,
            "year": 2014,
            "quarter": 2,
            "eps": -0.7,
            "eps_growth_year": -975,
            "eps_4q": -3.34,
            "eps_4q_growth_year": -389.69,
            "roe": -5.04,
            "roe_4q": -20.49,
            "gross_profit": 27426,
            "gross_margin": 14.09,
            "gross_margin_4q_avg": 12.17,
            "net_income": -36007,
            "revenue": 194615,
            "common_shares": 389729,
            "book_valuer_per_share": 16.22,
            "book_valuer_per_share_4q_avg": 18.26,
            "equity": 672904,
            "current_ratio": 162.82,
            "debt_ratio": 37.6,
            "inventory_turnover_ratio": 2.69,
            "account_receivable_turnover_ratio": 1.09,
            "reinvestment_rate": -2268.99,
            "research_to_sale_ratio": 4.15,
            "price_fair": 6.48,
            "eps_avg_yearly": 2.16,
            "eps_latest_yearly": 0.32,
            "eps_growth_yearly": -180.67
        },
        "20143": {
            "year_quarter": 20143,
            "year": 2014,
            "quarter": 3,
            "eps": -0.19,
            "eps_growth_year": null,
            "eps_4q": -2.66,
            "eps_4q_growth_year": -967.58,
            "roe": -2.28,
            "roe_4q": -17.86,
            "gross_profit": 56445,
            "gross_margin": 26.63,
            "gross_margin_4q_avg": 14.73,
            "net_income": -15243,
            "revenue": 211927,
            "common_shares": 389729,
            "book_valuer_per_share": 16.11,
            "book_valuer_per_share_4q_avg": 17.28,
            "equity": 662071,
            "current_ratio": 164.98,
            "debt_ratio": 40.22,
            "inventory_turnover_ratio": 2.05,
            "account_receivable_turnover_ratio": 0.98,
            "reinvestment_rate": null,
            "research_to_sale_ratio": 5.17,
            "price_fair": 3.9,
            "eps_avg_yearly": 1.3,
            "eps_latest_yearly": 0.32,
            "eps_growth_yearly": -207.99
        },
        "20144": {
            "year_quarter": 20144,
            "year": 2014,
            "quarter": 4,
            "eps": -0.18,
            "eps_growth_year": null,
            "eps_4q": -1.66,
            "eps_4q_growth_year": null,
            "roe": -0.96,
            "roe_4q": -12.03,
            "gross_profit": 73630,
            "gross_margin": 24.47,
            "gross_margin_4q_avg": 20.07,
            "net_income": -6388,
            "revenue": 300859,
            "common_shares": 389729,
            "book_valuer_per_share": 16.15,
            "book_valuer_per_share_4q_avg": 16.64,
            "equity": 665305,
            "current_ratio": 151.21,
            "debt_ratio": 43.6,
            "inventory_turnover_ratio": 2.94,
            "account_receivable_turnover_ratio": 1.11,
            "reinvestment_rate": null,
            "research_to_sale_ratio": 2.94,
            "price_fair": 3.46,
            "eps_avg_yearly": 1.15,
            "eps_latest_yearly": 0.32,
            "eps_growth_yearly": -191.88
        },
        "20151": {
            "year_quarter": 20151,
            "year": 2015,
            "quarter": 1,
            "eps": -0.63,
            "eps_growth_year": null,
            "eps_4q": -1.7,
            "eps_4q_growth_year": null,
            "roe": -4.86,
            "roe_4q": -13.14,
            "gross_profit": 45178,
            "gross_margin": 20.65,
            "gross_margin_4q_avg": 21.46,
            "net_income": -31582,
            "revenue": 218750,
            "common_shares": 389729,
            "book_valuer_per_share": 15.55,
            "book_valuer_per_share_4q_avg": 16.01,
            "equity": 634835,
            "current_ratio": 149.53,
            "debt_ratio": 39.79,
            "inventory_turnover_ratio": 2.76,
            "account_receivable_turnover_ratio": 0.76,
            "reinvestment_rate": null,
            "research_to_sale_ratio": 4.41,
            "price_fair": 1.74,
            "eps_avg_yearly": 0.58,
            "eps_latest_yearly": 0.32,
            "eps_growth_yearly": -308.48
        },
        "20152": {
            "year_quarter": 20152,
            "year": 2015,
            "quarter": 2,
            "eps": 1.09,
            "eps_growth_year": null,
            "eps_4q": 0.09,
            "eps_4q_growth_year": null,
            "roe": 5.48,
            "roe_4q": -2.6199999999999997,
            "gross_profit": 115565,
            "gross_margin": 35.02,
            "gross_margin_4q_avg": 26.69,
            "net_income": 35565,
            "revenue": 330036,
            "common_shares": 389729,
            "book_valuer_per_share": 16.48,
            "book_valuer_per_share_4q_avg": 16.07,
            "equity": 663687,
            "current_ratio": 146.74,
            "debt_ratio": 43.62,
            "inventory_turnover_ratio": 3.52,
            "account_receivable_turnover_ratio": 1.04,
            "reinvestment_rate": null,
            "research_to_sale_ratio": 3.29,
            "price_fair": 1.56,
            "eps_avg_yearly": 0.52,
            "eps_latest_yearly": 0.32,
            "eps_growth_yearly": -307.43
        },
        "20153": {
            "year_quarter": 20153,
            "year": 2015,
            "quarter": 3,
            "eps": 1.01,
            "eps_growth_year": null,
            "eps_4q": 1.29,
            "eps_4q_growth_year": null,
            "roe": 5.24,
            "roe_4q": 4.9,
            "gross_profit": 115800,
            "gross_margin": 32.27,
            "gross_margin_4q_avg": 28.1,
            "net_income": 35862,
            "revenue": 358812,
            "common_shares": 389729,
            "book_valuer_per_share": 17.63,
            "book_valuer_per_share_4q_avg": 16.45,
            "equity": 706035,
            "current_ratio": 151.9,
            "debt_ratio": 40.22,
            "inventory_turnover_ratio": 3.79,
            "account_receivable_turnover_ratio": 1.05,
            "reinvestment_rate": null,
            "research_to_sale_ratio": 2.55,
            "price_fair": 5.56,
            "eps_avg_yearly": 1.85,
            "eps_latest_yearly": 4.04,
            "eps_growth_yearly": -190.9
        },
        "20154": {
            "year_quarter": 20154,
            "year": 2015,
            "quarter": 4,
            "eps": -0.38,
            "eps_growth_year": null,
            "eps_4q": 1.1,
            "eps_4q_growth_year": null,
            "roe": -1.6,
            "roe_4q": 4.260000000000001,
            "gross_profit": 51169,
            "gross_margin": 20.86,
            "gross_margin_4q_avg": 27.2,
            "net_income": -11520,
            "revenue": 245324,
            "common_shares": 389729,
            "book_valuer_per_share": 17.13,
            "book_valuer_per_share_4q_avg": 16.7,
            "equity": 735603,
            "current_ratio": 150.64,
            "debt_ratio": 39.23,
            "inventory_turnover_ratio": 2.64,
            "account_receivable_turnover_ratio": 0.84,
            "reinvestment_rate": null,
            "research_to_sale_ratio": 3.82,
            "price_fair": 5.56,
            "eps_avg_yearly": 1.85,
            "eps_latest_yearly": 4.04,
            "eps_growth_yearly": -190.9
        },
        "20161": {
            "year_quarter": 20161,
            "year": 2016,
            "quarter": 1,
            "eps": -0.54,
            "eps_growth_year": null,
            "eps_4q": 1.19,
            "eps_4q_growth_year": null,
            "roe": -2.83,
            "roe_4q": 6.290000000000001,
            "gross_profit": 59966,
            "gross_margin": 17.86,
            "gross_margin_4q_avg": 26.5,
            "net_income": -20522,
            "revenue": 335832,
            "common_shares": 389729,
            "book_valuer_per_share": 16.58,
            "book_valuer_per_share_4q_avg": 16.96,
            "equity": 714239,
            "current_ratio": 151.26,
            "debt_ratio": 38.59,
            "inventory_turnover_ratio": 3.44,
            "account_receivable_turnover_ratio": 1.08,
            "reinvestment_rate": null,
            "research_to_sale_ratio": 3,
            "price_fair": 5.56,
            "eps_avg_yearly": 1.85,
            "eps_latest_yearly": 4.04,
            "eps_growth_yearly": -190.9
        },
        "20162": {
            "year_quarter": 20162,
            "year": 2016,
            "quarter": 2,
            "eps": -0.89,
            "eps_growth_year": -181.65,
            "eps_4q": -0.79,
            "eps_4q_growth_year": -1011.45,
            "roe": -5.32,
            "roe_4q": -4.51,
            "gross_profit": 48344,
            "gross_margin": 16.52,
            "gross_margin_4q_avg": 21.88,
            "net_income": -36075,
            "revenue": 292643,
            "common_shares": 389729,
            "book_valuer_per_share": 14.77,
            "book_valuer_per_share_4q_avg": 16.53,
            "equity": 640941,
            "current_ratio": 134.16,
            "debt_ratio": 45.69,
            "inventory_turnover_ratio": 3.25,
            "account_receivable_turnover_ratio": 0.74,
            "reinvestment_rate": null,
            "research_to_sale_ratio": 3.1,
            "price_fair": 5.56,
            "eps_avg_yearly": 1.85,
            "eps_latest_yearly": 4.04,
            "eps_growth_yearly": -190.9
        },
        "20163": {
            "year_quarter": 20163,
            "year": 2016,
            "quarter": 3,
            "eps": -1.73,
            "eps_growth_year": -271.29,
            "eps_4q": -3.53,
            "eps_4q_growth_year": -373.4,
            "roe": -11.08,
            "roe_4q": -20.83,
            "gross_profit": 40222,
            "gross_margin": 15.51,
            "gross_margin_4q_avg": 17.69,
            "net_income": -67729,
            "revenue": 259328,
            "common_shares": 389729,
            "book_valuer_per_share": 13.32,
            "book_valuer_per_share_4q_avg": 15.45,
            "equity": 581933,
            "current_ratio": 135.15,
            "debt_ratio": 46.3,
            "inventory_turnover_ratio": 2.77,
            "account_receivable_turnover_ratio": 0.71,
            "reinvestment_rate": null,
            "research_to_sale_ratio": 3.64,
            "price_fair": 5.56,
            "eps_avg_yearly": 1.85,
            "eps_latest_yearly": 4.04,
            "eps_growth_yearly": -190.9
        },
        "20164": {
            "year_quarter": 20164,
            "year": 2016,
            "quarter": 4,
            "eps": -0.47,
            "eps_growth_year": null,
            "eps_4q": -3.62,
            "eps_4q_growth_year": -430.44,
            "roe": -3.37,
            "roe_4q": -22.6,
            "gross_profit": 65390,
            "gross_margin": 25.99,
            "gross_margin_4q_avg": 18.97,
            "net_income": -19180,
            "revenue": 251549,
            "common_shares": 389729,
            "book_valuer_per_share": 12.69,
            "book_valuer_per_share_4q_avg": 14.34,
            "equity": 555437,
            "current_ratio": 136.55,
            "debt_ratio": 46.78,
            "inventory_turnover_ratio": 1.92,
            "account_receivable_turnover_ratio": 0.9,
            "reinvestment_rate": null,
            "research_to_sale_ratio": 3.64,
            "price_fair": 5.56,
            "eps_avg_yearly": 1.85,
            "eps_latest_yearly": 4.04,
            "eps_growth_yearly": -190.9
        },
        "20171": {
            "year_quarter": 20171,
            "year": 2017,
            "quarter": 1,
            "eps": -0.71,
            "eps_growth_year": null,
            "eps_4q": -3.8,
            "eps_4q_growth_year": -419.34,
            "roe": -6.26,
            "roe_4q": -26.03,
            "gross_profit": 51686,
            "gross_margin": 25.54,
            "gross_margin_4q_avg": 20.89,
            "net_income": -33433,
            "revenue": 202362,
            "common_shares": 389729,
            "book_valuer_per_share": 11.81,
            "book_valuer_per_share_4q_avg": 13.15,
            "equity": 512817,
            "current_ratio": 138.71,
            "debt_ratio": 44,
            "inventory_turnover_ratio": 1.43,
            "account_receivable_turnover_ratio": 0.87,
            "reinvestment_rate": null,
            "research_to_sale_ratio": 3.53,
            "price_fair": 6.54,
            "eps_avg_yearly": 2.18,
            "eps_latest_yearly": 4.04,
            "eps_growth_yearly": -161.35
        },
        "20172": {
            "year_quarter": 20172,
            "year": 2017,
            "quarter": 2,
            "eps": -0.36,
            "eps_growth_year": null,
            "eps_4q": -3.27,
            "eps_4q_growth_year": null,
            "roe": -3.89,
            "roe_4q": -24.6,
            "gross_profit": 49138,
            "gross_margin": 20.85,
            "gross_margin_4q_avg": 21.97,
            "net_income": -19508,
            "revenue": 235726,
            "common_shares": 389729,
            "book_valuer_per_share": 11.34,
            "book_valuer_per_share_4q_avg": 12.29,
            "equity": 490084,
            "current_ratio": 129.13,
            "debt_ratio": 47.04,
            "inventory_turnover_ratio": 1.72,
            "account_receivable_turnover_ratio": 1.11,
            "reinvestment_rate": null,
            "research_to_sale_ratio": 4.65,
            "price_fair": 12.12,
            "eps_avg_yearly": 4.04,
            "eps_latest_yearly": 4.04,
            "eps_growth_yearly": -29.36
        },
        "20173": {
            "year_quarter": 20173,
            "year": 2017,
            "quarter": 3,
            "eps": -0.15,
            "eps_growth_year": null,
            "eps_4q": -1.49,
            "eps_4q_growth_year": null,
            "roe": -1.75,
            "roe_4q": -15.27,
            "gross_profit": 66852,
            "gross_margin": 25.4,
            "gross_margin_4q_avg": 24.45,
            "net_income": -9262,
            "revenue": 263164,
            "common_shares": 445729,
            "book_valuer_per_share": 11.79,
            "book_valuer_per_share_4q_avg": 11.91,
            "equity": 571060,
            "current_ratio": 159.54,
            "debt_ratio": 37.86,
            "inventory_turnover_ratio": 1.78,
            "account_receivable_turnover_ratio": 1.13,
            "reinvestment_rate": null,
            "research_to_sale_ratio": 4.95,
            "price_fair": 12.12,
            "eps_avg_yearly": 4.04,
            "eps_latest_yearly": 4.04,
            "eps_growth_yearly": -29.36
        },
        "20174": {
            "year_quarter": 20174,
            "year": 2017,
            "quarter": 4,
            "eps": -1.26,
            "eps_growth_year": null,
            "eps_4q": -2.34,
            "eps_4q_growth_year": null,
            "roe": -13.29,
            "roe_4q": -25.189999999999998,
            "gross_profit": 50586,
            "gross_margin": 21.44,
            "gross_margin_4q_avg": 23.31,
            "net_income": -71112,
            "revenue": 235927,
            "common_shares": 445729,
            "book_valuer_per_share": 10.51,
            "book_valuer_per_share_4q_avg": 11.36,
            "equity": 499432,
            "current_ratio": 149.72,
            "debt_ratio": 43.33,
            "inventory_turnover_ratio": 1.61,
            "account_receivable_turnover_ratio": 0.94,
            "reinvestment_rate": null,
            "research_to_sale_ratio": 4.88,
            "price_fair": 12.12,
            "eps_avg_yearly": 4.04,
            "eps_latest_yearly": 4.04,
            "eps_growth_yearly": -29.36
        },
        "20181": {
            "year_quarter": 20181,
            "year": 2018,
            "quarter": 1,
            "eps": -0.46,
            "eps_growth_year": null,
            "eps_4q": -2.18,
            "eps_4q_growth_year": null,
            "roe": -4.76,
            "roe_4q": -23.689999999999998,
            "gross_profit": 41751,
            "gross_margin": 19.05,
            "gross_margin_4q_avg": 21.69,
            "net_income": -23287,
            "revenue": 219189,
            "common_shares": 445729,
            "book_valuer_per_share": 10.1,
            "book_valuer_per_share_4q_avg": 10.94,
            "equity": 478782,
            "current_ratio": 141.57,
            "debt_ratio": 45.84,
            "inventory_turnover_ratio": 1.39,
            "account_receivable_turnover_ratio": 1,
            "reinvestment_rate": null,
            "research_to_sale_ratio": 4.85,
            "price_fair": 12.12,
            "eps_avg_yearly": 4.04,
            "eps_latest_yearly": 4.04,
            "eps_growth_yearly": -29.36
        },
        "20182": {
            "year_quarter": 20182,
            "year": 2018,
            "quarter": 2,
            "eps": -0.04,
            "eps_growth_year": null,
            "eps_4q": -1.9,
            "eps_4q_growth_year": null,
            "roe": -0.52,
            "roe_4q": -20.32,
            "gross_profit": 57751,
            "gross_margin": 21.36,
            "gross_margin_4q_avg": 21.81,
            "net_income": -2498,
            "revenue": 270334,
            "common_shares": 445729,
            "book_valuer_per_share": 10.05,
            "book_valuer_per_share_4q_avg": 10.61,
            "equity": 475599,
            "current_ratio": 135.31,
            "debt_ratio": 48.59,
            "inventory_turnover_ratio": 1.58,
            "account_receivable_turnover_ratio": 1.27,
            "reinvestment_rate": null,
            "research_to_sale_ratio": 3.75,
            "price_fair": 12.12,
            "eps_avg_yearly": 4.04,
            "eps_latest_yearly": 4.04,
            "eps_growth_yearly": -29.36
        },
        "20183": {
            "year_quarter": 20183,
            "year": 2018,
            "quarter": 3,
            "eps": 0.72,
            "eps_growth_year": null,
            "eps_4q": -1.04,
            "eps_4q_growth_year": null,
            "roe": 6.31,
            "roe_4q": -12.26,
            "gross_profit": 112379,
            "gross_margin": 30.2,
            "gross_margin_4q_avg": 23.01,
            "net_income": 30848,
            "revenue": 372173,
            "common_shares": 445729,
            "book_valuer_per_share": 10.68,
            "book_valuer_per_share_4q_avg": 10.34,
            "equity": 501727,
            "current_ratio": 137.1,
            "debt_ratio": 50.79,
            "inventory_turnover_ratio": 1.8,
            "account_receivable_turnover_ratio": 1.27,
            "reinvestment_rate": null,
            "research_to_sale_ratio": 2.99,
            "price_fair": 12.12,
            "eps_avg_yearly": 4.04,
            "eps_latest_yearly": 4.04,
            "eps_growth_yearly": -29.36
        },
        "20184": {
            "year_quarter": 20184,
            "year": 2018,
            "quarter": 4,
            "eps": 1.09,
            "eps_growth_year": null,
            "eps_4q": 1.31,
            "eps_4q_growth_year": null,
            "roe": 8.88,
            "roe_4q": 9.910000000000002,
            "gross_profit": 118945,
            "gross_margin": 37.12,
            "gross_margin_4q_avg": 26.93,
            "net_income": 46628,
            "revenue": 320430,
            "common_shares": 445729,
            "book_valuer_per_share": 11.76,
            "book_valuer_per_share_4q_avg": 10.65,
            "equity": 548065,
            "current_ratio": 158.49,
            "debt_ratio": 42.99,
            "inventory_turnover_ratio": 1.33,
            "account_receivable_turnover_ratio": 1,
            "reinvestment_rate": null,
            "research_to_sale_ratio": 3.6,
            "price_fair": 147,
            "eps_avg_yearly": 4.2,
            "eps_latest_yearly": 4.36,
            "eps_growth_yearly": 88.1
        },
        "20191": {
            "year_quarter": 20191,
            "year": 2019,
            "quarter": 1,
            "eps": 0.65,
            "eps_growth_year": null,
            "eps_4q": 2.42,
            "eps_4q_growth_year": null,
            "roe": 5.02,
            "roe_4q": 19.69,
            "gross_profit": 104318,
            "gross_margin": 36.66,
            "gross_margin_4q_avg": 31.34,
            "net_income": 28300,
            "revenue": 284540,
            "common_shares": 445729,
            "book_valuer_per_share": 12.48,
            "book_valuer_per_share_4q_avg": 11.24,
            "equity": 579852,
            "current_ratio": 157.22,
            "debt_ratio": 45.47,
            "inventory_turnover_ratio": 1.2,
            "account_receivable_turnover_ratio": 1.02,
            "reinvestment_rate": null,
            "research_to_sale_ratio": 4.04,
            "price_fair": 54.67,
            "eps_avg_yearly": 3.67,
            "eps_latest_yearly": 2.6,
            "eps_growth_yearly": 4.91
        },
        "20192": {
            "year_quarter": 20192,
            "year": 2019,
            "quarter": 2,
            "eps": 0.94,
            "eps_growth_year": null,
            "eps_4q": 3.4,
            "eps_4q_growth_year": null,
            "roe": 6.85,
            "roe_4q": 27.06,
            "gross_profit": 130775,
            "gross_margin": 38.33,
            "gross_margin_4q_avg": 35.58,
            "net_income": 41014,
            "revenue": 341168,
            "common_shares": 445729,
            "book_valuer_per_share": 13.37,
            "book_valuer_per_share_4q_avg": 12.07,
            "equity": 618254,
            "current_ratio": 159.77,
            "debt_ratio": 46.65,
            "inventory_turnover_ratio": 1.48,
            "account_receivable_turnover_ratio": 1.14,
            "reinvestment_rate": null,
            "research_to_sale_ratio": 3.37,
            "price_fair": 129.15,
            "eps_avg_yearly": 3.69,
            "eps_latest_yearly": 3.76,
            "eps_growth_yearly": 48.3
        },
        "20193": {
            "year_quarter": 20193,
            "year": 2019,
            "quarter": 3,
            "eps": 1.13,
            "eps_growth_year": 56.94,
            "eps_4q": 3.42,
            "eps_4q_growth_year": null,
            "roe": 7.05,
            "roe_4q": 27.799999999999997,
            "gross_profit": 162240,
            "gross_margin": 40.4,
            "gross_margin_4q_avg": 38.13,
            "net_income": 50542,
            "revenue": 401583,
            "common_shares": 499729,
            "book_valuer_per_share": 15.92,
            "book_valuer_per_share_4q_avg": 13.38,
            "equity": 816337,
            "current_ratio": 206.15,
            "debt_ratio": 38.9,
            "inventory_turnover_ratio": 1.87,
            "account_receivable_turnover_ratio": 1.09,
            "reinvestment_rate": null,
            "research_to_sale_ratio": 2.77,
            "price_fair": 133.35,
            "eps_avg_yearly": 3.81,
            "eps_latest_yearly": 4.52,
            "eps_growth_yearly": 75.85
        },
        "20194": {
            "year_quarter": 20194,
            "year": 2019,
            "quarter": 4,
            "eps": 0.6,
            "eps_growth_year": -45.09,
            "eps_4q": 3.05,
            "eps_4q_growth_year": 133.51,
            "roe": 3.49,
            "roe_4q": 22.41,
            "gross_profit": 136571,
            "gross_margin": 41.63,
            "gross_margin_4q_avg": 39.26,
            "net_income": 28974,
            "revenue": 328063,
            "common_shares": 499729,
            "book_valuer_per_share": 16.47,
            "book_valuer_per_share_4q_avg": 14.56,
            "equity": 842469,
            "current_ratio": 254.56,
            "debt_ratio": 31.26,
            "inventory_turnover_ratio": 1.74,
            "account_receivable_turnover_ratio": 0.95,
            "reinvestment_rate": null,
            "research_to_sale_ratio": 3.23,
            "price_fair": 116.98,
            "eps_avg_yearly": 3.53,
            "eps_latest_yearly": 2.4,
            "eps_growth_yearly": 23.16
        },
        "20201": {
            "year_quarter": 20201,
            "year": 2020,
            "quarter": 1,
            "eps": -0.02,
            "eps_growth_year": -103.08,
            "eps_4q": 2.45,
            "eps_4q_growth_year": 0.99,
            "roe": -0.31,
            "roe_4q": 17.08,
            "gross_profit": 71631,
            "gross_margin": 36.82,
            "gross_margin_4q_avg": 39.3,
            "net_income": -2589,
            "revenue": 194537,
            "common_shares": 499729,
            "book_valuer_per_share": 16.41,
            "book_valuer_per_share_4q_avg": 15.54,
            "equity": 837951,
            "current_ratio": 252.83,
            "debt_ratio": 27.06,
            "inventory_turnover_ratio": 1.13,
            "account_receivable_turnover_ratio": 0.79,
            "reinvestment_rate": null,
            "research_to_sale_ratio": 5.06,
            "price_fair": 116.98,
            "eps_avg_yearly": 3.53,
            "eps_latest_yearly": 2.4,
            "eps_growth_yearly": 23.16
        },
        "20202": {
            "year_quarter": 20202,
            "year": 2020,
            "quarter": 2,
            "eps": 0.19,
            "eps_growth_year": -79.79,
            "eps_4q": 1.2,
            "eps_4q_growth_year": -64.79,
            "roe": 1.3,
            "roe_4q": 11.530000000000001,
            "gross_profit": 74928,
            "gross_margin": 36.75,
            "gross_margin_4q_avg": 38.9,
            "net_income": 14899,
            "revenue": 203893,
            "common_shares": 799729,
            "book_valuer_per_share": 17.91,
            "book_valuer_per_share_4q_avg": 16.68,
            "equity": 1449506,
            "current_ratio": 430.2,
            "debt_ratio": 18.85,
            "inventory_turnover_ratio": 1.09,
            "account_receivable_turnover_ratio": 1.08,
            "reinvestment_rate": -109.43,
            "research_to_sale_ratio": 5.34,
            "price_fair": 116.98,
            "eps_avg_yearly": 3.53,
            "eps_latest_yearly": 2.4,
            "eps_growth_yearly": 23.16
        },
        "20203": {
            "year_quarter": 20203,
            "year": 2020,
            "quarter": 3,
            "eps": 0.47,
            "eps_growth_year": -58.41,
            "eps_4q": 1.02,
            "eps_4q_growth_year": -70.22,
            "roe": 2.49,
            "roe_4q": 6.970000000000001,
            "gross_profit": 121915,
            "gross_margin": 38.5,
            "gross_margin_4q_avg": 38.43,
            "net_income": 36625,
            "revenue": 316642,
            "common_shares": 799729,
            "book_valuer_per_share": 18.42,
            "book_valuer_per_share_4q_avg": 17.3,
            "equity": 1489550,
            "current_ratio": 378.85,
            "debt_ratio": 21.44,
            "inventory_turnover_ratio": 1.55,
            "account_receivable_turnover_ratio": 1.47,
            "reinvestment_rate": 15.6,
            "research_to_sale_ratio": 3.53,
            "price_fair": 113.87,
            "eps_avg_yearly": 3.25,
            "eps_latest_yearly": 1.88,
            "eps_growth_yearly": 117.54
        },
        "20204": {
            "year_quarter": 20204,
            "year": 2020,
            "quarter": 4,
            "eps": 0.35,
            "eps_growth_year": -41.22,
            "eps_4q": 1,
            "eps_4q_growth_year": -67.3,
            "roe": 1.82,
            "roe_4q": 5.300000000000001,
            "gross_profit": 122158,
            "gross_margin": 38.81,
            "gross_margin_4q_avg": 37.72,
            "net_income": 27369,
            "revenue": 314784,
            "common_shares": 799729,
            "book_valuer_per_share": 18.8,
            "book_valuer_per_share_4q_avg": 17.89,
            "equity": 1519664,
            "current_ratio": 370.38,
            "debt_ratio": 21.99,
            "inventory_turnover_ratio": 1.51,
            "account_receivable_turnover_ratio": 1.22,
            "reinvestment_rate": 18.91,
            "research_to_sale_ratio": 4.17,
            "price_fair": 104.6,
            "eps_avg_yearly": 2.99,
            "eps_latest_yearly": 1.4,
            "eps_growth_yearly": 86.16
        },
        "20211": {
            "year_quarter": 20211,
            "year": 2021,
            "quarter": 1,
            "eps": 0.09,
            "eps_growth_year": null,
            "eps_4q": 1.1,
            "eps_4q_growth_year": -55,
            "roe": 0.44,
            "roe_4q": 6.05,
            "gross_profit": 82986,
            "gross_margin": 32.77,
            "gross_margin_4q_avg": 36.71,
            "net_income": 6699,
            "revenue": 253232,
            "common_shares": 799729,
            "book_valuer_per_share": 18.91,
            "book_valuer_per_share_4q_avg": 18.51,
            "equity": 1527641,
            "current_ratio": 399.51,
            "debt_ratio": 20.87,
            "inventory_turnover_ratio": 1.19,
            "account_receivable_turnover_ratio": 1.03,
            "reinvestment_rate": 19.25,
            "research_to_sale_ratio": 5.09,
            "price_fair": 93.1,
            "eps_avg_yearly": 2.66,
            "eps_latest_yearly": 0.36,
            "eps_growth_yearly": 38.25
        },
        "20212": {
            "year_quarter": 20212,
            "year": 2021,
            "quarter": 2,
            "eps": 0.27,
            "eps_growth_year": 42.11,
            "eps_4q": 1.17,
            "eps_4q_growth_year": -1.91,
            "roe": 0.92,
            "roe_4q": 5.67,
            "gross_profit": 153414,
            "gross_margin": 19.47,
            "gross_margin_4q_avg": 32.39,
            "net_income": 16852,
            "revenue": 788126,
            "common_shares": 799729,
            "book_valuer_per_share": 18.89,
            "book_valuer_per_share_4q_avg": 18.76,
            "equity": 2144200,
            "current_ratio": 177.27,
            "debt_ratio": 35.4,
            "inventory_turnover_ratio": 1.49,
            "account_receivable_turnover_ratio": 1.76,
            "reinvestment_rate": 217.36,
            "research_to_sale_ratio": 2.78,
            "price_fair": 86.96,
            "eps_avg_yearly": 2.48,
            "eps_latest_yearly": 1.08,
            "eps_growth_yearly": 122.89
        },
        "20213": {
            "year_quarter": 20213,
            "year": 2021,
            "quarter": 3,
            "eps": 0.51,
            "eps_growth_year": 8.51,
            "eps_4q": 1.22,
            "eps_4q_growth_year": 19.82,
            "roe": 2.46,
            "roe_4q": 5.64,
            "gross_profit": 208401,
            "gross_margin": 19.74,
            "gross_margin_4q_avg": 27.7,
            "net_income": 53255,
            "revenue": 1055582,
            "common_shares": 799729,
            "book_valuer_per_share": 19.16,
            "book_valuer_per_share_4q_avg": 18.94,
            "equity": 2178219,
            "current_ratio": 199.3,
            "debt_ratio": 37.77,
            "inventory_turnover_ratio": 1.22,
            "account_receivable_turnover_ratio": 1.31,
            "reinvestment_rate": 176.36,
            "research_to_sale_ratio": 2.09,
            "price_fair": 85.4,
            "eps_avg_yearly": 2.44,
            "eps_latest_yearly": 2.04,
            "eps_growth_yearly": 146.15
        },
        "20214": {
            "year_quarter": 20214,
            "year": 2021,
            "quarter": 4,
            "eps": 0.52,
            "eps_growth_year": 48.31,
            "eps_4q": 1.39,
            "eps_4q_growth_year": 39.48,
            "roe": 2.24,
            "roe_4q": 6.0600000000000005,
            "gross_profit": 198686,
            "gross_margin": 20.45,
            "gross_margin_4q_avg": 23.11,
            "net_income": 49455,
            "revenue": 971547,
            "common_shares": 799729,
            "book_valuer_per_share": 19.71,
            "book_valuer_per_share_4q_avg": 19.17,
            "equity": 2230285,
            "current_ratio": 202.91,
            "debt_ratio": 37.62,
            "inventory_turnover_ratio": 1.1,
            "account_receivable_turnover_ratio": 1.1,
            "reinvestment_rate": 139.02,
            "research_to_sale_ratio": 2.5,
            "price_fair": 84.25,
            "eps_avg_yearly": 2.41,
            "eps_latest_yearly": 2.08,
            "eps_growth_yearly": 133.58
        },
        "20221": {
            "year_quarter": 20221,
            "year": 2022,
            "quarter": 1,
            "eps": 0.54,
            "eps_growth_year": 500,
            "eps_4q": 1.84,
            "eps_4q_growth_year": 67.63,
            "roe": 2.79,
            "roe_4q": 8.41,
            "gross_profit": 207637,
            "gross_margin": 21.47,
            "gross_margin_4q_avg": 20.28,
            "net_income": 62163,
            "revenue": 967269,
            "common_shares": 799729,
            "book_valuer_per_share": 19.4,
            "book_valuer_per_share_4q_avg": 19.29,
            "equity": 2224297,
            "current_ratio": 194.4,
            "debt_ratio": 38.99,
            "inventory_turnover_ratio": 1.07,
            "account_receivable_turnover_ratio": 1.21,
            "reinvestment_rate": 120.35,
            "research_to_sale_ratio": 2.65,
            "price_fair": 83.53,
            "eps_avg_yearly": 2.39,
            "eps_latest_yearly": 2.16,
            "eps_growth_yearly": 123.73
        },
        "20222": {
            "year_quarter": 20222,
            "year": 2022,
            "quarter": 2,
            "eps": 0.86,
            "eps_growth_year": 218.52,
            "eps_4q": 2.44,
            "eps_4q_growth_year": 107.72,
            "roe": 4.13,
            "roe_4q": 11.620000000000001,
            "gross_profit": 229633,
            "gross_margin": 22.95,
            "gross_margin_4q_avg": 21.15,
            "net_income": 93095,
            "revenue": 1000413,
            "common_shares": 799729,
            "book_valuer_per_share": 20.23,
            "book_valuer_per_share_4q_avg": 19.63,
            "equity": 2281761,
            "current_ratio": 204.48,
            "debt_ratio": 37.48,
            "inventory_turnover_ratio": 1.03,
            "account_receivable_turnover_ratio": 1.16,
            "reinvestment_rate": 98.15,
            "research_to_sale_ratio": 2.58,
            "price_fair": 86.37,
            "eps_avg_yearly": 2.47,
            "eps_latest_yearly": 3.44,
            "eps_growth_yearly": 132.45
        },
        "20223": {
            "year_quarter": 20223,
            "year": 2022,
            "quarter": 3,
            "eps": 1.21,
            "eps_growth_year": 137.25,
            "eps_4q": 3.14,
            "eps_4q_growth_year": 156.93,
            "roe": 5.62,
            "roe_4q": 14.78,
            "gross_profit": 249214,
            "gross_margin": 20.83,
            "gross_margin_4q_avg": 21.43,
            "net_income": 132127,
            "revenue": 1196315,
            "common_shares": 799729,
            "book_valuer_per_share": 21.49,
            "book_valuer_per_share_4q_avg": 20.21,
            "equity": 2418224,
            "current_ratio": 216.86,
            "debt_ratio": 36.04,
            "inventory_turnover_ratio": 1.2,
            "account_receivable_turnover_ratio": 1.19,
            "reinvestment_rate": 86.39,
            "research_to_sale_ratio": 2.19,
            "price_fair": 92.3,
            "eps_avg_yearly": 2.64,
            "eps_latest_yearly": 4.84,
            "eps_growth_yearly": 134.61
        },
        "20224": {
            "year_quarter": 20224,
            "year": 2022,
            "quarter": 4,
            "eps": 0.5,
            "eps_growth_year": -4.02,
            "eps_4q": 3.12,
            "eps_4q_growth_year": 124.1,
            "roe": 3.01,
            "roe_4q": 15.549999999999997,
            "gross_profit": 227117,
            "gross_margin": 21.28,
            "gross_margin_4q_avg": 21.63,
            "net_income": 73932,
            "revenue": 1067027,
            "common_shares": 799729,
            "book_valuer_per_share": 22,
            "book_valuer_per_share_4q_avg": 20.78,
            "equity": 2492725,
            "current_ratio": 264.49,
            "debt_ratio": 29.75,
            "inventory_turnover_ratio": 1.26,
            "account_receivable_turnover_ratio": 1.11,
            "reinvestment_rate": 82.84,
            "research_to_sale_ratio": 2.55,
            "price_fair": 86.4,
            "eps_avg_yearly": 2.47,
            "eps_latest_yearly": 2,
            "eps_growth_yearly": 103.17
        },
        "20231": {
            "year_quarter": 20231,
            "year": 2023,
            "quarter": 1,
            "eps": -0.03,
            "eps_growth_year": -105.56,
            "eps_4q": 2.54,
            "eps_4q_growth_year": 37.84,
            "roe": 0.49,
            "roe_4q": 13.25,
            "gross_profit": 127114,
            "gross_margin": 16.89,
            "gross_margin_4q_avg": 20.49,
            "net_income": 11751,
            "revenue": 752787,
            "common_shares": 799729,
            "book_valuer_per_share": 19.49,
            "book_valuer_per_share_4q_avg": 20.8,
            "equity": 2306340,
            "current_ratio": 228.46,
            "debt_ratio": 32.9,
            "inventory_turnover_ratio": 1.27,
            "account_receivable_turnover_ratio": 0.95,
            "reinvestment_rate": 86.68,
            "research_to_sale_ratio": 2.85,
            "price_fair": 86.05,
            "eps_avg_yearly": 2.46,
            "eps_latest_yearly": 2,
            "eps_growth_yearly": 123.52
        }
    },
    "months": {
        "2007-11": {
            "month": "2007-11",
            "price": "73.16",
            "revenue": 111100
        },
        "2008-01": {
            "month": "2008-01",
            "price": "67.88",
            "revenue": 91433
        },
        "2008-02": {
            "month": "2008-02",
            "price": "65.78",
            "revenue": 87734
        },
        "2008-03": {
            "month": "2008-03",
            "price": "64.56",
            "revenue": 135609
        },
        "2008-04": {
            "month": "2008-04",
            "price": "65.50",
            "revenue": 120374
        },
        "2008-05": {
            "month": "2008-05",
            "price": "69.46",
            "revenue": 125247
        },
        "2008-06": {
            "month": "2008-06",
            "price": "72.54",
            "revenue": 106303
        },
        "2008-07": {
            "month": "2008-07",
            "price": "66.50",
            "revenue": 100144
        },
        "2008-08": {
            "month": "2008-08",
            "price": "58.52",
            "revenue": 116748
        },
        "2008-09": {
            "month": "2008-09",
            "price": "52.17",
            "revenue": 126379
        },
        "2008-10": {
            "month": "2008-10",
            "price": "50.58",
            "revenue": 120858
        },
        "2008-11": {
            "month": "2008-11",
            "price": "37.92",
            "revenue": 83588
        },
        "2008-12": {
            "month": "2008-12",
            "price": "31.83",
            "revenue": 82495
        },
        "2009-01": {
            "month": "2009-01",
            "price": "36.10",
            "revenue": 73741
        },
        "2009-02": {
            "month": "2009-02",
            "price": "29.80",
            "revenue": 72352
        },
        "2009-03": {
            "month": "2009-03",
            "price": "31.22",
            "revenue": 103177
        },
        "2009-04": {
            "month": "2009-04",
            "price": "41.30",
            "revenue": 104352
        },
        "2009-05": {
            "month": "2009-05",
            "price": "47.16",
            "revenue": 102872
        },
        "2009-06": {
            "month": "2009-06",
            "price": "42.04",
            "revenue": 102471
        },
        "2009-07": {
            "month": "2009-07",
            "price": "44.25",
            "revenue": 123887
        },
        "2009-08": {
            "month": "2009-08",
            "price": "52.74",
            "revenue": 138488
        },
        "2009-09": {
            "month": "2009-09",
            "price": "64.80",
            "revenue": 136191
        },
        "2009-10": {
            "month": "2009-10",
            "price": "63.30",
            "revenue": 131896
        },
        "2009-11": {
            "month": "2009-11",
            "price": "62.72",
            "revenue": 133702
        },
        "2009-12": {
            "month": "2009-12",
            "price": "70.86",
            "revenue": 137302
        },
        "2010-01": {
            "month": "2010-01",
            "price": "79.85",
            "revenue": 129924
        },
        "2010-02": {
            "month": "2010-02",
            "price": "72.03",
            "revenue": 87586
        },
        "2010-03": {
            "month": "2010-03",
            "price": "77.50",
            "revenue": 161435
        },
        "2010-04": {
            "month": "2010-04",
            "price": "78.36",
            "revenue": 166213
        },
        "2010-05": {
            "month": "2010-05",
            "price": "70.20",
            "revenue": 176819
        },
        "2010-06": {
            "month": "2010-06",
            "price": "68.51",
            "revenue": 161081
        },
        "2010-07": {
            "month": "2010-07",
            "price": "69.76",
            "revenue": 156425
        },
        "2010-08": {
            "month": "2010-08",
            "price": "65.29",
            "revenue": 161253
        },
        "2010-09": {
            "month": "2010-09",
            "price": "67.29",
            "revenue": 146184
        },
        "2010-10": {
            "month": "2010-10",
            "price": "68.90",
            "revenue": 120668
        },
        "2010-11": {
            "month": "2010-11",
            "price": "61.56",
            "revenue": 138976
        },
        "2010-12": {
            "month": "2010-12",
            "price": "67.20",
            "revenue": 112387
        },
        "2011-01": {
            "month": "2011-01",
            "price": "67.34",
            "revenue": 94171
        },
        "2011-02": {
            "month": "2011-02",
            "price": "62.32",
            "revenue": 94558
        },
        "2011-03": {
            "month": "2011-03",
            "price": "60.44",
            "revenue": 138340
        },
        "2011-04": {
            "month": "2011-04",
            "price": "56.91",
            "revenue": 119339
        },
        "2011-05": {
            "month": "2011-05",
            "price": "51.69",
            "revenue": 93494
        },
        "2011-06": {
            "month": "2011-06",
            "price": "54.65",
            "revenue": 101251
        },
        "2011-07": {
            "month": "2011-07",
            "price": "44.21",
            "revenue": 93025
        },
        "2011-08": {
            "month": "2011-08",
            "price": "34.32",
            "revenue": 90995
        },
        "2011-09": {
            "month": "2011-09",
            "price": "29.37",
            "revenue": 97577
        },
        "2011-10": {
            "month": "2011-10",
            "price": "28.08",
            "revenue": 74355
        },
        "2011-11": {
            "month": "2011-11",
            "price": "23.88",
            "revenue": 87625
        },
        "2011-12": {
            "month": "2011-12",
            "price": "19.94",
            "revenue": 79724
        },
        "2012-01": {
            "month": "2012-01",
            "price": "20.47",
            "revenue": 68365
        },
        "2012-02": {
            "month": "2012-02",
            "price": "28.48",
            "revenue": 88703
        },
        "2012-03": {
            "month": "2012-03",
            "price": "27.01",
            "revenue": 120801
        },
        "2012-04": {
            "month": "2012-04",
            "price": "22.74",
            "revenue": 89563
        },
        "2012-05": {
            "month": "2012-05",
            "price": "20.78",
            "revenue": 88235
        },
        "2012-06": {
            "month": "2012-06",
            "price": "19.02",
            "revenue": 75046
        },
        "2012-07": {
            "month": "2012-07",
            "price": "18.28",
            "revenue": 97401
        },
        "2012-08": {
            "month": "2012-08",
            "price": "18.81",
            "revenue": 103074
        },
        "2012-09": {
            "month": "2012-09",
            "price": "21.42",
            "revenue": 123324
        },
        "2012-10": {
            "month": "2012-10",
            "price": "20.05",
            "revenue": 121557
        },
        "2012-11": {
            "month": "2012-11",
            "price": "18.45",
            "revenue": 135065
        },
        "2012-12": {
            "month": "2012-12",
            "price": "20.02",
            "revenue": 118686
        },
        "2013-01": {
            "month": "2013-01",
            "price": "22.60",
            "revenue": 94895
        },
        "2013-02": {
            "month": "2013-02",
            "price": "23.38",
            "revenue": 64460
        },
        "2013-03": {
            "month": "2013-03",
            "price": "22.31",
            "revenue": 92528
        },
        "2013-04": {
            "month": "2013-04",
            "price": "26.28",
            "revenue": 93784
        },
        "2013-05": {
            "month": "2013-05",
            "price": "24.74",
            "revenue": 77291
        },
        "2013-06": {
            "month": "2013-06",
            "price": "22.70",
            "revenue": 67960
        },
        "2013-07": {
            "month": "2013-07",
            "price": "20.10",
            "revenue": 58715
        },
        "2013-08": {
            "month": "2013-08",
            "price": "18.04",
            "revenue": 75369
        },
        "2013-09": {
            "month": "2013-09",
            "price": "18.57",
            "revenue": 66395
        },
        "2013-10": {
            "month": "2013-10",
            "price": "17.90",
            "revenue": 61662
        },
        "2013-11": {
            "month": "2013-11",
            "price": "15.81",
            "revenue": 64596
        },
        "2013-12": {
            "month": "2013-12",
            "price": "16.22",
            "revenue": 56846
        },
        "2014-01": {
            "month": "2014-01",
            "price": "17.23",
            "revenue": 35243
        },
        "2014-02": {
            "month": "2014-02",
            "price": "19.79",
            "revenue": 30166
        },
        "2014-03": {
            "month": "2014-03",
            "price": "19.78",
            "revenue": 62995
        },
        "2014-04": {
            "month": "2014-04",
            "price": "19.80",
            "revenue": 68419
        },
        "2014-05": {
            "month": "2014-05",
            "price": "19.72",
            "revenue": 64531
        },
        "2014-06": {
            "month": "2014-06",
            "price": "18.76",
            "revenue": 61665
        },
        "2014-07": {
            "month": "2014-07",
            "price": "19.85",
            "revenue": 60407
        },
        "2014-08": {
            "month": "2014-08",
            "price": "18.94",
            "revenue": 67167
        },
        "2014-09": {
            "month": "2014-09",
            "price": "18.78",
            "revenue": 84190
        },
        "2014-10": {
            "month": "2014-10",
            "price": "17.98",
            "revenue": 96672
        },
        "2014-11": {
            "month": "2014-11",
            "price": "18.01",
            "revenue": 91279
        },
        "2014-12": {
            "month": "2014-12",
            "price": "18.15",
            "revenue": 112908
        },
        "2015-01": {
            "month": "2015-01",
            "price": "20.41",
            "revenue": 99057
        },
        "2015-02": {
            "month": "2015-02",
            "price": "21.09",
            "revenue": 44620
        },
        "2015-03": {
            "month": "2015-03",
            "price": "19.96",
            "revenue": 75073
        },
        "2015-04": {
            "month": "2015-04",
            "price": "18.74",
            "revenue": 95854
        },
        "2015-05": {
            "month": "2015-05",
            "price": "16.67",
            "revenue": 112407
        },
        "2015-06": {
            "month": "2015-06",
            "price": "17.75",
            "revenue": 121775
        },
        "2015-07": {
            "month": "2015-07",
            "price": "26.74",
            "revenue": 128708
        },
        "2015-08": {
            "month": "2015-08",
            "price": "37.45",
            "revenue": 113918
        },
        "2015-09": {
            "month": "2015-09",
            "price": "42.14",
            "revenue": 116186
        },
        "2015-10": {
            "month": "2015-10",
            "price": "41.12",
            "revenue": 90452
        },
        "2015-11": {
            "month": "2015-11",
            "price": "33.43",
            "revenue": 65466
        },
        "2015-12": {
            "month": "2015-12",
            "price": "28.17",
            "revenue": 89406
        },
        "2016-01": {
            "month": "2016-01",
            "price": "24.11",
            "revenue": 123676
        },
        "2016-02": {
            "month": "2016-02",
            "price": "29.20",
            "revenue": 75004
        },
        "2016-03": {
            "month": "2016-03",
            "price": "29.86",
            "revenue": 137152
        },
        "2016-04": {
            "month": "2016-04",
            "price": "30.87",
            "revenue": 107659
        },
        "2016-05": {
            "month": "2016-05",
            "price": "25.26",
            "revenue": 103357
        },
        "2016-06": {
            "month": "2016-06",
            "price": "27.68",
            "revenue": 81627
        },
        "2016-07": {
            "month": "2016-07",
            "price": "26.36",
            "revenue": 82829
        },
        "2016-08": {
            "month": "2016-08",
            "price": "23.60",
            "revenue": 87677
        },
        "2016-09": {
            "month": "2016-09",
            "price": "22.47",
            "revenue": 88822
        },
        "2016-10": {
            "month": "2016-10",
            "price": "20.52",
            "revenue": 83491
        },
        "2016-11": {
            "month": "2016-11",
            "price": "16.61",
            "revenue": 87568
        },
        "2016-12": {
            "month": "2016-12",
            "price": "18.03",
            "revenue": 80490
        },
        "2017-01": {
            "month": "2017-01",
            "price": "19.88",
            "revenue": 56496
        },
        "2017-02": {
            "month": "2017-02",
            "price": "19.47",
            "revenue": 57482
        },
        "2017-03": {
            "month": "2017-03",
            "price": "19.48",
            "revenue": 88384
        },
        "2017-04": {
            "month": "2017-04",
            "price": "19.78",
            "revenue": 88963
        },
        "2017-05": {
            "month": "2017-05",
            "price": "19.48",
            "revenue": 75188
        },
        "2017-06": {
            "month": "2017-06",
            "price": "19.36",
            "revenue": 71575
        },
        "2017-07": {
            "month": "2017-07",
            "price": "18.31",
            "revenue": 74749
        },
        "2017-08": {
            "month": "2017-08",
            "price": "17.45",
            "revenue": 91274
        },
        "2017-09": {
            "month": "2017-09",
            "price": "19.75",
            "revenue": 97141
        },
        "2017-10": {
            "month": "2017-10",
            "price": "19.17",
            "revenue": 81525
        },
        "2017-11": {
            "month": "2017-11",
            "price": "17.75",
            "revenue": 90930
        },
        "2017-12": {
            "month": "2017-12",
            "price": "16.61",
            "revenue": 63472
        },
        "2018-01": {
            "month": "2018-01",
            "price": "16.58",
            "revenue": 85086
        },
        "2018-02": {
            "month": "2018-02",
            "price": "14.76",
            "revenue": 55824
        },
        "2018-03": {
            "month": "2018-03",
            "price": "14.38",
            "revenue": 78279
        },
        "2018-04": {
            "month": "2018-04",
            "price": "13.88",
            "revenue": 77048
        },
        "2018-05": {
            "month": "2018-05",
            "price": "14.22",
            "revenue": 88072
        },
        "2018-06": {
            "month": "2018-06",
            "price": "15.19",
            "revenue": 105214
        },
        "2018-07": {
            "month": "2018-07",
            "price": "19.86",
            "revenue": 107442
        },
        "2018-08": {
            "month": "2018-08",
            "price": "20.98",
            "revenue": 134201
        },
        "2018-09": {
            "month": "2018-09",
            "price": "22.83",
            "revenue": 130530
        },
        "2018-10": {
            "month": "2018-10",
            "price": "20.89",
            "revenue": 122068
        },
        "2018-11": {
            "month": "2018-11",
            "price": "22.99",
            "revenue": 103369
        },
        "2018-12": {
            "month": "2018-12",
            "price": "23.55",
            "revenue": 94993
        },
        "2019-01": {
            "month": "2019-01",
            "price": "21.13",
            "revenue": 105835
        },
        "2019-02": {
            "month": "2019-02",
            "price": "22.40",
            "revenue": 76863
        },
        "2019-03": {
            "month": "2019-03",
            "price": "33.74",
            "revenue": 101842
        },
        "2019-04": {
            "month": "2019-04",
            "price": "40.38",
            "revenue": 111799
        },
        "2019-05": {
            "month": "2019-05",
            "price": "34.09",
            "revenue": 111053
        },
        "2019-06": {
            "month": "2019-06",
            "price": "33.79",
            "revenue": 118316
        },
        "2019-07": {
            "month": "2019-07",
            "price": "36.91",
            "revenue": 136279
        },
        "2019-08": {
            "month": "2019-08",
            "price": "38.76",
            "revenue": 139934
        },
        "2019-09": {
            "month": "2019-09",
            "price": "40.99",
            "revenue": 125370
        },
        "2019-10": {
            "month": "2019-10",
            "price": "39.71",
            "revenue": 127057
        },
        "2019-11": {
            "month": "2019-11",
            "price": "44.87",
            "revenue": 100177
        },
        "2019-12": {
            "month": "2019-12",
            "price": "41.92",
            "revenue": 100829
        },
        "2020-01": {
            "month": "2020-01",
            "price": "39.54",
            "revenue": 80242
        },
        "2020-02": {
            "month": "2020-02",
            "price": "34.93",
            "revenue": 43544
        },
        "2020-03": {
            "month": "2020-03",
            "price": "25.75",
            "revenue": 70751
        },
        "2020-04": {
            "month": "2020-04",
            "price": "27.86",
            "revenue": 68593
        },
        "2020-05": {
            "month": "2020-05",
            "price": "27.72",
            "revenue": 73030
        },
        "2020-06": {
            "month": "2020-06",
            "price": "27.07",
            "revenue": 62270
        },
        "2020-07": {
            "month": "2020-07",
            "price": "25.15",
            "revenue": 93326
        },
        "2020-08": {
            "month": "2020-08",
            "price": "23.94",
            "revenue": 103294
        },
        "2020-09": {
            "month": "2020-09",
            "price": "24.20",
            "revenue": 120022
        },
        "2020-10": {
            "month": "2020-10",
            "price": "23.89",
            "revenue": 102917
        },
        "2020-11": {
            "month": "2020-11",
            "price": "26.61",
            "revenue": 116244
        },
        "2020-12": {
            "month": "2020-12",
            "price": "30.58",
            "revenue": 95623
        },
        "2021-01": {
            "month": "2021-01",
            "price": "27.03",
            "revenue": 94032
        },
        "2021-02": {
            "month": "2021-02",
            "price": "29.44",
            "revenue": 65333
        },
        "2021-03": {
            "month": "2021-03",
            "price": "30.85",
            "revenue": 93867
        },
        "2021-04": {
            "month": "2021-04",
            "price": "31.94",
            "revenue": 269995
        },
        "2021-05": {
            "month": "2021-05",
            "price": "29.56",
            "revenue": 242841
        },
        "2021-06": {
            "month": "2021-06",
            "price": "32.21",
            "revenue": 275290
        },
        "2021-07": {
            "month": "2021-07",
            "price": "47.70",
            "revenue": 360319
        },
        "2021-08": {
            "month": "2021-08",
            "price": "44.37",
            "revenue": 309247
        },
        "2021-09": {
            "month": "2021-09",
            "price": "41.51",
            "revenue": 386016
        },
        "2021-10": {
            "month": "2021-10",
            "price": "40.90",
            "revenue": 305258
        },
        "2021-11": {
            "month": "2021-11",
            "price": "40.22",
            "revenue": 340389
        },
        "2021-12": {
            "month": "2021-12",
            "price": "40.11",
            "revenue": 325900
        },
        "2022-01": {
            "month": "2022-01",
            "price": "39.31",
            "revenue": 377168
        },
        "2022-02": {
            "month": "2022-02",
            "price": "38.32",
            "revenue": 244169
        },
        "2022-03": {
            "month": "2022-03",
            "price": "36.92",
            "revenue": 345932
        },
        "2022-04": {
            "month": "2022-04",
            "price": "38.65",
            "revenue": 317740
        },
        "2022-05": {
            "month": "2022-05",
            "price": "37.15",
            "revenue": 338558
        },
        "2022-06": {
            "month": "2022-06",
            "price": "35.70",
            "revenue": 344115
        },
        "2022-07": {
            "month": "2022-07",
            "price": "30.04",
            "revenue": 338029
        },
        "2022-08": {
            "month": "2022-08",
            "price": "33.91",
            "revenue": 428349
        },
        "2022-09": {
            "month": "2022-09",
            "price": "38.26",
            "revenue": 429937
        },
        "2022-10": {
            "month": "2022-10",
            "price": "34.49",
            "revenue": 401273
        },
        "2022-11": {
            "month": "2022-11",
            "price": "36.76",
            "revenue": 378386
        },
        "2022-12": {
            "month": "2022-12",
            "price": "35.22",
            "revenue": 287368
        },
        "2023-01": {
            "month": "2023-01",
            "price": "33.08",
            "revenue": 248215
        },
        "2023-02": {
            "month": "2023-02",
            "price": "34.45",
            "revenue": 269698
        },
        "2023-03": {
            "month": "2023-03",
            "price": "37.10",
            "revenue": 234874
        },
        "2023-04": {
            "month": "2023-04",
            "price": "35.62",
            "revenue": 185409
        },
        "2023-05": {
            "month": "2023-05",
            "price": "33.14",
            "revenue": 173007
        }
    }
}
