{
    "summary": {
        "stock_name": "皇龍",
        "stock_id": "3512",
        "category": "建材營造",
        "main_business": "電子零組件製造業<br>住宅及大樓開發租售業<br>不動產買賣業",
        "website_url": "http://www.hldc.com.tw",
        "ceo": "魏文珍",
        "pe_ratio": 11,
        "report_year_from": 2005,
        "report_year_to": 2023,
        "age": 18,
        "eps_negative_percentage": 47,
        "eps_growth_avg": {
            "last_all": -23.31,
            "last_2y": 49.2,
            "last_4y": 49.2,
            "last_8y": 11.9,
            "last_12y": -10.48,
            "last_16y": -23.31,
            "last_20y": null,
            "at_2006_last_3y": null,
            "at_2007_last_3y": null,
            "at_2008_last_3y": null,
            "at_2009_last_3y": -44.69,
            "at_2010_last_3y": -64.5,
            "at_2011_last_3y": -100,
            "at_2012_last_3y": null,
            "at_2013_last_3y": -100,
            "at_2014_last_3y": -100,
            "at_2015_last_3y": -100,
            "at_2016_last_3y": -100,
            "at_2017_last_3y": -100,
            "at_2018_last_3y": -100,
            "at_2019_last_3y": -100,
            "at_2020_last_3y": 100,
            "at_2021_last_3y": 72.61,
            "at_2022_last_3y": 49.2,
            "at_2023_last_3y": 49.2,
            "at_2006_last_all": null,
            "at_2007_last_all": -17.03,
            "at_2008_last_all": -44.69,
            "at_2009_last_all": -44.69,
            "at_2010_last_all": -44.69,
            "at_2011_last_all": -44.69,
            "at_2012_last_all": -44.69,
            "at_2013_last_all": -58.52,
            "at_2014_last_all": -58.52,
            "at_2015_last_all": -58.52,
            "at_2016_last_all": -66.81,
            "at_2017_last_all": -66.81,
            "at_2018_last_all": -66.81,
            "at_2019_last_all": -66.81,
            "at_2020_last_all": -39.01,
            "at_2021_last_all": -26.98,
            "at_2022_last_all": -23.31,
            "at_2023_last_all": -23.31
        },
        "latest_eps": 2.98,
        "latest_price": 32.9,
        "latest_roe": 14.53,
        "latest_gross_margin": 15.71,
        "latest_equity": 1594658,
        "latest_revenue": 893044,
        "latest_gross_profit": 140315,
        "latest_net_income": 58137,
        "latest_debt_ratio": 71.31,
        "latest_current_ratio": 159.25,
        "latest_account_receivable_turnover_ratio": 8.45,
        "latest_inventory_turnover_ratio": 0.17,
        "latest_reinvestment_rate": -6.48,
        "latest_research_to_sale_ratio": 0.09
    },
    "eps_dividends": {
        "2001": {
            "cash": 0,
            "stock": 0,
            "eps": 0
        },
        "2002": {
            "cash": 0,
            "stock": 0,
            "eps": 0
        },
        "2003": {
            "cash": 0,
            "stock": 0,
            "eps": 0
        },
        "2004": {
            "cash": 0,
            "stock": 0,
            "eps": 0
        },
        "2005": {
            "cash": 0,
            "stock": 0,
            "eps": 3.16
        },
        "2006": {
            "cash": 0,
            "stock": 4,
            "eps": 3
        },
        "2007": {
            "cash": 2.25,
            "stock": 0,
            "eps": 2.13
        },
        "2008": {
            "cash": 1.2,
            "stock": 0,
            "eps": -1.94
        },
        "2009": {
            "cash": 0,
            "stock": 0,
            "eps": -2.65
        },
        "2010": {
            "cash": 0,
            "stock": 0,
            "eps": -3.07
        },
        "2011": {
            "cash": 0,
            "stock": 0,
            "eps": -2.87
        },
        "2012": {
            "cash": 0,
            "stock": 0,
            "eps": 0.26
        },
        "2013": {
            "cash": 0.2,
            "stock": 0,
            "eps": -2.6
        },
        "2014": {
            "cash": 0,
            "stock": 0,
            "eps": -0.16
        },
        "2015": {
            "cash": 0,
            "stock": 0,
            "eps": 0.34
        },
        "2016": {
            "cash": 0,
            "stock": 0,
            "eps": -1.33
        },
        "2017": {
            "cash": 0,
            "stock": 0,
            "eps": -0.49
        },
        "2018": {
            "cash": 0,
            "stock": 0,
            "eps": -0.58
        },
        "2019": {
            "cash": 0,
            "stock": 0,
            "eps": 0.31
        },
        "2020": {
            "cash": 0,
            "stock": 0,
            "eps": 2.61
        },
        "2021": {
            "cash": 2,
            "stock": 0,
            "eps": 3.79
        },
        "2022": {
            "cash": 3,
            "stock": 0,
            "eps": 3.88
        },
        "2023": {
            "cash": 3,
            "stock": 0,
            "eps": 0.69
        }
    },
    "dividends": {
        "2006-03-23": {
            "cash": 0,
            "stock": 4
        },
        "2007-04-03": {
            "cash": 2.25,
            "stock": 0
        },
        "2008-03-25": {
            "cash": 1.2,
            "stock": 0
        },
        "2013-06-14": {
            "cash": 0.2,
            "stock": 0
        },
        "2021-09-15": {
            "cash": 2,
            "stock": 0
        },
        "2022-08-10": {
            "cash": 3,
            "stock": 0
        },
        "2023-03-23": {
            "cash": 3,
            "stock": 0
        }
    },
    "prices": {
        "200101": "無",
        "200102": "無",
        "200103": "無",
        "200104": "無",
        "200105": "無",
        "200106": "無",
        "200107": "無",
        "200108": "無",
        "200109": "無",
        "200110": "無",
        "200111": "無",
        "200112": "無",
        "200201": "無",
        "200202": "無",
        "200203": "無",
        "200204": "無",
        "200205": "無",
        "200206": "無",
        "200207": "無",
        "200208": "無",
        "200209": "無",
        "200210": "無",
        "200211": "無",
        "200212": "無",
        "200301": "無",
        "200302": "無",
        "200303": "無",
        "200304": "無",
        "200305": "無",
        "200306": "無",
        "200307": "無",
        "200308": "無",
        "200309": "無",
        "200310": "無",
        "200311": "無",
        "200312": "無",
        "200401": "無",
        "200402": "無",
        "200403": "無",
        "200404": "無",
        "200405": "無",
        "200406": "無",
        "200407": "無",
        "200408": "無",
        "200409": "無",
        "200410": "無",
        "200411": "無",
        "200412": "無",
        "200501": "無",
        "200502": "無",
        "200503": "無",
        "200504": "無",
        "200505": "無",
        "200506": "無",
        "200507": "無",
        "200508": "無",
        "200509": "無",
        "200510": "無",
        "200511": "無",
        "200512": "無",
        "200601": "無",
        "200602": "無",
        "200603": "無",
        "200604": "63.47",
        "200605": "72.65",
        "200606": "69.78",
        "200607": "53.55",
        "200608": "47.07",
        "200609": "42.59",
        "200610": "41.45",
        "200611": "49.32",
        "200612": "54.45",
        "200701": "58.40",
        "200702": "50.32",
        "200703": "52.54",
        "200704": "54.97",
        "200705": "66.48",
        "200706": "87.36",
        "200707": "111.20",
        "200708": "100.57",
        "200709": "86.27",
        "200710": "67.57",
        "200711": "44.02",
        "200712": "39.33",
        "200801": "30.48",
        "200802": "28.18",
        "200803": "28.41",
        "200804": "36.14",
        "200805": "36.44",
        "200806": "28.23",
        "200807": "19.79",
        "200808": "18.51",
        "200809": "13.78",
        "200810": "12.29",
        "200811": "14.83",
        "200812": "12.97",
        "200901": "13.72",
        "200902": "14.64",
        "200903": "15.97",
        "200904": "17.92",
        "200905": "21.74",
        "200906": "18.30",
        "200907": "18.77",
        "200908": "17.92",
        "200909": "19.14",
        "200910": "22.30",
        "200911": "23.15",
        "200912": "31.15",
        "201001": "30.21",
        "201002": "29.58",
        "201003": "32.31",
        "201004": "38.22",
        "201005": "35.22",
        "201006": "32.65",
        "201007": "31.27",
        "201008": "32.75",
        "201009": "32.24",
        "201010": "31.07",
        "201011": "27.62",
        "201012": "29.84",
        "201101": "30.35",
        "201102": "30.38",
        "201103": "27.72",
        "201104": "24.83",
        "201105": "17.72",
        "201106": "21.35",
        "201107": "19.44",
        "201108": "16.80",
        "201109": "14.91",
        "201110": "12.56",
        "201111": "9.82",
        "201112": "7.86",
        "201201": "8.02",
        "201202": "11.27",
        "201203": "11.28",
        "201204": "10.15",
        "201205": "8.92",
        "201206": "8.14",
        "201207": "8.52",
        "201208": "9.25",
        "201209": "10.00",
        "201210": "9.22",
        "201211": "7.79",
        "201212": "8.07",
        "201301": "11.17",
        "201302": "12.65",
        "201303": "14.61",
        "201304": "14.22",
        "201305": "14.44",
        "201306": "12.65",
        "201307": "11.62",
        "201308": "10.31",
        "201309": "10.12",
        "201310": "11.20",
        "201311": "10.02",
        "201312": "10.78",
        "201401": "12.38",
        "201402": "15.96",
        "201403": "17.94",
        "201404": "20.04",
        "201405": "31.93",
        "201406": "38.50",
        "201407": "41.61",
        "201408": "40.20",
        "201409": "39.17",
        "201410": "33.06",
        "201411": "33.22",
        "201412": "36.78",
        "201501": "36.31",
        "201502": "36.17",
        "201503": "33.96",
        "201504": "33.98",
        "201505": "27.79",
        "201506": "27.28",
        "201507": "31.12",
        "201508": "29.81",
        "201509": "31.31",
        "201510": "35.90",
        "201511": "33.20",
        "201512": "29.25",
        "201601": "26.90",
        "201602": "26.01",
        "201603": "27.84",
        "201604": "28.54",
        "201605": "27.41",
        "201606": "26.85",
        "201607": "27.32",
        "201608": "26.48",
        "201609": "25.80",
        "201610": "26.33",
        "201611": "26.76",
        "201612": "26.01",
        "201701": "25.89",
        "201702": "28.10",
        "201703": "39.20",
        "201704": "45.70",
        "201705": "41.64",
        "201706": "47.27",
        "201707": "63.50",
        "201708": "51.46",
        "201709": "49.01",
        "201710": "44.73",
        "201711": "39.76",
        "201712": "36.71",
        "201801": "36.93",
        "201802": "37.20",
        "201803": "38.71",
        "201804": "40.21",
        "201805": "39.90",
        "201806": "39.78",
        "201807": "37.30",
        "201808": "37.52",
        "201809": "35.17",
        "201810": "29.72",
        "201811": "28.22",
        "201812": "29.16",
        "201901": "29.37",
        "201902": "28.57",
        "201903": "28.33",
        "201904": "30.93",
        "201905": "29.96",
        "201906": "29.56",
        "201907": "29.22",
        "201908": "28.74",
        "201909": "29.70",
        "201910": "29.57",
        "201911": "29.99",
        "201912": "31.02",
        "202001": "30.42",
        "202002": "29.53",
        "202003": "26.66",
        "202004": "26.42",
        "202005": "29.04",
        "202006": "29.33",
        "202007": "28.28",
        "202008": "28.44",
        "202009": "27.23",
        "202010": "26.35",
        "202011": "26.34",
        "202012": "28.48",
        "202101": "28.58",
        "202102": "31.97",
        "202103": "37.32",
        "202104": "38.23",
        "202105": "34.32",
        "202106": "32.26",
        "202107": "33.20",
        "202108": "31.42",
        "202109": "29.36",
        "202110": "29.05",
        "202111": "32.43",
        "202112": "33.34",
        "202201": "32.92",
        "202202": "33.01",
        "202203": "33.25",
        "202204": "34.46",
        "202205": "33.35",
        "202206": "34.28",
        "202207": "31.27",
        "202208": "31.38",
        "202209": "30.61",
        "202210": "29.02",
        "202211": "28.88",
        "202212": "28.90",
        "202301": "28.60",
        "202302": "28.75",
        "202303": "30.52",
        "202304": "32.69",
        "202305": "32.46",
        "202306": "32.65"
    },
    "quarters": {
        "20011": {
            "year_quarter": 20011,
            "year": 2001,
            "quarter": 1,
            "eps": null,
            "eps_growth_year": null,
            "eps_4q": null,
            "eps_4q_growth_year": null,
            "roe": null,
            "roe_4q": 0,
            "gross_profit": null,
            "gross_margin": null,
            "gross_margin_4q_avg": 0,
            "net_income": null,
            "revenue": null,
            "common_shares": null,
            "book_valuer_per_share": null,
            "book_valuer_per_share_4q_avg": 0,
            "equity": null,
            "current_ratio": null,
            "debt_ratio": null,
            "inventory_turnover_ratio": null,
            "account_receivable_turnover_ratio": null,
            "reinvestment_rate": null,
            "research_to_sale_ratio": null,
            "price_fair": 0,
            "eps_avg_yearly": 0,
            "eps_latest_yearly": 0,
            "eps_growth_yearly": 0
        },
        "20012": {
            "year_quarter": 20012,
            "year": 2001,
            "quarter": 2,
            "eps": null,
            "eps_growth_year": null,
            "eps_4q": null,
            "eps_4q_growth_year": null,
            "roe": null,
            "roe_4q": 0,
            "gross_profit": null,
            "gross_margin": null,
            "gross_margin_4q_avg": 0,
            "net_income": null,
            "revenue": null,
            "common_shares": null,
            "book_valuer_per_share": null,
            "book_valuer_per_share_4q_avg": 0,
            "equity": null,
            "current_ratio": null,
            "debt_ratio": null,
            "inventory_turnover_ratio": null,
            "account_receivable_turnover_ratio": null,
            "reinvestment_rate": null,
            "research_to_sale_ratio": null,
            "price_fair": 0,
            "eps_avg_yearly": 0,
            "eps_latest_yearly": 0,
            "eps_growth_yearly": 0
        },
        "20013": {
            "year_quarter": 20013,
            "year": 2001,
            "quarter": 3,
            "eps": null,
            "eps_growth_year": null,
            "eps_4q": null,
            "eps_4q_growth_year": null,
            "roe": null,
            "roe_4q": 0,
            "gross_profit": null,
            "gross_margin": null,
            "gross_margin_4q_avg": 0,
            "net_income": null,
            "revenue": null,
            "common_shares": null,
            "book_valuer_per_share": null,
            "book_valuer_per_share_4q_avg": 0,
            "equity": null,
            "current_ratio": null,
            "debt_ratio": null,
            "inventory_turnover_ratio": null,
            "account_receivable_turnover_ratio": null,
            "reinvestment_rate": null,
            "research_to_sale_ratio": null,
            "price_fair": 0,
            "eps_avg_yearly": 0,
            "eps_latest_yearly": 0,
            "eps_growth_yearly": 0
        },
        "20014": {
            "year_quarter": 20014,
            "year": 2001,
            "quarter": 4,
            "eps": null,
            "eps_growth_year": null,
            "eps_4q": null,
            "eps_4q_growth_year": null,
            "roe": null,
            "roe_4q": 0,
            "gross_profit": null,
            "gross_margin": null,
            "gross_margin_4q_avg": 0,
            "net_income": null,
            "revenue": null,
            "common_shares": null,
            "book_valuer_per_share": null,
            "book_valuer_per_share_4q_avg": 0,
            "equity": null,
            "current_ratio": null,
            "debt_ratio": null,
            "inventory_turnover_ratio": null,
            "account_receivable_turnover_ratio": null,
            "reinvestment_rate": null,
            "research_to_sale_ratio": null,
            "price_fair": 0,
            "eps_avg_yearly": 0,
            "eps_latest_yearly": 0,
            "eps_growth_yearly": 0
        },
        "20021": {
            "year_quarter": 20021,
            "year": 2002,
            "quarter": 1,
            "eps": null,
            "eps_growth_year": null,
            "eps_4q": null,
            "eps_4q_growth_year": null,
            "roe": null,
            "roe_4q": 0,
            "gross_profit": null,
            "gross_margin": null,
            "gross_margin_4q_avg": 0,
            "net_income": null,
            "revenue": null,
            "common_shares": null,
            "book_valuer_per_share": null,
            "book_valuer_per_share_4q_avg": 0,
            "equity": null,
            "current_ratio": null,
            "debt_ratio": null,
            "inventory_turnover_ratio": null,
            "account_receivable_turnover_ratio": null,
            "reinvestment_rate": null,
            "research_to_sale_ratio": null,
            "price_fair": 0,
            "eps_avg_yearly": 0,
            "eps_latest_yearly": 0,
            "eps_growth_yearly": 0
        },
        "20022": {
            "year_quarter": 20022,
            "year": 2002,
            "quarter": 2,
            "eps": null,
            "eps_growth_year": null,
            "eps_4q": null,
            "eps_4q_growth_year": null,
            "roe": null,
            "roe_4q": 0,
            "gross_profit": null,
            "gross_margin": null,
            "gross_margin_4q_avg": 0,
            "net_income": null,
            "revenue": null,
            "common_shares": null,
            "book_valuer_per_share": null,
            "book_valuer_per_share_4q_avg": 0,
            "equity": null,
            "current_ratio": null,
            "debt_ratio": null,
            "inventory_turnover_ratio": null,
            "account_receivable_turnover_ratio": null,
            "reinvestment_rate": null,
            "research_to_sale_ratio": null,
            "price_fair": 0,
            "eps_avg_yearly": 0,
            "eps_latest_yearly": 0,
            "eps_growth_yearly": 0
        },
        "20023": {
            "year_quarter": 20023,
            "year": 2002,
            "quarter": 3,
            "eps": null,
            "eps_growth_year": null,
            "eps_4q": null,
            "eps_4q_growth_year": null,
            "roe": null,
            "roe_4q": 0,
            "gross_profit": null,
            "gross_margin": null,
            "gross_margin_4q_avg": 0,
            "net_income": null,
            "revenue": null,
            "common_shares": null,
            "book_valuer_per_share": null,
            "book_valuer_per_share_4q_avg": 0,
            "equity": null,
            "current_ratio": null,
            "debt_ratio": null,
            "inventory_turnover_ratio": null,
            "account_receivable_turnover_ratio": null,
            "reinvestment_rate": null,
            "research_to_sale_ratio": null,
            "price_fair": 0,
            "eps_avg_yearly": 0,
            "eps_latest_yearly": 0,
            "eps_growth_yearly": 0
        },
        "20024": {
            "year_quarter": 20024,
            "year": 2002,
            "quarter": 4,
            "eps": null,
            "eps_growth_year": null,
            "eps_4q": null,
            "eps_4q_growth_year": null,
            "roe": null,
            "roe_4q": 0,
            "gross_profit": null,
            "gross_margin": null,
            "gross_margin_4q_avg": 0,
            "net_income": null,
            "revenue": null,
            "common_shares": 80000,
            "book_valuer_per_share": 9.55,
            "book_valuer_per_share_4q_avg": 2.39,
            "equity": 76420,
            "current_ratio": 142.17,
            "debt_ratio": 59.92,
            "inventory_turnover_ratio": null,
            "account_receivable_turnover_ratio": null,
            "reinvestment_rate": null,
            "research_to_sale_ratio": null,
            "price_fair": 0,
            "eps_avg_yearly": 0,
            "eps_latest_yearly": 0,
            "eps_growth_yearly": 0
        },
        "20031": {
            "year_quarter": 20031,
            "year": 2003,
            "quarter": 1,
            "eps": null,
            "eps_growth_year": null,
            "eps_4q": null,
            "eps_4q_growth_year": null,
            "roe": null,
            "roe_4q": 0,
            "gross_profit": null,
            "gross_margin": null,
            "gross_margin_4q_avg": 0,
            "net_income": null,
            "revenue": null,
            "common_shares": null,
            "book_valuer_per_share": null,
            "book_valuer_per_share_4q_avg": 2.39,
            "equity": null,
            "current_ratio": null,
            "debt_ratio": null,
            "inventory_turnover_ratio": null,
            "account_receivable_turnover_ratio": null,
            "reinvestment_rate": null,
            "research_to_sale_ratio": null,
            "price_fair": 0,
            "eps_avg_yearly": 0,
            "eps_latest_yearly": 0,
            "eps_growth_yearly": 0
        },
        "20032": {
            "year_quarter": 20032,
            "year": 2003,
            "quarter": 2,
            "eps": null,
            "eps_growth_year": null,
            "eps_4q": null,
            "eps_4q_growth_year": null,
            "roe": null,
            "roe_4q": 0,
            "gross_profit": null,
            "gross_margin": null,
            "gross_margin_4q_avg": 0,
            "net_income": null,
            "revenue": null,
            "common_shares": null,
            "book_valuer_per_share": null,
            "book_valuer_per_share_4q_avg": 2.39,
            "equity": null,
            "current_ratio": null,
            "debt_ratio": null,
            "inventory_turnover_ratio": null,
            "account_receivable_turnover_ratio": null,
            "reinvestment_rate": null,
            "research_to_sale_ratio": null,
            "price_fair": 0,
            "eps_avg_yearly": 0,
            "eps_latest_yearly": 0,
            "eps_growth_yearly": 0
        },
        "20033": {
            "year_quarter": 20033,
            "year": 2003,
            "quarter": 3,
            "eps": null,
            "eps_growth_year": null,
            "eps_4q": null,
            "eps_4q_growth_year": null,
            "roe": null,
            "roe_4q": 0,
            "gross_profit": null,
            "gross_margin": null,
            "gross_margin_4q_avg": 0,
            "net_income": null,
            "revenue": null,
            "common_shares": null,
            "book_valuer_per_share": null,
            "book_valuer_per_share_4q_avg": 2.39,
            "equity": null,
            "current_ratio": null,
            "debt_ratio": null,
            "inventory_turnover_ratio": null,
            "account_receivable_turnover_ratio": null,
            "reinvestment_rate": null,
            "research_to_sale_ratio": null,
            "price_fair": 0,
            "eps_avg_yearly": 0,
            "eps_latest_yearly": 0,
            "eps_growth_yearly": 0
        },
        "20034": {
            "year_quarter": 20034,
            "year": 2003,
            "quarter": 4,
            "eps": null,
            "eps_growth_year": null,
            "eps_4q": null,
            "eps_4q_growth_year": null,
            "roe": null,
            "roe_4q": 0,
            "gross_profit": null,
            "gross_margin": null,
            "gross_margin_4q_avg": 0,
            "net_income": null,
            "revenue": null,
            "common_shares": 80000,
            "book_valuer_per_share": 16.44,
            "book_valuer_per_share_4q_avg": 4.11,
            "equity": 131482,
            "current_ratio": 140.63,
            "debt_ratio": 60.08,
            "inventory_turnover_ratio": null,
            "account_receivable_turnover_ratio": null,
            "reinvestment_rate": null,
            "research_to_sale_ratio": null,
            "price_fair": 0,
            "eps_avg_yearly": 0,
            "eps_latest_yearly": 0,
            "eps_growth_yearly": 0
        },
        "20041": {
            "year_quarter": 20041,
            "year": 2004,
            "quarter": 1,
            "eps": null,
            "eps_growth_year": null,
            "eps_4q": null,
            "eps_4q_growth_year": null,
            "roe": null,
            "roe_4q": 0,
            "gross_profit": null,
            "gross_margin": null,
            "gross_margin_4q_avg": 0,
            "net_income": null,
            "revenue": null,
            "common_shares": null,
            "book_valuer_per_share": null,
            "book_valuer_per_share_4q_avg": 4.11,
            "equity": null,
            "current_ratio": null,
            "debt_ratio": null,
            "inventory_turnover_ratio": null,
            "account_receivable_turnover_ratio": null,
            "reinvestment_rate": null,
            "research_to_sale_ratio": null,
            "price_fair": 0,
            "eps_avg_yearly": 0,
            "eps_latest_yearly": 0,
            "eps_growth_yearly": 0
        },
        "20042": {
            "year_quarter": 20042,
            "year": 2004,
            "quarter": 2,
            "eps": null,
            "eps_growth_year": null,
            "eps_4q": null,
            "eps_4q_growth_year": null,
            "roe": null,
            "roe_4q": 0,
            "gross_profit": null,
            "gross_margin": null,
            "gross_margin_4q_avg": 0,
            "net_income": null,
            "revenue": null,
            "common_shares": null,
            "book_valuer_per_share": null,
            "book_valuer_per_share_4q_avg": 4.11,
            "equity": null,
            "current_ratio": null,
            "debt_ratio": null,
            "inventory_turnover_ratio": null,
            "account_receivable_turnover_ratio": null,
            "reinvestment_rate": null,
            "research_to_sale_ratio": null,
            "price_fair": 0,
            "eps_avg_yearly": 0,
            "eps_latest_yearly": 0,
            "eps_growth_yearly": 0
        },
        "20043": {
            "year_quarter": 20043,
            "year": 2004,
            "quarter": 3,
            "eps": null,
            "eps_growth_year": null,
            "eps_4q": null,
            "eps_4q_growth_year": null,
            "roe": null,
            "roe_4q": 0,
            "gross_profit": null,
            "gross_margin": null,
            "gross_margin_4q_avg": 0,
            "net_income": null,
            "revenue": null,
            "common_shares": null,
            "book_valuer_per_share": null,
            "book_valuer_per_share_4q_avg": 4.11,
            "equity": null,
            "current_ratio": null,
            "debt_ratio": null,
            "inventory_turnover_ratio": null,
            "account_receivable_turnover_ratio": null,
            "reinvestment_rate": null,
            "research_to_sale_ratio": null,
            "price_fair": 0,
            "eps_avg_yearly": 0,
            "eps_latest_yearly": 0,
            "eps_growth_yearly": 0
        },
        "20044": {
            "year_quarter": 20044,
            "year": 2004,
            "quarter": 4,
            "eps": null,
            "eps_growth_year": null,
            "eps_4q": null,
            "eps_4q_growth_year": null,
            "roe": null,
            "roe_4q": 0,
            "gross_profit": null,
            "gross_margin": null,
            "gross_margin_4q_avg": 0,
            "net_income": null,
            "revenue": null,
            "common_shares": 110000,
            "book_valuer_per_share": 25.77,
            "book_valuer_per_share_4q_avg": 6.44,
            "equity": 283495,
            "current_ratio": 192.25,
            "debt_ratio": 51.93,
            "inventory_turnover_ratio": null,
            "account_receivable_turnover_ratio": null,
            "reinvestment_rate": null,
            "research_to_sale_ratio": null,
            "price_fair": 0,
            "eps_avg_yearly": 0,
            "eps_latest_yearly": 0,
            "eps_growth_yearly": 0
        },
        "20051": {
            "year_quarter": 20051,
            "year": 2005,
            "quarter": 1,
            "eps": null,
            "eps_growth_year": null,
            "eps_4q": null,
            "eps_4q_growth_year": null,
            "roe": null,
            "roe_4q": 0,
            "gross_profit": null,
            "gross_margin": null,
            "gross_margin_4q_avg": 0,
            "net_income": null,
            "revenue": null,
            "common_shares": null,
            "book_valuer_per_share": null,
            "book_valuer_per_share_4q_avg": 6.44,
            "equity": null,
            "current_ratio": null,
            "debt_ratio": null,
            "inventory_turnover_ratio": null,
            "account_receivable_turnover_ratio": null,
            "reinvestment_rate": null,
            "research_to_sale_ratio": null,
            "price_fair": 0,
            "eps_avg_yearly": 0,
            "eps_latest_yearly": 0,
            "eps_growth_yearly": 0
        },
        "20052": {
            "year_quarter": 20052,
            "year": 2005,
            "quarter": 2,
            "eps": null,
            "eps_growth_year": null,
            "eps_4q": null,
            "eps_4q_growth_year": null,
            "roe": null,
            "roe_4q": 0,
            "gross_profit": null,
            "gross_margin": null,
            "gross_margin_4q_avg": 0,
            "net_income": null,
            "revenue": null,
            "common_shares": null,
            "book_valuer_per_share": null,
            "book_valuer_per_share_4q_avg": 6.44,
            "equity": null,
            "current_ratio": null,
            "debt_ratio": null,
            "inventory_turnover_ratio": null,
            "account_receivable_turnover_ratio": null,
            "reinvestment_rate": null,
            "research_to_sale_ratio": null,
            "price_fair": 0,
            "eps_avg_yearly": 0,
            "eps_latest_yearly": 0,
            "eps_growth_yearly": 0
        },
        "20053": {
            "year_quarter": 20053,
            "year": 2005,
            "quarter": 3,
            "eps": 2.25,
            "eps_growth_year": null,
            "eps_4q": null,
            "eps_4q_growth_year": null,
            "roe": 10.35,
            "roe_4q": 10.35,
            "gross_profit": 42852,
            "gross_margin": 24.95,
            "gross_margin_4q_avg": 6.24,
            "net_income": 40687,
            "revenue": 171770,
            "common_shares": 181000,
            "book_valuer_per_share": 21.72,
            "book_valuer_per_share_4q_avg": 11.87,
            "equity": 393190,
            "current_ratio": 275.77,
            "debt_ratio": 36.34,
            "inventory_turnover_ratio": 2.66,
            "account_receivable_turnover_ratio": null,
            "reinvestment_rate": null,
            "research_to_sale_ratio": null,
            "price_fair": 0,
            "eps_avg_yearly": 0,
            "eps_latest_yearly": 0,
            "eps_growth_yearly": 0
        },
        "20054": {
            "year_quarter": 20054,
            "year": 2005,
            "quarter": 4,
            "eps": 0.91,
            "eps_growth_year": null,
            "eps_4q": null,
            "eps_4q_growth_year": null,
            "roe": 3.82,
            "roe_4q": 14.17,
            "gross_profit": 28193,
            "gross_margin": 21.74,
            "gross_margin_4q_avg": 11.67,
            "net_income": 15315,
            "revenue": 129678,
            "common_shares": 181000,
            "book_valuer_per_share": 22.55,
            "book_valuer_per_share_4q_avg": 11.07,
            "equity": 408065,
            "current_ratio": 248.42,
            "debt_ratio": 38.62,
            "inventory_turnover_ratio": 1.53,
            "account_receivable_turnover_ratio": null,
            "reinvestment_rate": null,
            "research_to_sale_ratio": null,
            "price_fair": 10.92,
            "eps_avg_yearly": 3.64,
            "eps_latest_yearly": 3.64,
            "eps_growth_yearly": -238.22
        },
        "20061": {
            "year_quarter": 20061,
            "year": 2006,
            "quarter": 1,
            "eps": -0.31,
            "eps_growth_year": null,
            "eps_4q": null,
            "eps_4q_growth_year": null,
            "roe": -1.37,
            "roe_4q": 12.799999999999999,
            "gross_profit": 30000,
            "gross_margin": 24.16,
            "gross_margin_4q_avg": 17.71,
            "net_income": -5535,
            "revenue": 124184,
            "common_shares": 181000,
            "book_valuer_per_share": 22.15,
            "book_valuer_per_share_4q_avg": 16.61,
            "equity": 400872,
            "current_ratio": 325.17,
            "debt_ratio": 30.16,
            "inventory_turnover_ratio": 1.71,
            "account_receivable_turnover_ratio": null,
            "reinvestment_rate": null,
            "research_to_sale_ratio": null,
            "price_fair": 10.92,
            "eps_avg_yearly": 3.64,
            "eps_latest_yearly": 3.64,
            "eps_growth_yearly": -238.22
        },
        "20062": {
            "year_quarter": 20062,
            "year": 2006,
            "quarter": 2,
            "eps": 1.12,
            "eps_growth_year": null,
            "eps_4q": 2.98,
            "eps_4q_growth_year": null,
            "roe": 6.88,
            "roe_4q": 19.68,
            "gross_profit": 22141,
            "gross_margin": 25.25,
            "gross_margin_4q_avg": 24.03,
            "net_income": 30332,
            "revenue": 87684,
            "common_shares": 203000,
            "book_valuer_per_share": 23.67,
            "book_valuer_per_share_4q_avg": 22.52,
            "equity": 480561,
            "current_ratio": 343.09,
            "debt_ratio": 25.13,
            "inventory_turnover_ratio": 2.59,
            "account_receivable_turnover_ratio": null,
            "reinvestment_rate": null,
            "research_to_sale_ratio": null,
            "price_fair": 10.92,
            "eps_avg_yearly": 3.64,
            "eps_latest_yearly": 3.64,
            "eps_growth_yearly": -238.22
        },
        "20063": {
            "year_quarter": 20063,
            "year": 2006,
            "quarter": 3,
            "eps": 1.02,
            "eps_growth_year": -54.67,
            "eps_4q": 2.5,
            "eps_4q_growth_year": null,
            "roe": 5.57,
            "roe_4q": 14.899999999999999,
            "gross_profit": 34537,
            "gross_margin": 34.25,
            "gross_margin_4q_avg": 26.35,
            "net_income": 27717,
            "revenue": 100850,
            "common_shares": 284200,
            "book_valuer_per_share": 18.1,
            "book_valuer_per_share_4q_avg": 21.62,
            "equity": 514439,
            "current_ratio": 467.99,
            "debt_ratio": 16.47,
            "inventory_turnover_ratio": 2.76,
            "account_receivable_turnover_ratio": null,
            "reinvestment_rate": null,
            "research_to_sale_ratio": null,
            "price_fair": 11.58,
            "eps_avg_yearly": 3.86,
            "eps_latest_yearly": 4.08,
            "eps_growth_yearly": -136.97
        },
        "20064": {
            "year_quarter": 20064,
            "year": 2006,
            "quarter": 4,
            "eps": 1.17,
            "eps_growth_year": 28.57,
            "eps_4q": 3.11,
            "eps_4q_growth_year": null,
            "roe": 5.98,
            "roe_4q": 17.06,
            "gross_profit": 33087,
            "gross_margin": 40.69,
            "gross_margin_4q_avg": 31.09,
            "net_income": 31718,
            "revenue": 81323,
            "common_shares": 284200,
            "book_valuer_per_share": 19.21,
            "book_valuer_per_share_4q_avg": 20.78,
            "equity": 545855,
            "current_ratio": 217.23,
            "debt_ratio": 38.25,
            "inventory_turnover_ratio": 0.89,
            "account_receivable_turnover_ratio": null,
            "reinvestment_rate": null,
            "research_to_sale_ratio": null,
            "price_fair": 12.4,
            "eps_avg_yearly": 4.13,
            "eps_latest_yearly": 4.68,
            "eps_growth_yearly": -71.7
        },
        "20071": {
            "year_quarter": 20071,
            "year": 2007,
            "quarter": 1,
            "eps": 0.69,
            "eps_growth_year": null,
            "eps_4q": 3.83,
            "eps_4q_growth_year": null,
            "roe": 3.53,
            "roe_4q": 21.96,
            "gross_profit": 18237,
            "gross_margin": 31.84,
            "gross_margin_4q_avg": 33.01,
            "net_income": 19731,
            "revenue": 57277,
            "common_shares": 284200,
            "book_valuer_per_share": 20.14,
            "book_valuer_per_share_4q_avg": 20.28,
            "equity": 572383,
            "current_ratio": 373.54,
            "debt_ratio": 12,
            "inventory_turnover_ratio": 0.75,
            "account_receivable_turnover_ratio": null,
            "reinvestment_rate": null,
            "research_to_sale_ratio": null,
            "price_fair": 11.37,
            "eps_avg_yearly": 3.79,
            "eps_latest_yearly": 2.76,
            "eps_growth_yearly": -94.8
        },
        "20072": {
            "year_quarter": 20072,
            "year": 2007,
            "quarter": 2,
            "eps": 0.32,
            "eps_growth_year": -71.43,
            "eps_4q": 3.09,
            "eps_4q_growth_year": 3.49,
            "roe": 1.7,
            "roe_4q": 16.78,
            "gross_profit": 28795,
            "gross_margin": 39.48,
            "gross_margin_4q_avg": 36.57,
            "net_income": 9153,
            "revenue": 72941,
            "common_shares": 284200,
            "book_valuer_per_share": 17.76,
            "book_valuer_per_share_4q_avg": 18.8,
            "equity": 504764,
            "current_ratio": 183.5,
            "debt_ratio": 23.02,
            "inventory_turnover_ratio": 2.07,
            "account_receivable_turnover_ratio": null,
            "reinvestment_rate": null,
            "research_to_sale_ratio": null,
            "price_fair": 9.86,
            "eps_avg_yearly": 3.29,
            "eps_latest_yearly": 1.28,
            "eps_growth_yearly": -118.74
        },
        "20073": {
            "year_quarter": 20073,
            "year": 2007,
            "quarter": 3,
            "eps": 0.25,
            "eps_growth_year": -75.49,
            "eps_4q": 2.25,
            "eps_4q_growth_year": -9.92,
            "roe": 1.32,
            "roe_4q": 12.530000000000001,
            "gross_profit": 44027,
            "gross_margin": 46.05,
            "gross_margin_4q_avg": 39.52,
            "net_income": 7581,
            "revenue": 95598,
            "common_shares": 320000,
            "book_valuer_per_share": 20.04,
            "book_valuer_per_share_4q_avg": 19.29,
            "equity": 641144,
            "current_ratio": 412.78,
            "debt_ratio": 13.62,
            "inventory_turnover_ratio": 2.47,
            "account_receivable_turnover_ratio": null,
            "reinvestment_rate": null,
            "research_to_sale_ratio": null,
            "price_fair": 8.72,
            "eps_avg_yearly": 2.91,
            "eps_latest_yearly": 1,
            "eps_growth_yearly": -113.53
        },
        "20074": {
            "year_quarter": 20074,
            "year": 2007,
            "quarter": 4,
            "eps": 0.87,
            "eps_growth_year": -25.64,
            "eps_4q": 2.08,
            "eps_4q_growth_year": -33.14,
            "roe": 3.99,
            "roe_4q": 10.540000000000001,
            "gross_profit": 8046,
            "gross_margin": 18.44,
            "gross_margin_4q_avg": 33.95,
            "net_income": 26273,
            "revenue": 43633,
            "common_shares": 320000,
            "book_valuer_per_share": 21.11,
            "book_valuer_per_share_4q_avg": 19.76,
            "equity": 675487,
            "current_ratio": 168.35,
            "debt_ratio": 44.56,
            "inventory_turnover_ratio": 0.75,
            "account_receivable_turnover_ratio": null,
            "reinvestment_rate": null,
            "research_to_sale_ratio": null,
            "price_fair": 104.6,
            "eps_avg_yearly": 2.99,
            "eps_latest_yearly": 3.48,
            "eps_growth_yearly": 44.4
        },
        "20081": {
            "year_quarter": 20081,
            "year": 2008,
            "quarter": 1,
            "eps": -0.79,
            "eps_growth_year": -214.49,
            "eps_4q": 0.56,
            "eps_4q_growth_year": -85.47,
            "roe": -3.83,
            "roe_4q": 3.18,
            "gross_profit": 13453,
            "gross_margin": 6.22,
            "gross_margin_4q_avg": 27.55,
            "net_income": -25234,
            "revenue": 216339,
            "common_shares": 320000,
            "book_valuer_per_share": 20.04,
            "book_valuer_per_share_4q_avg": 19.74,
            "equity": 641349,
            "current_ratio": 185.13,
            "debt_ratio": 38.48,
            "inventory_turnover_ratio": 2.63,
            "account_receivable_turnover_ratio": null,
            "reinvestment_rate": null,
            "research_to_sale_ratio": null,
            "price_fair": 104.6,
            "eps_avg_yearly": 2.99,
            "eps_latest_yearly": 3.48,
            "eps_growth_yearly": 44.4
        },
        "20082": {
            "year_quarter": 20082,
            "year": 2008,
            "quarter": 2,
            "eps": -0.09,
            "eps_growth_year": -128.12,
            "eps_4q": 0.18,
            "eps_4q_growth_year": -94.05,
            "roe": -0.44,
            "roe_4q": 1.0399999999999998,
            "gross_profit": 21705,
            "gross_margin": 7.95,
            "gross_margin_4q_avg": 19.67,
            "net_income": -2738,
            "revenue": 272853,
            "common_shares": 320000,
            "book_valuer_per_share": 18.85,
            "book_valuer_per_share_4q_avg": 20.01,
            "equity": 603276,
            "current_ratio": 154.24,
            "debt_ratio": 45.23,
            "inventory_turnover_ratio": 2.93,
            "account_receivable_turnover_ratio": null,
            "reinvestment_rate": null,
            "research_to_sale_ratio": null,
            "price_fair": 104.6,
            "eps_avg_yearly": 2.99,
            "eps_latest_yearly": 3.48,
            "eps_growth_yearly": 44.4
        },
        "20083": {
            "year_quarter": 20083,
            "year": 2008,
            "quarter": 3,
            "eps": 0.54,
            "eps_growth_year": 116,
            "eps_4q": 0.49,
            "eps_4q_growth_year": -78.33,
            "roe": 2.78,
            "roe_4q": 2.5,
            "gross_profit": 44854,
            "gross_margin": 13.23,
            "gross_margin_4q_avg": 11.46,
            "net_income": 17373,
            "revenue": 338993,
            "common_shares": 320000,
            "book_valuer_per_share": 20.24,
            "book_valuer_per_share_4q_avg": 20.06,
            "equity": 647564,
            "current_ratio": 163.57,
            "debt_ratio": 43.92,
            "inventory_turnover_ratio": 2.94,
            "account_receivable_turnover_ratio": null,
            "reinvestment_rate": null,
            "research_to_sale_ratio": null,
            "price_fair": 104.6,
            "eps_avg_yearly": 2.99,
            "eps_latest_yearly": 3.48,
            "eps_growth_yearly": 44.4
        },
        "20084": {
            "year_quarter": 20084,
            "year": 2008,
            "quarter": 4,
            "eps": -1.6,
            "eps_growth_year": -283.91,
            "eps_4q": -1.93,
            "eps_4q_growth_year": -192.9,
            "roe": -8.14,
            "roe_4q": -9.630000000000003,
            "gross_profit": -23516,
            "gross_margin": -16.52,
            "gross_margin_4q_avg": 2.72,
            "net_income": -51089,
            "revenue": 142325,
            "common_shares": 320000,
            "book_valuer_per_share": 18.98,
            "book_valuer_per_share_4q_avg": 19.53,
            "equity": 607434,
            "current_ratio": 167.74,
            "debt_ratio": 35.55,
            "inventory_turnover_ratio": 1.94,
            "account_receivable_turnover_ratio": 1.36,
            "reinvestment_rate": null,
            "research_to_sale_ratio": null,
            "price_fair": 104.6,
            "eps_avg_yearly": 2.99,
            "eps_latest_yearly": 3.48,
            "eps_growth_yearly": 44.4
        },
        "20091": {
            "year_quarter": 20091,
            "year": 2009,
            "quarter": 1,
            "eps": -0.63,
            "eps_growth_year": null,
            "eps_4q": -1.76,
            "eps_4q_growth_year": -417.11,
            "roe": -3.31,
            "roe_4q": -9.110000000000001,
            "gross_profit": 3397,
            "gross_margin": 3.27,
            "gross_margin_4q_avg": 1.98,
            "net_income": -20008,
            "revenue": 104002,
            "common_shares": 320000,
            "book_valuer_per_share": 18.81,
            "book_valuer_per_share_4q_avg": 19.22,
            "equity": 602050,
            "current_ratio": 191.26,
            "debt_ratio": 29.34,
            "inventory_turnover_ratio": 1.76,
            "account_receivable_turnover_ratio": 0.6,
            "reinvestment_rate": null,
            "research_to_sale_ratio": null,
            "price_fair": 104.6,
            "eps_avg_yearly": 2.99,
            "eps_latest_yearly": 3.48,
            "eps_growth_yearly": 44.4
        },
        "20092": {
            "year_quarter": 20092,
            "year": 2009,
            "quarter": 2,
            "eps": -0.51,
            "eps_growth_year": null,
            "eps_4q": -2.19,
            "eps_4q_growth_year": -1289.54,
            "roe": -2.77,
            "roe_4q": -11.440000000000001,
            "gross_profit": -5277,
            "gross_margin": -2.9,
            "gross_margin_4q_avg": -0.73,
            "net_income": -16245,
            "revenue": 181939,
            "common_shares": 320000,
            "book_valuer_per_share": 17.81,
            "book_valuer_per_share_4q_avg": 18.96,
            "equity": 569854,
            "current_ratio": 164.16,
            "debt_ratio": 35.86,
            "inventory_turnover_ratio": 3.6,
            "account_receivable_turnover_ratio": 1.01,
            "reinvestment_rate": 328.52,
            "research_to_sale_ratio": null,
            "price_fair": 104.6,
            "eps_avg_yearly": 2.99,
            "eps_latest_yearly": 3.48,
            "eps_growth_yearly": 44.4
        },
        "20093": {
            "year_quarter": 20093,
            "year": 2009,
            "quarter": 3,
            "eps": -0.82,
            "eps_growth_year": -251.85,
            "eps_4q": -3.55,
            "eps_4q_growth_year": -827.82,
            "roe": -4.73,
            "roe_4q": -18.950000000000003,
            "gross_profit": -1191,
            "gross_margin": -0.6,
            "gross_margin_4q_avg": -4.19,
            "net_income": -26125,
            "revenue": 198782,
            "common_shares": 320000,
            "book_valuer_per_share": 16.73,
            "book_valuer_per_share_4q_avg": 18.08,
            "equity": 535377,
            "current_ratio": 151.56,
            "debt_ratio": 38.61,
            "inventory_turnover_ratio": 3.49,
            "account_receivable_turnover_ratio": 0.79,
            "reinvestment_rate": 732.88,
            "research_to_sale_ratio": null,
            "price_fair": 104.6,
            "eps_avg_yearly": 2.99,
            "eps_latest_yearly": 3.48,
            "eps_growth_yearly": 44.4
        },
        "20094": {
            "year_quarter": 20094,
            "year": 2009,
            "quarter": 4,
            "eps": -0.69,
            "eps_growth_year": null,
            "eps_4q": -2.64,
            "eps_4q_growth_year": null,
            "roe": -4.24,
            "roe_4q": -15.05,
            "gross_profit": 1797,
            "gross_margin": 0.97,
            "gross_margin_4q_avg": 0.19,
            "net_income": -22161,
            "revenue": 185644,
            "common_shares": 320000,
            "book_valuer_per_share": 15.97,
            "book_valuer_per_share_4q_avg": 17.33,
            "equity": 510901,
            "current_ratio": 145.61,
            "debt_ratio": 38.82,
            "inventory_turnover_ratio": 2.83,
            "account_receivable_turnover_ratio": 1.47,
            "reinvestment_rate": 90957.34,
            "research_to_sale_ratio": null,
            "price_fair": 100.8,
            "eps_avg_yearly": 2.88,
            "eps_latest_yearly": 3.48,
            "eps_growth_yearly": 91.5
        },
        "20101": {
            "year_quarter": 20101,
            "year": 2010,
            "quarter": 1,
            "eps": -1.08,
            "eps_growth_year": null,
            "eps_4q": -2.69,
            "eps_4q_growth_year": null,
            "roe": -6.31,
            "roe_4q": -18.05,
            "gross_profit": -5283,
            "gross_margin": -2.8,
            "gross_margin_4q_avg": -1.33,
            "net_income": -34816,
            "revenue": 188717,
            "common_shares": 370000,
            "book_valuer_per_share": 16.03,
            "book_valuer_per_share_4q_avg": 16.64,
            "equity": 593167,
            "current_ratio": 152.8,
            "debt_ratio": 41.73,
            "inventory_turnover_ratio": 2.18,
            "account_receivable_turnover_ratio": 0.77,
            "reinvestment_rate": null,
            "research_to_sale_ratio": 2.45,
            "price_fair": 100.8,
            "eps_avg_yearly": 2.88,
            "eps_latest_yearly": 3.48,
            "eps_growth_yearly": 91.5
        },
        "20102": {
            "year_quarter": 20102,
            "year": 2010,
            "quarter": 2,
            "eps": -0.85,
            "eps_growth_year": null,
            "eps_4q": -3.1,
            "eps_4q_growth_year": null,
            "roe": -5.4,
            "roe_4q": -20.68,
            "gross_profit": -2493,
            "gross_margin": -1.25,
            "gross_margin_4q_avg": -0.92,
            "net_income": -31436,
            "revenue": 199974,
            "common_shares": 370000,
            "book_valuer_per_share": 15.45,
            "book_valuer_per_share_4q_avg": 16.05,
            "equity": 571483,
            "current_ratio": 135.77,
            "debt_ratio": 46.75,
            "inventory_turnover_ratio": 1.32,
            "account_receivable_turnover_ratio": 0.77,
            "reinvestment_rate": null,
            "research_to_sale_ratio": 2.49,
            "price_fair": 100.8,
            "eps_avg_yearly": 2.88,
            "eps_latest_yearly": 3.48,
            "eps_growth_yearly": 91.5
        },
        "20103": {
            "year_quarter": 20103,
            "year": 2010,
            "quarter": 3,
            "eps": -0.47,
            "eps_growth_year": null,
            "eps_4q": -2.57,
            "eps_4q_growth_year": null,
            "roe": -3.16,
            "roe_4q": -19.11,
            "gross_profit": 9285,
            "gross_margin": 4.04,
            "gross_margin_4q_avg": 0.24,
            "net_income": -19704,
            "revenue": 230082,
            "common_shares": 420000,
            "book_valuer_per_share": 16.12,
            "book_valuer_per_share_4q_avg": 15.89,
            "equity": 677157,
            "current_ratio": 156.16,
            "debt_ratio": 41.11,
            "inventory_turnover_ratio": 1.1,
            "account_receivable_turnover_ratio": 0.77,
            "reinvestment_rate": null,
            "research_to_sale_ratio": 2.2,
            "price_fair": 92.4,
            "eps_avg_yearly": 2.64,
            "eps_latest_yearly": 3.48,
            "eps_growth_yearly": 116.95
        },
        "20104": {
            "year_quarter": 20104,
            "year": 2010,
            "quarter": 4,
            "eps": -0.67,
            "eps_growth_year": null,
            "eps_4q": -2.72,
            "eps_4q_growth_year": null,
            "roe": -4.28,
            "roe_4q": -19.15,
            "gross_profit": 12099,
            "gross_margin": 5.08,
            "gross_margin_4q_avg": 1.27,
            "net_income": -28233,
            "revenue": 237974,
            "common_shares": 420000,
            "book_valuer_per_share": 15.28,
            "book_valuer_per_share_4q_avg": 15.72,
            "equity": 641904,
            "current_ratio": 151.85,
            "debt_ratio": 41.1,
            "inventory_turnover_ratio": 1.17,
            "account_receivable_turnover_ratio": 0.76,
            "reinvestment_rate": null,
            "research_to_sale_ratio": 2.17,
            "price_fair": 74.55,
            "eps_avg_yearly": 2.13,
            "eps_latest_yearly": 3.48,
            "eps_growth_yearly": 131.48
        },
        "20111": {
            "year_quarter": 20111,
            "year": 2011,
            "quarter": 1,
            "eps": -0.77,
            "eps_growth_year": null,
            "eps_4q": -2.66,
            "eps_4q_growth_year": null,
            "roe": -5.24,
            "roe_4q": -18.08,
            "gross_profit": -3107,
            "gross_margin": -1.93,
            "gross_margin_4q_avg": 1.49,
            "net_income": -32472,
            "revenue": 161175,
            "common_shares": 420000,
            "book_valuer_per_share": 14.21,
            "book_valuer_per_share_4q_avg": 15.27,
            "equity": 596886,
            "current_ratio": 145.51,
            "debt_ratio": 42.68,
            "inventory_turnover_ratio": 0.85,
            "account_receivable_turnover_ratio": 0.59,
            "reinvestment_rate": null,
            "research_to_sale_ratio": 2.94,
            "price_fair": 67.2,
            "eps_avg_yearly": 1.92,
            "eps_latest_yearly": 3.48,
            "eps_growth_yearly": 230
        },
        "20112": {
            "year_quarter": 20112,
            "year": 2011,
            "quarter": 2,
            "eps": -0.62,
            "eps_growth_year": null,
            "eps_4q": -2.53,
            "eps_4q_growth_year": null,
            "roe": -4.46,
            "roe_4q": -17.14,
            "gross_profit": 8467,
            "gross_margin": 4.06,
            "gross_margin_4q_avg": 2.81,
            "net_income": -25999,
            "revenue": 208303,
            "common_shares": 420000,
            "book_valuer_per_share": 13.53,
            "book_valuer_per_share_4q_avg": 14.79,
            "equity": 568211,
            "current_ratio": 138.04,
            "debt_ratio": 45.43,
            "inventory_turnover_ratio": 1.07,
            "account_receivable_turnover_ratio": 0.9,
            "reinvestment_rate": null,
            "research_to_sale_ratio": 2.24,
            "price_fair": 78.4,
            "eps_avg_yearly": 2.24,
            "eps_latest_yearly": 3.48,
            "eps_growth_yearly": 452.25
        },
        "20113": {
            "year_quarter": 20113,
            "year": 2011,
            "quarter": 3,
            "eps": -0.63,
            "eps_growth_year": null,
            "eps_4q": -2.6,
            "eps_4q_growth_year": null,
            "roe": -4.7,
            "roe_4q": -18.68,
            "gross_profit": 319,
            "gross_margin": 0.16,
            "gross_margin_4q_avg": 1.84,
            "net_income": -27508,
            "revenue": 204381,
            "common_shares": 440000,
            "book_valuer_per_share": 13.67,
            "book_valuer_per_share_4q_avg": 14.17,
            "equity": 601683,
            "current_ratio": 141.13,
            "debt_ratio": 43.57,
            "inventory_turnover_ratio": 1.25,
            "account_receivable_turnover_ratio": 1.01,
            "reinvestment_rate": null,
            "research_to_sale_ratio": 1.73,
            "price_fair": 121.8,
            "eps_avg_yearly": 3.48,
            "eps_latest_yearly": 3.48,
            "eps_growth_yearly": 992
        },
        "20114": {
            "year_quarter": 20114,
            "year": 2011,
            "quarter": 4,
            "eps": -0.85,
            "eps_growth_year": null,
            "eps_4q": -2.8,
            "eps_4q_growth_year": null,
            "roe": -6.41,
            "roe_4q": -20.810000000000002,
            "gross_profit": 6131,
            "gross_margin": 2.87,
            "gross_margin_4q_avg": 1.29,
            "net_income": -37355,
            "revenue": 213278,
            "common_shares": 440000,
            "book_valuer_per_share": 12.83,
            "book_valuer_per_share_4q_avg": 13.56,
            "equity": 564598,
            "current_ratio": 141.59,
            "debt_ratio": 45.15,
            "inventory_turnover_ratio": 1.52,
            "account_receivable_turnover_ratio": 0.97,
            "reinvestment_rate": null,
            "research_to_sale_ratio": 1.61,
            "price_fair": 0,
            "eps_avg_yearly": 0,
            "eps_latest_yearly": 0,
            "eps_growth_yearly": 0
        },
        "20121": {
            "year_quarter": 20121,
            "year": 2012,
            "quarter": 1,
            "eps": -0.07,
            "eps_growth_year": null,
            "eps_4q": -2.14,
            "eps_4q_growth_year": null,
            "roe": -0.58,
            "roe_4q": -16.150000000000002,
            "gross_profit": 28029,
            "gross_margin": 18.32,
            "gross_margin_4q_avg": 6.35,
            "net_income": -3244,
            "revenue": 152991,
            "common_shares": 440000,
            "book_valuer_per_share": 12.5,
            "book_valuer_per_share_4q_avg": 13.13,
            "equity": 550206,
            "current_ratio": 141.68,
            "debt_ratio": 46.54,
            "inventory_turnover_ratio": 1.08,
            "account_receivable_turnover_ratio": 0.63,
            "reinvestment_rate": null,
            "research_to_sale_ratio": 1.56,
            "price_fair": 0,
            "eps_avg_yearly": 0,
            "eps_latest_yearly": 0,
            "eps_growth_yearly": 0
        },
        "20122": {
            "year_quarter": 20122,
            "year": 2012,
            "quarter": 2,
            "eps": 0.05,
            "eps_growth_year": null,
            "eps_4q": -1.5,
            "eps_4q_growth_year": null,
            "roe": 0.41,
            "roe_4q": -11.280000000000001,
            "gross_profit": 32578,
            "gross_margin": 21.57,
            "gross_margin_4q_avg": 10.73,
            "net_income": 2271,
            "revenue": 151037,
            "common_shares": 440000,
            "book_valuer_per_share": 12.55,
            "book_valuer_per_share_4q_avg": 12.89,
            "equity": 552122,
            "current_ratio": 149.27,
            "debt_ratio": 41.79,
            "inventory_turnover_ratio": 1.06,
            "account_receivable_turnover_ratio": 0.63,
            "reinvestment_rate": null,
            "research_to_sale_ratio": 3.3,
            "price_fair": 0,
            "eps_avg_yearly": 0,
            "eps_latest_yearly": 0,
            "eps_growth_yearly": 0
        },
        "20123": {
            "year_quarter": 20123,
            "year": 2012,
            "quarter": 3,
            "eps": 0.12,
            "eps_growth_year": null,
            "eps_4q": -0.75,
            "eps_4q_growth_year": null,
            "roe": 0.94,
            "roe_4q": -5.640000000000001,
            "gross_profit": 28631,
            "gross_margin": 16.37,
            "gross_margin_4q_avg": 14.78,
            "net_income": 5200,
            "revenue": 174937,
            "common_shares": 440000,
            "book_valuer_per_share": 12.57,
            "book_valuer_per_share_4q_avg": 12.61,
            "equity": 553065,
            "current_ratio": 152.98,
            "debt_ratio": 40.44,
            "inventory_turnover_ratio": 1.29,
            "account_receivable_turnover_ratio": 0.7,
            "reinvestment_rate": null,
            "research_to_sale_ratio": 2.76,
            "price_fair": 16.8,
            "eps_avg_yearly": 0.48,
            "eps_latest_yearly": 0.48,
            "eps_growth_yearly": 560
        },
        "20124": {
            "year_quarter": 20124,
            "year": 2012,
            "quarter": 4,
            "eps": 0.16,
            "eps_growth_year": null,
            "eps_4q": 0.25,
            "eps_4q_growth_year": null,
            "roe": 1.24,
            "roe_4q": 2.01,
            "gross_profit": 31989,
            "gross_margin": 18.07,
            "gross_margin_4q_avg": 18.58,
            "net_income": 6934,
            "revenue": 177019,
            "common_shares": 440000,
            "book_valuer_per_share": 12.77,
            "book_valuer_per_share_4q_avg": 12.6,
            "equity": 561893,
            "current_ratio": 149.59,
            "debt_ratio": 42.53,
            "inventory_turnover_ratio": 1.24,
            "account_receivable_turnover_ratio": 0.65,
            "reinvestment_rate": null,
            "research_to_sale_ratio": 1.78,
            "price_fair": 19.6,
            "eps_avg_yearly": 0.56,
            "eps_latest_yearly": 0.64,
            "eps_growth_yearly": 346.67
        },
        "20131": {
            "year_quarter": 20131,
            "year": 2013,
            "quarter": 1,
            "eps": -0.16,
            "eps_growth_year": null,
            "eps_4q": 0.17,
            "eps_4q_growth_year": null,
            "roe": -1.21,
            "roe_4q": 1.38,
            "gross_profit": 17882,
            "gross_margin": 12.36,
            "gross_margin_4q_avg": 17.09,
            "net_income": -6883,
            "revenue": 144701,
            "common_shares": 440000,
            "book_valuer_per_share": 13.09,
            "book_valuer_per_share_4q_avg": 12.75,
            "equity": 576068,
            "current_ratio": 141.03,
            "debt_ratio": 45.62,
            "inventory_turnover_ratio": 1.01,
            "account_receivable_turnover_ratio": 0.48,
            "reinvestment_rate": null,
            "research_to_sale_ratio": 1.97,
            "price_fair": 19.6,
            "eps_avg_yearly": 0.56,
            "eps_latest_yearly": 0.64,
            "eps_growth_yearly": 346.67
        },
        "20132": {
            "year_quarter": 20132,
            "year": 2013,
            "quarter": 2,
            "eps": -0.84,
            "eps_growth_year": -1727.47,
            "eps_4q": -0.72,
            "eps_4q_growth_year": null,
            "roe": -6.6,
            "roe_4q": -5.629999999999999,
            "gross_profit": -9195,
            "gross_margin": -8.1,
            "gross_margin_4q_avg": 9.68,
            "net_income": -36760,
            "revenue": 113498,
            "common_shares": 440000,
            "book_valuer_per_share": 12.23,
            "book_valuer_per_share_4q_avg": 12.67,
            "equity": 538289,
            "current_ratio": 142.44,
            "debt_ratio": 43.26,
            "inventory_turnover_ratio": 1.06,
            "account_receivable_turnover_ratio": 0.44,
            "reinvestment_rate": null,
            "research_to_sale_ratio": 2.68,
            "price_fair": 19.6,
            "eps_avg_yearly": 0.56,
            "eps_latest_yearly": 0.64,
            "eps_growth_yearly": 346.67
        },
        "20133": {
            "year_quarter": 20133,
            "year": 2013,
            "quarter": 3,
            "eps": -0.48,
            "eps_growth_year": -506.15,
            "eps_4q": -1.32,
            "eps_4q_growth_year": null,
            "roe": -4.03,
            "roe_4q": -10.6,
            "gross_profit": 5302,
            "gross_margin": 3.23,
            "gross_margin_4q_avg": 6.39,
            "net_income": -21151,
            "revenue": 164177,
            "common_shares": 440000,
            "book_valuer_per_share": 11.61,
            "book_valuer_per_share_4q_avg": 12.43,
            "equity": 510753,
            "current_ratio": 133.12,
            "debt_ratio": 46.96,
            "inventory_turnover_ratio": 1.71,
            "account_receivable_turnover_ratio": 0.72,
            "reinvestment_rate": null,
            "research_to_sale_ratio": 2.09,
            "price_fair": 19.6,
            "eps_avg_yearly": 0.56,
            "eps_latest_yearly": 0.64,
            "eps_growth_yearly": 346.67
        },
        "20134": {
            "year_quarter": 20134,
            "year": 2013,
            "quarter": 4,
            "eps": -1.12,
            "eps_growth_year": -812.62,
            "eps_4q": -2.6,
            "eps_4q_growth_year": -1123.27,
            "roe": -10.11,
            "roe_4q": -21.950000000000003,
            "gross_profit": -16552,
            "gross_margin": -12.14,
            "gross_margin_4q_avg": -1.16,
            "net_income": -49413,
            "revenue": 136295,
            "common_shares": 440000,
            "book_valuer_per_share": 10.61,
            "book_valuer_per_share_4q_avg": 11.89,
            "equity": 466797,
            "current_ratio": 121.54,
            "debt_ratio": 50.83,
            "inventory_turnover_ratio": 1.88,
            "account_receivable_turnover_ratio": 0.55,
            "reinvestment_rate": null,
            "research_to_sale_ratio": 2.34,
            "price_fair": 19.6,
            "eps_avg_yearly": 0.56,
            "eps_latest_yearly": 0.64,
            "eps_growth_yearly": 346.67
        },
        "20141": {
            "year_quarter": 20141,
            "year": 2014,
            "quarter": 1,
            "eps": -0.79,
            "eps_growth_year": null,
            "eps_4q": -3.23,
            "eps_4q_growth_year": -1988.39,
            "roe": -7.7,
            "roe_4q": -28.439999999999998,
            "gross_profit": -7689,
            "gross_margin": -7.36,
            "gross_margin_4q_avg": -6.09,
            "net_income": -34721,
            "revenue": 104472,
            "common_shares": 440000,
            "book_valuer_per_share": 9.87,
            "book_valuer_per_share_4q_avg": 11.08,
            "equity": 434486,
            "current_ratio": 113.38,
            "debt_ratio": 52.41,
            "inventory_turnover_ratio": 1.59,
            "account_receivable_turnover_ratio": 0.46,
            "reinvestment_rate": null,
            "research_to_sale_ratio": 2.69,
            "price_fair": 19.6,
            "eps_avg_yearly": 0.56,
            "eps_latest_yearly": 0.64,
            "eps_growth_yearly": 346.67
        },
        "20142": {
            "year_quarter": 20142,
            "year": 2014,
            "quarter": 2,
            "eps": 0.6,
            "eps_growth_year": null,
            "eps_4q": -1.8,
            "eps_4q_growth_year": null,
            "roe": 5.92,
            "roe_4q": -15.920000000000002,
            "gross_profit": 24931,
            "gross_margin": 14.42,
            "gross_margin_4q_avg": -0.46,
            "net_income": 26268,
            "revenue": 172924,
            "common_shares": 440000,
            "book_valuer_per_share": 10.29,
            "book_valuer_per_share_4q_avg": 10.6,
            "equity": 452668,
            "current_ratio": 128.29,
            "debt_ratio": 46.53,
            "inventory_turnover_ratio": 2.11,
            "account_receivable_turnover_ratio": 0.77,
            "reinvestment_rate": null,
            "research_to_sale_ratio": 1.5,
            "price_fair": 19.6,
            "eps_avg_yearly": 0.56,
            "eps_latest_yearly": 0.64,
            "eps_growth_yearly": 346.67
        },
        "20143": {
            "year_quarter": 20143,
            "year": 2014,
            "quarter": 3,
            "eps": -0.07,
            "eps_growth_year": null,
            "eps_4q": -1.39,
            "eps_4q_growth_year": null,
            "roe": -0.7,
            "roe_4q": -12.59,
            "gross_profit": 23282,
            "gross_margin": 13.98,
            "gross_margin_4q_avg": 2.23,
            "net_income": -3206,
            "revenue": 166538,
            "common_shares": 440000,
            "book_valuer_per_share": 10.39,
            "book_valuer_per_share_4q_avg": 10.29,
            "equity": 457173,
            "current_ratio": 132.07,
            "debt_ratio": 43.78,
            "inventory_turnover_ratio": 1.85,
            "account_receivable_turnover_ratio": 0.73,
            "reinvestment_rate": null,
            "research_to_sale_ratio": 1.51,
            "price_fair": 19.6,
            "eps_avg_yearly": 0.56,
            "eps_latest_yearly": 0.64,
            "eps_growth_yearly": 346.67
        },
        "20144": {
            "year_quarter": 20144,
            "year": 2014,
            "quarter": 4,
            "eps": 0.1,
            "eps_growth_year": null,
            "eps_4q": -0.17,
            "eps_4q_growth_year": null,
            "roe": 0.91,
            "roe_4q": -1.5700000000000003,
            "gross_profit": 29301,
            "gross_margin": 16.45,
            "gross_margin_4q_avg": 9.37,
            "net_income": 4228,
            "revenue": 178071,
            "common_shares": 440000,
            "book_valuer_per_share": 10.77,
            "book_valuer_per_share_4q_avg": 10.33,
            "equity": 473995,
            "current_ratio": 131.23,
            "debt_ratio": 48.51,
            "inventory_turnover_ratio": 1.88,
            "account_receivable_turnover_ratio": 0.72,
            "reinvestment_rate": null,
            "research_to_sale_ratio": 1.37,
            "price_fair": 19.6,
            "eps_avg_yearly": 0.56,
            "eps_latest_yearly": 0.64,
            "eps_growth_yearly": 346.67
        },
        "20151": {
            "year_quarter": 20151,
            "year": 2015,
            "quarter": 1,
            "eps": -0.55,
            "eps_growth_year": null,
            "eps_4q": 0.07,
            "eps_4q_growth_year": null,
            "roe": -5.24,
            "roe_4q": 0.8899999999999997,
            "gross_profit": -756,
            "gross_margin": -0.66,
            "gross_margin_4q_avg": 11.05,
            "net_income": -24329,
            "revenue": 115028,
            "common_shares": 440000,
            "book_valuer_per_share": 10.32,
            "book_valuer_per_share_4q_avg": 10.44,
            "equity": 453923,
            "current_ratio": 128.33,
            "debt_ratio": 49.62,
            "inventory_turnover_ratio": 1.69,
            "account_receivable_turnover_ratio": 0.46,
            "reinvestment_rate": null,
            "research_to_sale_ratio": 2.32,
            "price_fair": 19.6,
            "eps_avg_yearly": 0.56,
            "eps_latest_yearly": 0.64,
            "eps_growth_yearly": 346.67
        },
        "20152": {
            "year_quarter": 20152,
            "year": 2015,
            "quarter": 2,
            "eps": -0.03,
            "eps_growth_year": -105,
            "eps_4q": -0.42,
            "eps_4q_growth_year": null,
            "roe": -0.22,
            "roe_4q": -5.25,
            "gross_profit": 23037,
            "gross_margin": 14.66,
            "gross_margin_4q_avg": 11.11,
            "net_income": -1312,
            "revenue": 157148,
            "common_shares": 590000,
            "book_valuer_per_share": 12.91,
            "book_valuer_per_share_4q_avg": 11.1,
            "equity": 761660,
            "current_ratio": 219.95,
            "debt_ratio": 34.46,
            "inventory_turnover_ratio": 2.2,
            "account_receivable_turnover_ratio": 0.69,
            "reinvestment_rate": null,
            "research_to_sale_ratio": 1.77,
            "price_fair": 19.6,
            "eps_avg_yearly": 0.56,
            "eps_latest_yearly": 0.64,
            "eps_growth_yearly": 346.67
        },
        "20153": {
            "year_quarter": 20153,
            "year": 2015,
            "quarter": 3,
            "eps": 0.72,
            "eps_growth_year": null,
            "eps_4q": 0.36,
            "eps_4q_growth_year": null,
            "roe": 5.41,
            "roe_4q": 0.8600000000000002,
            "gross_profit": 72206,
            "gross_margin": 23.89,
            "gross_margin_4q_avg": 13.59,
            "net_income": 42712,
            "revenue": 302226,
            "common_shares": 590000,
            "book_valuer_per_share": 13.87,
            "book_valuer_per_share_4q_avg": 11.97,
            "equity": 818260,
            "current_ratio": 193.87,
            "debt_ratio": 40.68,
            "inventory_turnover_ratio": 2.96,
            "account_receivable_turnover_ratio": 0.91,
            "reinvestment_rate": null,
            "research_to_sale_ratio": 0.96,
            "price_fair": 19.6,
            "eps_avg_yearly": 0.56,
            "eps_latest_yearly": 0.64,
            "eps_growth_yearly": 346.67
        },
        "20154": {
            "year_quarter": 20154,
            "year": 2015,
            "quarter": 4,
            "eps": 0.2,
            "eps_growth_year": 103.5,
            "eps_4q": 0.48,
            "eps_4q_growth_year": null,
            "roe": 1.41,
            "roe_4q": 1.3600000000000003,
            "gross_profit": 42919,
            "gross_margin": 22.02,
            "gross_margin_4q_avg": 14.98,
            "net_income": 11537,
            "revenue": 194937,
            "common_shares": 590000,
            "book_valuer_per_share": 13.82,
            "book_valuer_per_share_4q_avg": 12.73,
            "equity": 815639,
            "current_ratio": 191.44,
            "debt_ratio": 42.53,
            "inventory_turnover_ratio": 0.58,
            "account_receivable_turnover_ratio": 0.45,
            "reinvestment_rate": null,
            "research_to_sale_ratio": 1.28,
            "price_fair": 22.4,
            "eps_avg_yearly": 0.64,
            "eps_latest_yearly": 0.8,
            "eps_growth_yearly": 134.81
        },
        "20161": {
            "year_quarter": 20161,
            "year": 2016,
            "quarter": 1,
            "eps": -0.43,
            "eps_growth_year": null,
            "eps_4q": 0.46,
            "eps_4q_growth_year": 589.1,
            "roe": -3.19,
            "roe_4q": 3.4099999999999997,
            "gross_profit": 3500,
            "gross_margin": 3.18,
            "gross_margin_4q_avg": 15.94,
            "net_income": -25577,
            "revenue": 109910,
            "common_shares": 590000,
            "book_valuer_per_share": 13.37,
            "book_valuer_per_share_4q_avg": 13.49,
            "equity": 788787,
            "current_ratio": 225.57,
            "debt_ratio": 35.37,
            "inventory_turnover_ratio": 0.25,
            "account_receivable_turnover_ratio": 0.34,
            "reinvestment_rate": null,
            "research_to_sale_ratio": 1.89,
            "price_fair": 22.4,
            "eps_avg_yearly": 0.64,
            "eps_latest_yearly": 0.8,
            "eps_growth_yearly": 134.81
        },
        "20162": {
            "year_quarter": 20162,
            "year": 2016,
            "quarter": 2,
            "eps": -0.41,
            "eps_growth_year": null,
            "eps_4q": 0.08,
            "eps_4q_growth_year": null,
            "roe": -3.13,
            "roe_4q": 0.5,
            "gross_profit": 2290,
            "gross_margin": 2.01,
            "gross_margin_4q_avg": 12.78,
            "net_income": -24133,
            "revenue": 113818,
            "common_shares": 590000,
            "book_valuer_per_share": 12.77,
            "book_valuer_per_share_4q_avg": 13.46,
            "equity": 753273,
            "current_ratio": 216.66,
            "debt_ratio": 36.83,
            "inventory_turnover_ratio": 0.27,
            "account_receivable_turnover_ratio": 0.55,
            "reinvestment_rate": null,
            "research_to_sale_ratio": 1.85,
            "price_fair": 22.4,
            "eps_avg_yearly": 0.64,
            "eps_latest_yearly": 0.8,
            "eps_growth_yearly": 134.81
        },
        "20163": {
            "year_quarter": 20163,
            "year": 2016,
            "quarter": 3,
            "eps": -0.17,
            "eps_growth_year": -123.61,
            "eps_4q": -0.81,
            "eps_4q_growth_year": -325.65,
            "roe": -1.33,
            "roe_4q": -6.24,
            "gross_profit": 16184,
            "gross_margin": 9.17,
            "gross_margin_4q_avg": 9.1,
            "net_income": -9889,
            "revenue": 176544,
            "common_shares": 590000,
            "book_valuer_per_share": 12.39,
            "book_valuer_per_share_4q_avg": 13.09,
            "equity": 730814,
            "current_ratio": 213.4,
            "debt_ratio": 37.71,
            "inventory_turnover_ratio": 0.38,
            "account_receivable_turnover_ratio": 0.79,
            "reinvestment_rate": null,
            "research_to_sale_ratio": 1.25,
            "price_fair": 2.16,
            "eps_avg_yearly": 0.72,
            "eps_latest_yearly": 0.8,
            "eps_growth_yearly": -77.78
        },
        "20164": {
            "year_quarter": 20164,
            "year": 2016,
            "quarter": 4,
            "eps": -0.32,
            "eps_growth_year": -264.06,
            "eps_4q": -1.33,
            "eps_4q_growth_year": -374.49,
            "roe": -2.63,
            "roe_4q": -10.28,
            "gross_profit": 2668,
            "gross_margin": 1.89,
            "gross_margin_4q_avg": 4.06,
            "net_income": -18928,
            "revenue": 141347,
            "common_shares": 590000,
            "book_valuer_per_share": 11.97,
            "book_valuer_per_share_4q_avg": 12.63,
            "equity": 706398,
            "current_ratio": 195.74,
            "debt_ratio": 41.54,
            "inventory_turnover_ratio": 0.32,
            "account_receivable_turnover_ratio": 0.53,
            "reinvestment_rate": null,
            "research_to_sale_ratio": 1.31,
            "price_fair": 2.4,
            "eps_avg_yearly": 0.8,
            "eps_latest_yearly": 0.8,
            "eps_growth_yearly": -288.89
        },
        "20171": {
            "year_quarter": 20171,
            "year": 2017,
            "quarter": 1,
            "eps": -0.32,
            "eps_growth_year": null,
            "eps_4q": -1.22,
            "eps_4q_growth_year": -363.16,
            "roe": -2.77,
            "roe_4q": -9.86,
            "gross_profit": 15481,
            "gross_margin": 10.38,
            "gross_margin_4q_avg": 5.86,
            "net_income": -19051,
            "revenue": 149080,
            "common_shares": 590000,
            "book_valuer_per_share": 11.36,
            "book_valuer_per_share_4q_avg": 12.12,
            "equity": 670062,
            "current_ratio": 167.86,
            "debt_ratio": 49.67,
            "inventory_turnover_ratio": 0.28,
            "account_receivable_turnover_ratio": 0.61,
            "reinvestment_rate": null,
            "research_to_sale_ratio": 1.79,
            "price_fair": 2.4,
            "eps_avg_yearly": 0.8,
            "eps_latest_yearly": 0.8,
            "eps_growth_yearly": -288.89
        },
        "20172": {
            "year_quarter": 20172,
            "year": 2017,
            "quarter": 2,
            "eps": 0.11,
            "eps_growth_year": null,
            "eps_4q": -0.7,
            "eps_4q_growth_year": -1010.09,
            "roe": 0.97,
            "roe_4q": -5.76,
            "gross_profit": 35419,
            "gross_margin": 10.08,
            "gross_margin_4q_avg": 7.88,
            "net_income": 6559,
            "revenue": 351372,
            "common_shares": 590000,
            "book_valuer_per_share": 11.57,
            "book_valuer_per_share_4q_avg": 11.82,
            "equity": 682434,
            "current_ratio": 141.23,
            "debt_ratio": 60.59,
            "inventory_turnover_ratio": 0.54,
            "account_receivable_turnover_ratio": 1.07,
            "reinvestment_rate": null,
            "research_to_sale_ratio": 0.67,
            "price_fair": 2.4,
            "eps_avg_yearly": 0.8,
            "eps_latest_yearly": 0.8,
            "eps_growth_yearly": -288.89
        },
        "20173": {
            "year_quarter": 20173,
            "year": 2017,
            "quarter": 3,
            "eps": 0.02,
            "eps_growth_year": null,
            "eps_4q": -0.51,
            "eps_4q_growth_year": null,
            "roe": 0.21,
            "roe_4q": -4.22,
            "gross_profit": 35511,
            "gross_margin": 6.61,
            "gross_margin_4q_avg": 7.24,
            "net_income": 1420,
            "revenue": 537224,
            "common_shares": 590000,
            "book_valuer_per_share": 11.69,
            "book_valuer_per_share_4q_avg": 11.65,
            "equity": 689768,
            "current_ratio": 127.23,
            "debt_ratio": 69.6,
            "inventory_turnover_ratio": 0.71,
            "account_receivable_turnover_ratio": 0.78,
            "reinvestment_rate": null,
            "research_to_sale_ratio": 0.29,
            "price_fair": 1.32,
            "eps_avg_yearly": 0.44,
            "eps_latest_yearly": 0.08,
            "eps_growth_yearly": -308.08
        },
        "20174": {
            "year_quarter": 20174,
            "year": 2017,
            "quarter": 4,
            "eps": -0.3,
            "eps_growth_year": null,
            "eps_4q": -0.48,
            "eps_4q_growth_year": null,
            "roe": -2.57,
            "roe_4q": -4.16,
            "gross_profit": 14143,
            "gross_margin": 3.96,
            "gross_margin_4q_avg": 7.76,
            "net_income": -17518,
            "revenue": 357024,
            "common_shares": 590000,
            "book_valuer_per_share": 11.39,
            "book_valuer_per_share_4q_avg": 11.5,
            "equity": 672298,
            "current_ratio": 127.35,
            "debt_ratio": 69.11,
            "inventory_turnover_ratio": 0.45,
            "account_receivable_turnover_ratio": 0.43,
            "reinvestment_rate": null,
            "research_to_sale_ratio": 0.47,
            "price_fair": 1.32,
            "eps_avg_yearly": 0.44,
            "eps_latest_yearly": 0.08,
            "eps_growth_yearly": -308.08
        },
        "20181": {
            "year_quarter": 20181,
            "year": 2018,
            "quarter": 1,
            "eps": -0.59,
            "eps_growth_year": null,
            "eps_4q": -0.65,
            "eps_4q_growth_year": null,
            "roe": -4.42,
            "roe_4q": -5.8100000000000005,
            "gross_profit": -2071,
            "gross_margin": -1.17,
            "gross_margin_4q_avg": 4.87,
            "net_income": -36786,
            "revenue": 176802,
            "common_shares": 710000,
            "book_valuer_per_share": 13.97,
            "book_valuer_per_share_4q_avg": 12.16,
            "equity": 992118,
            "current_ratio": 170.4,
            "debt_ratio": 51.64,
            "inventory_turnover_ratio": 0.2,
            "account_receivable_turnover_ratio": 0.31,
            "reinvestment_rate": null,
            "research_to_sale_ratio": 1.04,
            "price_fair": 1.32,
            "eps_avg_yearly": 0.44,
            "eps_latest_yearly": 0.08,
            "eps_growth_yearly": -308.08
        },
        "20182": {
            "year_quarter": 20182,
            "year": 2018,
            "quarter": 2,
            "eps": -0.08,
            "eps_growth_year": -172.73,
            "eps_4q": -0.82,
            "eps_4q_growth_year": null,
            "roe": -0.55,
            "roe_4q": -7.329999999999999,
            "gross_profit": 28237,
            "gross_margin": 10.08,
            "gross_margin_4q_avg": 4.87,
            "net_income": -5437,
            "revenue": 280019,
            "common_shares": 710000,
            "book_valuer_per_share": 13.84,
            "book_valuer_per_share_4q_avg": 12.72,
            "equity": 982838,
            "current_ratio": 155.11,
            "debt_ratio": 57.61,
            "inventory_turnover_ratio": 0.21,
            "account_receivable_turnover_ratio": 0.66,
            "reinvestment_rate": null,
            "research_to_sale_ratio": 0.56,
            "price_fair": 1.32,
            "eps_avg_yearly": 0.44,
            "eps_latest_yearly": 0.08,
            "eps_growth_yearly": -308.08
        },
        "20183": {
            "year_quarter": 20183,
            "year": 2018,
            "quarter": 3,
            "eps": -0.19,
            "eps_growth_year": -1050,
            "eps_4q": -1.03,
            "eps_4q_growth_year": null,
            "roe": -1.38,
            "roe_4q": -8.92,
            "gross_profit": 29591,
            "gross_margin": 11.79,
            "gross_margin_4q_avg": 6.17,
            "net_income": -13399,
            "revenue": 250880,
            "common_shares": 710000,
            "book_valuer_per_share": 13.47,
            "book_valuer_per_share_4q_avg": 13.17,
            "equity": 956641,
            "current_ratio": 144.31,
            "debt_ratio": 62.92,
            "inventory_turnover_ratio": 0.15,
            "account_receivable_turnover_ratio": 0.57,
            "reinvestment_rate": null,
            "research_to_sale_ratio": 0.53,
            "price_fair": 1.32,
            "eps_avg_yearly": 0.44,
            "eps_latest_yearly": 0.08,
            "eps_growth_yearly": -308.08
        },
        "20184": {
            "year_quarter": 20184,
            "year": 2018,
            "quarter": 4,
            "eps": 0.28,
            "eps_growth_year": null,
            "eps_4q": -0.5,
            "eps_4q_growth_year": null,
            "roe": 2.08,
            "roe_4q": -4.27,
            "gross_profit": 58188,
            "gross_margin": 15.65,
            "gross_margin_4q_avg": 9.09,
            "net_income": 20085,
            "revenue": 371779,
            "common_shares": 710000,
            "book_valuer_per_share": 13.78,
            "book_valuer_per_share_4q_avg": 13.77,
            "equity": 978586,
            "current_ratio": 146.45,
            "debt_ratio": 62.23,
            "inventory_turnover_ratio": 0.2,
            "account_receivable_turnover_ratio": 0.92,
            "reinvestment_rate": null,
            "research_to_sale_ratio": 0.39,
            "price_fair": 1.32,
            "eps_avg_yearly": 0.44,
            "eps_latest_yearly": 0.08,
            "eps_growth_yearly": -308.08
        },
        "20191": {
            "year_quarter": 20191,
            "year": 2019,
            "quarter": 1,
            "eps": 0.47,
            "eps_growth_year": null,
            "eps_4q": 0.49,
            "eps_4q_growth_year": null,
            "roe": 3.32,
            "roe_4q": 3.4700000000000006,
            "gross_profit": 73562,
            "gross_margin": 15.69,
            "gross_margin_4q_avg": 13.3,
            "net_income": 33214,
            "revenue": 468730,
            "common_shares": 710000,
            "book_valuer_per_share": 14.39,
            "book_valuer_per_share_4q_avg": 13.87,
            "equity": 1022026,
            "current_ratio": 154.59,
            "debt_ratio": 58.8,
            "inventory_turnover_ratio": 0.25,
            "account_receivable_turnover_ratio": 1.69,
            "reinvestment_rate": null,
            "research_to_sale_ratio": 0.32,
            "price_fair": 2.76,
            "eps_avg_yearly": 0.92,
            "eps_latest_yearly": 1.88,
            "eps_growth_yearly": -114.91
        },
        "20192": {
            "year_quarter": 20192,
            "year": 2019,
            "quarter": 2,
            "eps": 0,
            "eps_growth_year": null,
            "eps_4q": 0.57,
            "eps_4q_growth_year": null,
            "roe": 0.03,
            "roe_4q": 4.05,
            "gross_profit": 29979,
            "gross_margin": 10.2,
            "gross_margin_4q_avg": 13.33,
            "net_income": 315,
            "revenue": 293789,
            "common_shares": 710000,
            "book_valuer_per_share": 14.33,
            "book_valuer_per_share_4q_avg": 13.99,
            "equity": 1017085,
            "current_ratio": 141.94,
            "debt_ratio": 65.07,
            "inventory_turnover_ratio": 0.15,
            "account_receivable_turnover_ratio": 1,
            "reinvestment_rate": null,
            "research_to_sale_ratio": 0.48,
            "price_fair": 2.76,
            "eps_avg_yearly": 0.92,
            "eps_latest_yearly": 1.88,
            "eps_growth_yearly": -114.91
        },
        "20193": {
            "year_quarter": 20193,
            "year": 2019,
            "quarter": 3,
            "eps": -0.08,
            "eps_growth_year": null,
            "eps_4q": 0.68,
            "eps_4q_growth_year": null,
            "roe": -0.54,
            "roe_4q": 4.89,
            "gross_profit": 23359,
            "gross_margin": 10.34,
            "gross_margin_4q_avg": 12.97,
            "net_income": -5399,
            "revenue": 225921,
            "common_shares": 710000,
            "book_valuer_per_share": 14.06,
            "book_valuer_per_share_4q_avg": 14.14,
            "equity": 998418,
            "current_ratio": 130.08,
            "debt_ratio": 72.3,
            "inventory_turnover_ratio": 0.09,
            "account_receivable_turnover_ratio": 0.63,
            "reinvestment_rate": null,
            "research_to_sale_ratio": 0.44,
            "price_fair": 2.76,
            "eps_avg_yearly": 0.92,
            "eps_latest_yearly": 1.88,
            "eps_growth_yearly": -114.91
        },
        "20194": {
            "year_quarter": 20194,
            "year": 2019,
            "quarter": 4,
            "eps": -0.08,
            "eps_growth_year": -127.68,
            "eps_4q": 0.32,
            "eps_4q_growth_year": null,
            "roe": -0.56,
            "roe_4q": 2.25,
            "gross_profit": 29421,
            "gross_margin": 8.85,
            "gross_margin_4q_avg": 11.27,
            "net_income": -5560,
            "revenue": 332402,
            "common_shares": 710000,
            "book_valuer_per_share": 13.9,
            "book_valuer_per_share_4q_avg": 14.17,
            "equity": 986888,
            "current_ratio": 125.32,
            "debt_ratio": 75.77,
            "inventory_turnover_ratio": 0.11,
            "account_receivable_turnover_ratio": 0.81,
            "reinvestment_rate": null,
            "research_to_sale_ratio": 0.29,
            "price_fair": 2.94,
            "eps_avg_yearly": 0.98,
            "eps_latest_yearly": 1.88,
            "eps_growth_yearly": -27.92
        },
        "20201": {
            "year_quarter": 20201,
            "year": 2020,
            "quarter": 1,
            "eps": -0.26,
            "eps_growth_year": -155.32,
            "eps_4q": -0.41,
            "eps_4q_growth_year": -183.9,
            "roe": -1.87,
            "roe_4q": -2.9400000000000004,
            "gross_profit": 17185,
            "gross_margin": 6.58,
            "gross_margin_4q_avg": 8.99,
            "net_income": -18269,
            "revenue": 261019,
            "common_shares": 710000,
            "book_valuer_per_share": 13.61,
            "book_valuer_per_share_4q_avg": 13.98,
            "equity": 966388,
            "current_ratio": 122.25,
            "debt_ratio": 78.05,
            "inventory_turnover_ratio": 0.08,
            "account_receivable_turnover_ratio": 0.59,
            "reinvestment_rate": null,
            "research_to_sale_ratio": 0.35,
            "price_fair": 2.94,
            "eps_avg_yearly": 0.98,
            "eps_latest_yearly": 1.88,
            "eps_growth_yearly": -27.92
        },
        "20202": {
            "year_quarter": 20202,
            "year": 2020,
            "quarter": 2,
            "eps": 1.5,
            "eps_growth_year": null,
            "eps_4q": 1.07,
            "eps_4q_growth_year": 89.04,
            "roe": 10.43,
            "roe_4q": 7.459999999999998,
            "gross_profit": 168362,
            "gross_margin": 17.12,
            "gross_margin_4q_avg": 10.72,
            "net_income": 106674,
            "revenue": 983154,
            "common_shares": 710000,
            "book_valuer_per_share": 15.08,
            "book_valuer_per_share_4q_avg": 14.16,
            "equity": 1078758,
            "current_ratio": 131.41,
            "debt_ratio": 72.35,
            "inventory_turnover_ratio": 0.27,
            "account_receivable_turnover_ratio": 2.67,
            "reinvestment_rate": -498.31,
            "research_to_sale_ratio": 0.1,
            "price_fair": 2.94,
            "eps_avg_yearly": 0.98,
            "eps_latest_yearly": 1.88,
            "eps_growth_yearly": -27.92
        },
        "20203": {
            "year_quarter": 20203,
            "year": 2020,
            "quarter": 3,
            "eps": 0.5,
            "eps_growth_year": null,
            "eps_4q": 1.48,
            "eps_4q_growth_year": 117.33,
            "roe": 3.29,
            "roe_4q": 11.289999999999997,
            "gross_profit": 87480,
            "gross_margin": 18.37,
            "gross_margin_4q_avg": 12.73,
            "net_income": 41127,
            "revenue": 476268,
            "common_shares": 840000,
            "book_valuer_per_share": 16.94,
            "book_valuer_per_share_4q_avg": 14.88,
            "equity": 1423031,
            "current_ratio": 139.41,
            "debt_ratio": 68.65,
            "inventory_turnover_ratio": 0.14,
            "account_receivable_turnover_ratio": 1.38,
            "reinvestment_rate": -111.27,
            "research_to_sale_ratio": 0.23,
            "price_fair": 3.96,
            "eps_avg_yearly": 1.32,
            "eps_latest_yearly": 2,
            "eps_growth_yearly": -107.5
        },
        "20204": {
            "year_quarter": 20204,
            "year": 2020,
            "quarter": 4,
            "eps": 0.87,
            "eps_growth_year": null,
            "eps_4q": 2.41,
            "eps_4q_growth_year": 659.58,
            "roe": 5.02,
            "roe_4q": 16.869999999999997,
            "gross_profit": 133081,
            "gross_margin": 19.25,
            "gross_margin_4q_avg": 15.33,
            "net_income": 73294,
            "revenue": 691284,
            "common_shares": 840000,
            "book_valuer_per_share": 17.82,
            "book_valuer_per_share_4q_avg": 15.86,
            "equity": 1497106,
            "current_ratio": 146.67,
            "debt_ratio": 65.15,
            "inventory_turnover_ratio": 0.19,
            "account_receivable_turnover_ratio": 1.89,
            "reinvestment_rate": -42.02,
            "research_to_sale_ratio": 0.18,
            "price_fair": 5.58,
            "eps_avg_yearly": 1.86,
            "eps_latest_yearly": 3.48,
            "eps_growth_yearly": -6.63
        },
        "20211": {
            "year_quarter": 20211,
            "year": 2021,
            "quarter": 1,
            "eps": 0.84,
            "eps_growth_year": null,
            "eps_4q": 3.47,
            "eps_4q_growth_year": null,
            "roe": 4.61,
            "roe_4q": 23.349999999999998,
            "gross_profit": 140184,
            "gross_margin": 21.29,
            "gross_margin_4q_avg": 19.01,
            "net_income": 70676,
            "revenue": 658412,
            "common_shares": 840000,
            "book_valuer_per_share": 18.71,
            "book_valuer_per_share_4q_avg": 17.14,
            "equity": 1571841,
            "current_ratio": 154.97,
            "debt_ratio": 61.44,
            "inventory_turnover_ratio": 0.19,
            "account_receivable_turnover_ratio": 2.57,
            "reinvestment_rate": -18.37,
            "research_to_sale_ratio": 0.21,
            "price_fair": 6.48,
            "eps_avg_yearly": 2.16,
            "eps_latest_yearly": 3.36,
            "eps_growth_yearly": -8.06
        },
        "20212": {
            "year_quarter": 20212,
            "year": 2021,
            "quarter": 2,
            "eps": 1.05,
            "eps_growth_year": -30,
            "eps_4q": 3.25,
            "eps_4q_growth_year": 203.67,
            "roe": 5.66,
            "roe_4q": 18.58,
            "gross_profit": 149845,
            "gross_margin": 23.22,
            "gross_margin_4q_avg": 20.53,
            "net_income": 88032,
            "revenue": 645264,
            "common_shares": 840000,
            "book_valuer_per_share": 18.3,
            "book_valuer_per_share_4q_avg": 17.94,
            "equity": 1537340,
            "current_ratio": 165.97,
            "debt_ratio": 65.16,
            "inventory_turnover_ratio": 0.17,
            "account_receivable_turnover_ratio": 2.96,
            "reinvestment_rate": -19.24,
            "research_to_sale_ratio": 0.18,
            "price_fair": 49.87,
            "eps_avg_yearly": 2.5,
            "eps_latest_yearly": 4.2,
            "eps_growth_yearly": 9.95
        },
        "20213": {
            "year_quarter": 20213,
            "year": 2021,
            "quarter": 3,
            "eps": 1.27,
            "eps_growth_year": 154,
            "eps_4q": 4.03,
            "eps_4q_growth_year": 173.17,
            "roe": 6.7,
            "roe_4q": 21.99,
            "gross_profit": 165213,
            "gross_margin": 30.14,
            "gross_margin_4q_avg": 23.48,
            "net_income": 106652,
            "revenue": 548146,
            "common_shares": 840000,
            "book_valuer_per_share": 19.58,
            "book_valuer_per_share_4q_avg": 18.6,
            "equity": 1644325,
            "current_ratio": 168.05,
            "debt_ratio": 64.32,
            "inventory_turnover_ratio": 0.12,
            "account_receivable_turnover_ratio": 2.19,
            "reinvestment_rate": -17.39,
            "research_to_sale_ratio": 0.21,
            "price_fair": 116.67,
            "eps_avg_yearly": 3.33,
            "eps_latest_yearly": 5.08,
            "eps_growth_yearly": 78.46
        },
        "20214": {
            "year_quarter": 20214,
            "year": 2021,
            "quarter": 4,
            "eps": 0.63,
            "eps_growth_year": -28.25,
            "eps_4q": 3.79,
            "eps_4q_growth_year": 56.76,
            "roe": 3.14,
            "roe_4q": 20.11,
            "gross_profit": 116979,
            "gross_margin": 32.43,
            "gross_margin_4q_avg": 26.77,
            "net_income": 52585,
            "revenue": 360736,
            "common_shares": 840000,
            "book_valuer_per_share": 20.24,
            "book_valuer_per_share_4q_avg": 19.21,
            "equity": 1700094,
            "current_ratio": 158.37,
            "debt_ratio": 67.27,
            "inventory_turnover_ratio": 0.07,
            "account_receivable_turnover_ratio": 1.8,
            "reinvestment_rate": -15.26,
            "research_to_sale_ratio": 0.36,
            "price_fair": 112.6,
            "eps_avg_yearly": 3.22,
            "eps_latest_yearly": 2.52,
            "eps_growth_yearly": 38.46
        },
        "20221": {
            "year_quarter": 20221,
            "year": 2022,
            "quarter": 1,
            "eps": 1.59,
            "eps_growth_year": 89.29,
            "eps_4q": 4.54,
            "eps_4q_growth_year": 30.61,
            "roe": 7.54,
            "roe_4q": 23.04,
            "gross_profit": 231726,
            "gross_margin": 33.63,
            "gross_margin_4q_avg": 29.86,
            "net_income": 133812,
            "revenue": 689072,
            "common_shares": 840000,
            "book_valuer_per_share": 22.04,
            "book_valuer_per_share_4q_avg": 20.04,
            "equity": 1851043,
            "current_ratio": 173.01,
            "debt_ratio": 70.62,
            "inventory_turnover_ratio": 0.11,
            "account_receivable_turnover_ratio": 3.04,
            "reinvestment_rate": -10.99,
            "research_to_sale_ratio": 0.15,
            "price_fair": 126.35,
            "eps_avg_yearly": 3.61,
            "eps_latest_yearly": 6.36,
            "eps_growth_yearly": 109.84
        },
        "20222": {
            "year_quarter": 20222,
            "year": 2022,
            "quarter": 2,
            "eps": 2.07,
            "eps_growth_year": 97.14,
            "eps_4q": 5.56,
            "eps_4q_growth_year": 70.92,
            "roe": 9.6,
            "roe_4q": 26.98,
            "gross_profit": 267118,
            "gross_margin": 25.86,
            "gross_margin_4q_avg": 30.52,
            "net_income": 173784,
            "revenue": 1032986,
            "common_shares": 840000,
            "book_valuer_per_share": 21.06,
            "book_valuer_per_share_4q_avg": 20.73,
            "equity": 1768760,
            "current_ratio": 169.96,
            "debt_ratio": 71.78,
            "inventory_turnover_ratio": 0.17,
            "account_receivable_turnover_ratio": 4.49,
            "reinvestment_rate": -8.51,
            "research_to_sale_ratio": 0.09,
            "price_fair": 144.51,
            "eps_avg_yearly": 4.13,
            "eps_latest_yearly": 8.28,
            "eps_growth_yearly": 111.05
        },
        "20223": {
            "year_quarter": 20223,
            "year": 2022,
            "quarter": 3,
            "eps": 0.68,
            "eps_growth_year": -46.46,
            "eps_4q": 4.97,
            "eps_4q_growth_year": 23.24,
            "roe": 3.18,
            "roe_4q": 23.46,
            "gross_profit": 93475,
            "gross_margin": 20.38,
            "gross_margin_4q_avg": 28.08,
            "net_income": 57173,
            "revenue": 458657,
            "common_shares": 840000,
            "book_valuer_per_share": 21.81,
            "book_valuer_per_share_4q_avg": 21.29,
            "equity": 1831904,
            "current_ratio": 181.37,
            "debt_ratio": 69.09,
            "inventory_turnover_ratio": 0.08,
            "account_receivable_turnover_ratio": 2.65,
            "reinvestment_rate": -6.05,
            "research_to_sale_ratio": 0.19,
            "price_fair": 139.58,
            "eps_avg_yearly": 3.99,
            "eps_latest_yearly": 2.72,
            "eps_growth_yearly": 73.09
        },
        "20224": {
            "year_quarter": 20224,
            "year": 2022,
            "quarter": 4,
            "eps": -0.46,
            "eps_growth_year": -173.62,
            "eps_4q": 3.88,
            "eps_4q_growth_year": 2.55,
            "roe": -2.14,
            "roe_4q": 18.18,
            "gross_profit": -3949,
            "gross_margin": -6.49,
            "gross_margin_4q_avg": 18.35,
            "net_income": -38713,
            "revenue": 60878,
            "common_shares": 840000,
            "book_valuer_per_share": 21.29,
            "book_valuer_per_share_4q_avg": 21.55,
            "equity": 1788064,
            "current_ratio": 158.78,
            "debt_ratio": 70.68,
            "inventory_turnover_ratio": 0.01,
            "account_receivable_turnover_ratio": 0.4,
            "reinvestment_rate": -6.25,
            "research_to_sale_ratio": 1.02,
            "price_fair": 139.58,
            "eps_avg_yearly": 3.99,
            "eps_latest_yearly": 2.72,
            "eps_growth_yearly": 73.09
        },
        "20231": {
            "year_quarter": 20231,
            "year": 2023,
            "quarter": 1,
            "eps": 0.69,
            "eps_growth_year": -56.6,
            "eps_4q": 2.98,
            "eps_4q_growth_year": -34.3,
            "roe": 3.44,
            "roe_4q": 14.08,
            "gross_profit": 140315,
            "gross_margin": 15.71,
            "gross_margin_4q_avg": 13.87,
            "net_income": 58137,
            "revenue": 893044,
            "common_shares": 840000,
            "book_valuer_per_share": 18.98,
            "book_valuer_per_share_4q_avg": 20.79,
            "equity": 1594658,
            "current_ratio": 159.25,
            "debt_ratio": 71.31,
            "inventory_turnover_ratio": 0.17,
            "account_receivable_turnover_ratio": 8.45,
            "reinvestment_rate": -6.48,
            "research_to_sale_ratio": 0.09,
            "price_fair": 147.78,
            "eps_avg_yearly": 4.22,
            "eps_latest_yearly": 2.72,
            "eps_growth_yearly": 51.05
        }
    },
    "months": {
        "2006-04": {
            "month": "2006-04",
            "price": "63.47",
            "revenue": 28580
        },
        "2006-05": {
            "month": "2006-05",
            "price": "72.65",
            "revenue": 29594
        },
        "2006-06": {
            "month": "2006-06",
            "price": "69.78",
            "revenue": 29510
        },
        "2006-07": {
            "month": "2006-07",
            "price": "53.55",
            "revenue": 29422
        },
        "2006-08": {
            "month": "2006-08",
            "price": "47.07",
            "revenue": 33300
        },
        "2006-09": {
            "month": "2006-09",
            "price": "42.59",
            "revenue": 38129
        },
        "2006-10": {
            "month": "2006-10",
            "price": "41.45",
            "revenue": 110840
        },
        "2006-11": {
            "month": "2006-11",
            "price": "49.32",
            "revenue": 105002
        },
        "2006-12": {
            "month": "2006-12",
            "price": "54.45",
            "revenue": 64478
        },
        "2007-01": {
            "month": "2007-01",
            "price": "58.40",
            "revenue": 102008
        },
        "2007-02": {
            "month": "2007-02",
            "price": "50.32",
            "revenue": 64748
        },
        "2007-03": {
            "month": "2007-03",
            "price": "52.54",
            "revenue": 110972
        },
        "2007-04": {
            "month": "2007-04",
            "price": "54.97",
            "revenue": 74289
        },
        "2007-05": {
            "month": "2007-05",
            "price": "66.48",
            "revenue": 86399
        },
        "2007-06": {
            "month": "2007-06",
            "price": "87.36",
            "revenue": 85032
        },
        "2007-07": {
            "month": "2007-07",
            "price": "111.20",
            "revenue": 129187
        },
        "2007-08": {
            "month": "2007-08",
            "price": "100.57",
            "revenue": 138780
        },
        "2007-09": {
            "month": "2007-09",
            "price": "86.27",
            "revenue": 127083
        },
        "2007-10": {
            "month": "2007-10",
            "price": "67.57",
            "revenue": 138726
        },
        "2007-11": {
            "month": "2007-11",
            "price": "44.02",
            "revenue": 138909
        },
        "2007-12": {
            "month": "2007-12",
            "price": "39.33",
            "revenue": 100168
        },
        "2008-01": {
            "month": "2008-01",
            "price": "30.48",
            "revenue": 92522
        },
        "2008-02": {
            "month": "2008-02",
            "price": "28.18",
            "revenue": 41333
        },
        "2008-03": {
            "month": "2008-03",
            "price": "28.41",
            "revenue": 82485
        },
        "2008-04": {
            "month": "2008-04",
            "price": "36.14",
            "revenue": 89233
        },
        "2008-05": {
            "month": "2008-05",
            "price": "36.44",
            "revenue": 91918
        },
        "2008-06": {
            "month": "2008-06",
            "price": "28.23",
            "revenue": 91476
        },
        "2008-07": {
            "month": "2008-07",
            "price": "19.79",
            "revenue": 113261
        },
        "2008-08": {
            "month": "2008-08",
            "price": "18.51",
            "revenue": 105852
        },
        "2008-09": {
            "month": "2008-09",
            "price": "13.78",
            "revenue": 119908
        },
        "2008-10": {
            "month": "2008-10",
            "price": "12.29",
            "revenue": 70028
        },
        "2008-11": {
            "month": "2008-11",
            "price": "14.83",
            "revenue": 32990
        },
        "2008-12": {
            "month": "2008-12",
            "price": "12.97",
            "revenue": 39467
        },
        "2009-01": {
            "month": "2009-01",
            "price": "13.72",
            "revenue": 20234
        },
        "2009-02": {
            "month": "2009-02",
            "price": "14.64",
            "revenue": 34695
        },
        "2009-03": {
            "month": "2009-03",
            "price": "15.97",
            "revenue": 49217
        },
        "2009-04": {
            "month": "2009-04",
            "price": "17.92",
            "revenue": 51380
        },
        "2009-05": {
            "month": "2009-05",
            "price": "21.74",
            "revenue": 53430
        },
        "2009-06": {
            "month": "2009-06",
            "price": "18.30",
            "revenue": 76996
        },
        "2009-07": {
            "month": "2009-07",
            "price": "18.77",
            "revenue": 76491
        },
        "2009-08": {
            "month": "2009-08",
            "price": "17.92",
            "revenue": 58109
        },
        "2009-09": {
            "month": "2009-09",
            "price": "19.14",
            "revenue": 64097
        },
        "2009-10": {
            "month": "2009-10",
            "price": "22.30",
            "revenue": 66641
        },
        "2009-11": {
            "month": "2009-11",
            "price": "23.15",
            "revenue": 59974
        },
        "2009-12": {
            "month": "2009-12",
            "price": "31.15",
            "revenue": 59693
        },
        "2010-01": {
            "month": "2010-01",
            "price": "30.21",
            "revenue": 66080
        },
        "2010-02": {
            "month": "2010-02",
            "price": "29.58",
            "revenue": 37316
        },
        "2010-03": {
            "month": "2010-03",
            "price": "32.31",
            "revenue": 85322
        },
        "2010-04": {
            "month": "2010-04",
            "price": "38.22",
            "revenue": 83318
        },
        "2010-05": {
            "month": "2010-05",
            "price": "35.22",
            "revenue": 63701
        },
        "2010-06": {
            "month": "2010-06",
            "price": "32.65",
            "revenue": 52967
        },
        "2010-07": {
            "month": "2010-07",
            "price": "31.27",
            "revenue": 77993
        },
        "2010-08": {
            "month": "2010-08",
            "price": "32.75",
            "revenue": 75455
        },
        "2010-09": {
            "month": "2010-09",
            "price": "32.24",
            "revenue": 76593
        },
        "2010-10": {
            "month": "2010-10",
            "price": "31.07",
            "revenue": 72265
        },
        "2010-11": {
            "month": "2010-11",
            "price": "27.62",
            "revenue": 96353
        },
        "2010-12": {
            "month": "2010-12",
            "price": "29.84",
            "revenue": 71119
        },
        "2011-01": {
            "month": "2011-01",
            "price": "30.35",
            "revenue": 50949
        },
        "2011-02": {
            "month": "2011-02",
            "price": "30.38",
            "revenue": 45721
        },
        "2011-03": {
            "month": "2011-03",
            "price": "27.72",
            "revenue": 64417
        },
        "2011-04": {
            "month": "2011-04",
            "price": "24.83",
            "revenue": 64560
        },
        "2011-05": {
            "month": "2011-05",
            "price": "17.72",
            "revenue": 91016
        },
        "2011-06": {
            "month": "2011-06",
            "price": "21.35",
            "revenue": 52815
        },
        "2011-07": {
            "month": "2011-07",
            "price": "19.44",
            "revenue": 65758
        },
        "2011-08": {
            "month": "2011-08",
            "price": "16.80",
            "revenue": 70996
        },
        "2011-09": {
            "month": "2011-09",
            "price": "14.91",
            "revenue": 67627
        },
        "2011-10": {
            "month": "2011-10",
            "price": "12.56",
            "revenue": 63278
        },
        "2011-11": {
            "month": "2011-11",
            "price": "9.82",
            "revenue": 81008
        },
        "2011-12": {
            "month": "2011-12",
            "price": "7.86",
            "revenue": 68992
        },
        "2012-01": {
            "month": "2012-01",
            "price": "8.02",
            "revenue": 34155
        },
        "2012-02": {
            "month": "2012-02",
            "price": "11.27",
            "revenue": 55596
        },
        "2012-03": {
            "month": "2012-03",
            "price": "11.28",
            "revenue": 63239
        },
        "2012-04": {
            "month": "2012-04",
            "price": "10.15",
            "revenue": 52382
        },
        "2012-05": {
            "month": "2012-05",
            "price": "8.92",
            "revenue": 52839
        },
        "2012-06": {
            "month": "2012-06",
            "price": "8.14",
            "revenue": 45816
        },
        "2012-07": {
            "month": "2012-07",
            "price": "8.52",
            "revenue": 64879
        },
        "2012-08": {
            "month": "2012-08",
            "price": "9.25",
            "revenue": 53326
        },
        "2012-09": {
            "month": "2012-09",
            "price": "10.00",
            "revenue": 56732
        },
        "2012-10": {
            "month": "2012-10",
            "price": "9.22",
            "revenue": 54698
        },
        "2012-11": {
            "month": "2012-11",
            "price": "7.79",
            "revenue": 55928
        },
        "2012-12": {
            "month": "2012-12",
            "price": "8.07",
            "revenue": 66392
        },
        "2013-01": {
            "month": "2013-01",
            "price": "11.17",
            "revenue": 72612
        },
        "2013-02": {
            "month": "2013-02",
            "price": "12.65",
            "revenue": 31069
        },
        "2013-03": {
            "month": "2013-03",
            "price": "14.61",
            "revenue": 41020
        },
        "2013-04": {
            "month": "2013-04",
            "price": "14.22",
            "revenue": 34702
        },
        "2013-05": {
            "month": "2013-05",
            "price": "14.44",
            "revenue": 36961
        },
        "2013-06": {
            "month": "2013-06",
            "price": "12.65",
            "revenue": 41835
        },
        "2013-07": {
            "month": "2013-07",
            "price": "11.62",
            "revenue": 53952
        },
        "2013-08": {
            "month": "2013-08",
            "price": "10.31",
            "revenue": 50201
        },
        "2013-09": {
            "month": "2013-09",
            "price": "10.12",
            "revenue": 60024
        },
        "2013-10": {
            "month": "2013-10",
            "price": "11.20",
            "revenue": 46550
        },
        "2013-11": {
            "month": "2013-11",
            "price": "10.02",
            "revenue": 42624
        },
        "2013-12": {
            "month": "2013-12",
            "price": "10.78",
            "revenue": 47121
        },
        "2014-01": {
            "month": "2014-01",
            "price": "12.38",
            "revenue": 43343
        },
        "2014-02": {
            "month": "2014-02",
            "price": "15.96",
            "revenue": 19401
        },
        "2014-03": {
            "month": "2014-03",
            "price": "17.94",
            "revenue": 41729
        },
        "2014-04": {
            "month": "2014-04",
            "price": "20.04",
            "revenue": 63596
        },
        "2014-05": {
            "month": "2014-05",
            "price": "31.93",
            "revenue": 61135
        },
        "2014-06": {
            "month": "2014-06",
            "price": "38.50",
            "revenue": 48192
        },
        "2014-07": {
            "month": "2014-07",
            "price": "41.61",
            "revenue": 75217
        },
        "2014-08": {
            "month": "2014-08",
            "price": "40.20",
            "revenue": 42593
        },
        "2014-09": {
            "month": "2014-09",
            "price": "39.17",
            "revenue": 48718
        },
        "2014-10": {
            "month": "2014-10",
            "price": "33.06",
            "revenue": 54133
        },
        "2014-11": {
            "month": "2014-11",
            "price": "33.22",
            "revenue": 57773
        },
        "2014-12": {
            "month": "2014-12",
            "price": "36.78",
            "revenue": 66955
        },
        "2015-01": {
            "month": "2015-01",
            "price": "36.31",
            "revenue": 52559
        },
        "2015-02": {
            "month": "2015-02",
            "price": "36.17",
            "revenue": 23887
        },
        "2015-03": {
            "month": "2015-03",
            "price": "33.96",
            "revenue": 38581
        },
        "2015-04": {
            "month": "2015-04",
            "price": "33.98",
            "revenue": 52501
        },
        "2015-05": {
            "month": "2015-05",
            "price": "27.79",
            "revenue": 53364
        },
        "2015-06": {
            "month": "2015-06",
            "price": "27.28",
            "revenue": 51283
        },
        "2015-07": {
            "month": "2015-07",
            "price": "31.12",
            "revenue": 81149
        },
        "2015-08": {
            "month": "2015-08",
            "price": "29.81",
            "revenue": 83441
        },
        "2015-09": {
            "month": "2015-09",
            "price": "31.31",
            "revenue": 137636
        },
        "2015-10": {
            "month": "2015-10",
            "price": "35.90",
            "revenue": 105248
        },
        "2015-11": {
            "month": "2015-11",
            "price": "33.20",
            "revenue": 59995
        },
        "2015-12": {
            "month": "2015-12",
            "price": "29.25",
            "revenue": 29664
        },
        "2016-01": {
            "month": "2016-01",
            "price": "26.90",
            "revenue": 57161
        },
        "2016-02": {
            "month": "2016-02",
            "price": "26.01",
            "revenue": 25074
        },
        "2016-03": {
            "month": "2016-03",
            "price": "27.84",
            "revenue": 27675
        },
        "2016-04": {
            "month": "2016-04",
            "price": "28.54",
            "revenue": 33200
        },
        "2016-05": {
            "month": "2016-05",
            "price": "27.41",
            "revenue": 43939
        },
        "2016-06": {
            "month": "2016-06",
            "price": "26.85",
            "revenue": 36679
        },
        "2016-07": {
            "month": "2016-07",
            "price": "27.32",
            "revenue": 55706
        },
        "2016-08": {
            "month": "2016-08",
            "price": "26.48",
            "revenue": 60666
        },
        "2016-09": {
            "month": "2016-09",
            "price": "25.80",
            "revenue": 60172
        },
        "2016-10": {
            "month": "2016-10",
            "price": "26.33",
            "revenue": 58599
        },
        "2016-11": {
            "month": "2016-11",
            "price": "26.76",
            "revenue": 44685
        },
        "2016-12": {
            "month": "2016-12",
            "price": "26.01",
            "revenue": 38063
        },
        "2017-01": {
            "month": "2017-01",
            "price": "25.89",
            "revenue": 48933
        },
        "2017-02": {
            "month": "2017-02",
            "price": "28.10",
            "revenue": 46985
        },
        "2017-03": {
            "month": "2017-03",
            "price": "39.20",
            "revenue": 53162
        },
        "2017-04": {
            "month": "2017-04",
            "price": "45.70",
            "revenue": 43093
        },
        "2017-05": {
            "month": "2017-05",
            "price": "41.64",
            "revenue": 54611
        },
        "2017-06": {
            "month": "2017-06",
            "price": "47.27",
            "revenue": 253667
        },
        "2017-07": {
            "month": "2017-07",
            "price": "63.50",
            "revenue": 308509
        },
        "2017-08": {
            "month": "2017-08",
            "price": "51.46",
            "revenue": 103571
        },
        "2017-09": {
            "month": "2017-09",
            "price": "49.01",
            "revenue": 125145
        },
        "2017-10": {
            "month": "2017-10",
            "price": "44.73",
            "revenue": 98672
        },
        "2017-11": {
            "month": "2017-11",
            "price": "39.76",
            "revenue": 131706
        },
        "2017-12": {
            "month": "2017-12",
            "price": "36.71",
            "revenue": 126647
        },
        "2018-01": {
            "month": "2018-01",
            "price": "36.93",
            "revenue": 101662
        },
        "2018-02": {
            "month": "2018-02",
            "price": "37.20",
            "revenue": 27585
        },
        "2018-03": {
            "month": "2018-03",
            "price": "38.71",
            "revenue": 47555
        },
        "2018-04": {
            "month": "2018-04",
            "price": "40.21",
            "revenue": 45793
        },
        "2018-05": {
            "month": "2018-05",
            "price": "39.90",
            "revenue": 146653
        },
        "2018-06": {
            "month": "2018-06",
            "price": "39.78",
            "revenue": 87574
        },
        "2018-07": {
            "month": "2018-07",
            "price": "37.30",
            "revenue": 87649
        },
        "2018-08": {
            "month": "2018-08",
            "price": "37.52",
            "revenue": 91750
        },
        "2018-09": {
            "month": "2018-09",
            "price": "35.17",
            "revenue": 71482
        },
        "2018-10": {
            "month": "2018-10",
            "price": "29.72",
            "revenue": 51820
        },
        "2018-11": {
            "month": "2018-11",
            "price": "28.22",
            "revenue": 66421
        },
        "2018-12": {
            "month": "2018-12",
            "price": "29.16",
            "revenue": 253537
        },
        "2019-01": {
            "month": "2019-01",
            "price": "29.37",
            "revenue": 225932
        },
        "2019-02": {
            "month": "2019-02",
            "price": "28.57",
            "revenue": 58635
        },
        "2019-03": {
            "month": "2019-03",
            "price": "28.33",
            "revenue": 184163
        },
        "2019-04": {
            "month": "2019-04",
            "price": "30.93",
            "revenue": 102619
        },
        "2019-05": {
            "month": "2019-05",
            "price": "29.96",
            "revenue": 119000
        },
        "2019-06": {
            "month": "2019-06",
            "price": "29.56",
            "revenue": 72170
        },
        "2019-07": {
            "month": "2019-07",
            "price": "29.22",
            "revenue": 81079
        },
        "2019-08": {
            "month": "2019-08",
            "price": "28.74",
            "revenue": 59904
        },
        "2019-09": {
            "month": "2019-09",
            "price": "29.70",
            "revenue": 84937
        },
        "2019-10": {
            "month": "2019-10",
            "price": "29.57",
            "revenue": 100100
        },
        "2019-11": {
            "month": "2019-11",
            "price": "29.99",
            "revenue": 108266
        },
        "2019-12": {
            "month": "2019-12",
            "price": "31.02",
            "revenue": 124036
        },
        "2020-01": {
            "month": "2020-01",
            "price": "30.42",
            "revenue": 159200
        },
        "2020-02": {
            "month": "2020-02",
            "price": "29.53",
            "revenue": 13979
        },
        "2020-03": {
            "month": "2020-03",
            "price": "26.66",
            "revenue": 87840
        },
        "2020-04": {
            "month": "2020-04",
            "price": "26.42",
            "revenue": 217128
        },
        "2020-05": {
            "month": "2020-05",
            "price": "29.04",
            "revenue": 381516
        },
        "2020-06": {
            "month": "2020-06",
            "price": "29.33",
            "revenue": 384510
        },
        "2020-07": {
            "month": "2020-07",
            "price": "28.28",
            "revenue": 238891
        },
        "2020-08": {
            "month": "2020-08",
            "price": "28.44",
            "revenue": 135968
        },
        "2020-09": {
            "month": "2020-09",
            "price": "27.23",
            "revenue": 101409
        },
        "2020-10": {
            "month": "2020-10",
            "price": "26.35",
            "revenue": 87532
        },
        "2020-11": {
            "month": "2020-11",
            "price": "26.34",
            "revenue": 403657
        },
        "2020-12": {
            "month": "2020-12",
            "price": "28.48",
            "revenue": 200096
        },
        "2021-01": {
            "month": "2021-01",
            "price": "28.58",
            "revenue": 534591
        },
        "2021-02": {
            "month": "2021-02",
            "price": "31.97",
            "revenue": 95490
        },
        "2021-03": {
            "month": "2021-03",
            "price": "37.32",
            "revenue": 28331
        },
        "2021-04": {
            "month": "2021-04",
            "price": "38.23",
            "revenue": 119634
        },
        "2021-05": {
            "month": "2021-05",
            "price": "34.32",
            "revenue": 237307
        },
        "2021-06": {
            "month": "2021-06",
            "price": "32.26",
            "revenue": 288323
        },
        "2021-07": {
            "month": "2021-07",
            "price": "33.20",
            "revenue": 275626
        },
        "2021-08": {
            "month": "2021-08",
            "price": "31.42",
            "revenue": 108241
        },
        "2021-09": {
            "month": "2021-09",
            "price": "29.36",
            "revenue": 164279
        },
        "2021-10": {
            "month": "2021-10",
            "price": "29.05",
            "revenue": 125519
        },
        "2021-11": {
            "month": "2021-11",
            "price": "32.43",
            "revenue": 108680
        },
        "2021-12": {
            "month": "2021-12",
            "price": "33.34",
            "revenue": 126538
        },
        "2022-01": {
            "month": "2022-01",
            "price": "32.92",
            "revenue": 303914
        },
        "2022-02": {
            "month": "2022-02",
            "price": "33.01",
            "revenue": 147710
        },
        "2022-03": {
            "month": "2022-03",
            "price": "33.25",
            "revenue": 237448
        },
        "2022-04": {
            "month": "2022-04",
            "price": "34.46",
            "revenue": 174680
        },
        "2022-05": {
            "month": "2022-05",
            "price": "33.35",
            "revenue": 438282
        },
        "2022-06": {
            "month": "2022-06",
            "price": "34.28",
            "revenue": 420024
        },
        "2022-07": {
            "month": "2022-07",
            "price": "31.27",
            "revenue": 336823
        },
        "2022-08": {
            "month": "2022-08",
            "price": "31.38",
            "revenue": 73817
        },
        "2022-09": {
            "month": "2022-09",
            "price": "30.61",
            "revenue": 48017
        },
        "2022-10": {
            "month": "2022-10",
            "price": "29.02",
            "revenue": 16168
        },
        "2022-11": {
            "month": "2022-11",
            "price": "28.88",
            "revenue": 18503
        },
        "2022-12": {
            "month": "2022-12",
            "price": "28.90",
            "revenue": 26206
        },
        "2023-01": {
            "month": "2023-01",
            "price": "28.60",
            "revenue": 17556
        },
        "2023-02": {
            "month": "2023-02",
            "price": "28.75",
            "revenue": 259295
        },
        "2023-03": {
            "month": "2023-03",
            "price": "30.52",
            "revenue": 616192
        },
        "2023-04": {
            "month": "2023-04",
            "price": "32.69",
            "revenue": 192815
        },
        "2023-05": {
            "month": "2023-05",
            "price": "32.46",
            "revenue": 54577
        }
    }
}
