{
    "summary": {
        "stock_name": "昱晶",
        "stock_id": "3514",
        "category": "光電",
        "main_business": "太陽能電池",
        "website_url": "",
        "ceo": "潘文輝",
        "pe_ratio": -5,
        "report_year_from": 2006,
        "report_year_to": 2018,
        "age": 17,
        "eps_negative_percentage": 69,
        "eps_growth_avg": {
            "last_all": 0,
            "last_2y": null,
            "last_4y": null,
            "last_8y": -100,
            "last_12y": null,
            "last_16y": null,
            "last_20y": null,
            "at_2006_last_3y": null,
            "at_2007_last_3y": null,
            "at_2008_last_3y": null,
            "at_2009_last_3y": null,
            "at_2010_last_3y": 33.33,
            "at_2011_last_3y": -33.33,
            "at_2012_last_3y": -100,
            "at_2013_last_3y": -100,
            "at_2014_last_3y": -100,
            "at_2015_last_3y": null,
            "at_2016_last_3y": null,
            "at_2017_last_3y": null,
            "at_2018_last_3y": null,
            "at_2019_last_3y": null,
            "at_2020_last_3y": null,
            "at_2021_last_3y": null,
            "at_2022_last_3y": null,
            "at_2023_last_3y": null,
            "at_2006_last_all": null,
            "at_2007_last_all": null,
            "at_2008_last_all": 100,
            "at_2009_last_all": 33.33,
            "at_2010_last_all": 33.33,
            "at_2011_last_all": 0,
            "at_2012_last_all": 0,
            "at_2013_last_all": 0,
            "at_2014_last_all": 0,
            "at_2015_last_all": 0,
            "at_2016_last_all": 0,
            "at_2017_last_all": 0,
            "at_2018_last_all": 0,
            "at_2019_last_all": 0,
            "at_2020_last_all": 0,
            "at_2021_last_all": 0,
            "at_2022_last_all": 0,
            "at_2023_last_all": 0
        },
        "latest_eps": -2.45,
        "latest_price": 12.5,
        "latest_roe": -12.13,
        "latest_gross_margin": -19.84,
        "latest_equity": 9953081,
        "latest_revenue": 2086227,
        "latest_gross_profit": -413951,
        "latest_net_income": -352618,
        "latest_debt_ratio": 44.57,
        "latest_current_ratio": 225.03,
        "latest_account_receivable_turnover_ratio": 1.3,
        "latest_inventory_turnover_ratio": 2.37,
        "latest_reinvestment_rate": null,
        "latest_research_to_sale_ratio": 1.82
    },
    "eps_dividends": {
        "2001": {
            "cash": 0,
            "stock": 0,
            "eps": 0
        },
        "2002": {
            "cash": 0,
            "stock": 0,
            "eps": 0
        },
        "2003": {
            "cash": 0,
            "stock": 0,
            "eps": 0
        },
        "2004": {
            "cash": 0,
            "stock": 0,
            "eps": 0
        },
        "2005": {
            "cash": 0,
            "stock": 0,
            "eps": 0
        },
        "2006": {
            "cash": 0,
            "stock": 0,
            "eps": 0.68
        },
        "2007": {
            "cash": 0,
            "stock": 0,
            "eps": 5.13
        },
        "2008": {
            "cash": 0,
            "stock": 3,
            "eps": 13.66
        },
        "2009": {
            "cash": 0,
            "stock": 4,
            "eps": -0.94
        },
        "2010": {
            "cash": 0.4,
            "stock": 0.1,
            "eps": 13.46
        },
        "2011": {
            "cash": 6,
            "stock": 0.5,
            "eps": -4.63
        },
        "2012": {
            "cash": 0,
            "stock": 0,
            "eps": -5.68
        },
        "2013": {
            "cash": 0,
            "stock": 0,
            "eps": -1.79
        },
        "2014": {
            "cash": 0,
            "stock": 0,
            "eps": -0.93
        },
        "2015": {
            "cash": 0,
            "stock": 0,
            "eps": -0.36
        },
        "2016": {
            "cash": 0,
            "stock": 0,
            "eps": -5.02
        },
        "2017": {
            "cash": 0,
            "stock": 0,
            "eps": -2.99
        },
        "2018": {
            "cash": 0,
            "stock": 0,
            "eps": -1.73
        }
    },
    "dividends": {
        "2008-01-15": {
            "cash": 0,
            "stock": 3
        },
        "2009-04-28": {
            "cash": 0,
            "stock": 4
        },
        "2010-04-29": {
            "cash": 0.4,
            "stock": 0.1
        },
        "2011-04-27": {
            "cash": 6,
            "stock": 0.5
        }
    },
    "prices": {
        "200101": "無",
        "200102": "無",
        "200103": "無",
        "200104": "無",
        "200105": "無",
        "200106": "無",
        "200107": "無",
        "200108": "無",
        "200109": "無",
        "200110": "無",
        "200111": "無",
        "200112": "無",
        "200201": "無",
        "200202": "無",
        "200203": "無",
        "200204": "無",
        "200205": "無",
        "200206": "無",
        "200207": "無",
        "200208": "無",
        "200209": "無",
        "200210": "無",
        "200211": "無",
        "200212": "無",
        "200301": "無",
        "200302": "無",
        "200303": "無",
        "200304": "無",
        "200305": "無",
        "200306": "無",
        "200307": "無",
        "200308": "無",
        "200309": "無",
        "200310": "無",
        "200311": "無",
        "200312": "無",
        "200401": "無",
        "200402": "無",
        "200403": "無",
        "200404": "無",
        "200405": "無",
        "200406": "無",
        "200407": "無",
        "200408": "無",
        "200409": "無",
        "200410": "無",
        "200411": "無",
        "200412": "無",
        "200501": "無",
        "200502": "無",
        "200503": "無",
        "200504": "無",
        "200505": "無",
        "200506": "無",
        "200507": "無",
        "200508": "無",
        "200509": "無",
        "200510": "無",
        "200511": "無",
        "200512": "無",
        "200601": "無",
        "200602": "無",
        "200603": "無",
        "200604": "無",
        "200605": "無",
        "200606": "無",
        "200607": "無",
        "200608": "無",
        "200609": "無",
        "200610": "無",
        "200611": "無",
        "200612": "282.83",
        "200701": "269.36",
        "200702": "269.59",
        "200703": "244.56",
        "200704": "208.27",
        "200705": "219.71",
        "200706": "265.17",
        "200707": "351.22",
        "200708": "273.55",
        "200709": "264.87",
        "200710": "332.10",
        "200711": "315.26",
        "200712": "286.10",
        "200801": "275.93",
        "200802": "198.75",
        "200803": "206.50",
        "200804": "272.14",
        "200805": "275.57",
        "200806": "226.83",
        "200807": "209.68",
        "200808": "222.38",
        "200809": "197.57",
        "200810": "141.98",
        "200811": "84.46",
        "200812": "64.32",
        "200901": "73.37",
        "200902": "71.12",
        "200903": "71.33",
        "200904": "72.14",
        "200905": "65.99",
        "200906": "67.30",
        "200907": "65.55",
        "200908": "55.36",
        "200909": "46.33",
        "200910": "52.46",
        "200911": "68.53",
        "200912": "95.72",
        "201001": "85.83",
        "201002": "81.79",
        "201003": "92.73",
        "201004": "98.10",
        "201005": "85.65",
        "201006": "82.85",
        "201007": "95.52",
        "201008": "99.14",
        "201009": "94.68",
        "201010": "85.20",
        "201011": "86.01",
        "201012": "84.33",
        "201101": "87.77",
        "201102": "91.79",
        "201103": "92.80",
        "201104": "84.55",
        "201105": "71.44",
        "201106": "67.50",
        "201107": "70.88",
        "201108": "48.86",
        "201109": "40.33",
        "201110": "40.90",
        "201111": "31.43",
        "201112": "29.98",
        "201201": "36.55",
        "201202": "42.52",
        "201203": "37.81",
        "201204": "30.62",
        "201205": "32.89",
        "201206": "35.93",
        "201207": "31.66",
        "201208": "29.12",
        "201209": "30.62",
        "201210": "25.85",
        "201211": "23.53",
        "201212": "25.96",
        "201301": "30.13",
        "201302": "28.38",
        "201303": "28.00",
        "201304": "26.70",
        "201305": "31.55",
        "201306": "29.52",
        "201307": "28.77",
        "201308": "26.28",
        "201309": "27.04",
        "201310": "31.38",
        "201311": "31.84",
        "201312": "31.60",
        "201401": "34.83",
        "201402": "29.39",
        "201403": "28.95",
        "201404": "30.73",
        "201405": "32.68",
        "201406": "33.92",
        "201407": "30.05",
        "201408": "27.43",
        "201409": "27.05",
        "201410": "24.66",
        "201411": "21.91",
        "201412": "21.34",
        "201501": "21.92",
        "201502": "21.73",
        "201503": "22.21",
        "201504": "21.41",
        "201505": "18.01",
        "201506": "17.43",
        "201507": "19.76",
        "201508": "14.91",
        "201509": "14.72",
        "201510": "20.07",
        "201511": "24.52",
        "201512": "28.50",
        "201601": "32.17",
        "201602": "32.08",
        "201603": "28.69",
        "201604": "23.81",
        "201605": "22.72",
        "201606": "23.90",
        "201607": "24.48",
        "201608": "21.79",
        "201609": "21.07",
        "201610": "23.67",
        "201611": "19.05",
        "201612": "18.52",
        "201701": "20.40",
        "201702": "19.36",
        "201703": "18.05",
        "201704": "16.97",
        "201705": "16.49",
        "201706": "16.16",
        "201707": "16.12",
        "201708": "15.82",
        "201709": "17.58",
        "201710": "18.82",
        "201711": "18.63",
        "201712": "16.98",
        "201801": "17.82",
        "201802": "16.27",
        "201803": "16.28",
        "201804": "15.78",
        "201805": "15.41",
        "201806": "13.88",
        "201807": "12.56",
        "201808": "12.45",
        "201809": "12.84",
        "201810": "無",
        "201811": "無",
        "201812": "無",
        "201901": "無",
        "201902": "無",
        "201903": "無",
        "201904": "無",
        "201905": "無",
        "201906": "無",
        "201907": "無",
        "201908": "無",
        "201909": "無",
        "201910": "無",
        "201911": "無",
        "201912": "無",
        "202001": "無",
        "202002": "無",
        "202003": "無",
        "202004": "無",
        "202005": "無",
        "202006": "無",
        "202007": "無",
        "202008": "無",
        "202009": "無",
        "202010": "無",
        "202011": "無",
        "202012": "無",
        "202101": "無",
        "202102": "無",
        "202103": "無",
        "202104": "無",
        "202105": "無",
        "202106": "無",
        "202107": "無",
        "202108": "無",
        "202109": "無",
        "202110": "無",
        "202111": "無",
        "202112": "無",
        "202201": "無",
        "202202": "無",
        "202203": "無",
        "202204": "無",
        "202205": "無",
        "202206": "無",
        "202207": "無",
        "202208": "無",
        "202209": "無",
        "202210": "無",
        "202211": "無",
        "202212": "無",
        "202301": "無",
        "202302": "無",
        "202303": "無",
        "202304": "無",
        "202305": "無",
        "202306": "無"
    },
    "quarters": {
        "20011": {
            "year_quarter": 20011,
            "year": 2001,
            "quarter": 1,
            "eps": null,
            "eps_growth_year": null,
            "eps_4q": null,
            "eps_4q_growth_year": null,
            "roe": null,
            "roe_4q": 0,
            "gross_profit": null,
            "gross_margin": null,
            "gross_margin_4q_avg": 0,
            "net_income": null,
            "revenue": null,
            "common_shares": null,
            "book_valuer_per_share": null,
            "book_valuer_per_share_4q_avg": 0,
            "equity": null,
            "current_ratio": null,
            "debt_ratio": null,
            "inventory_turnover_ratio": null,
            "account_receivable_turnover_ratio": null,
            "reinvestment_rate": null,
            "research_to_sale_ratio": null,
            "price_fair": 0,
            "eps_avg_yearly": 0,
            "eps_latest_yearly": 0,
            "eps_growth_yearly": 0
        },
        "20012": {
            "year_quarter": 20012,
            "year": 2001,
            "quarter": 2,
            "eps": null,
            "eps_growth_year": null,
            "eps_4q": null,
            "eps_4q_growth_year": null,
            "roe": null,
            "roe_4q": 0,
            "gross_profit": null,
            "gross_margin": null,
            "gross_margin_4q_avg": 0,
            "net_income": null,
            "revenue": null,
            "common_shares": null,
            "book_valuer_per_share": null,
            "book_valuer_per_share_4q_avg": 0,
            "equity": null,
            "current_ratio": null,
            "debt_ratio": null,
            "inventory_turnover_ratio": null,
            "account_receivable_turnover_ratio": null,
            "reinvestment_rate": null,
            "research_to_sale_ratio": null,
            "price_fair": 0,
            "eps_avg_yearly": 0,
            "eps_latest_yearly": 0,
            "eps_growth_yearly": 0
        },
        "20013": {
            "year_quarter": 20013,
            "year": 2001,
            "quarter": 3,
            "eps": null,
            "eps_growth_year": null,
            "eps_4q": null,
            "eps_4q_growth_year": null,
            "roe": null,
            "roe_4q": 0,
            "gross_profit": null,
            "gross_margin": null,
            "gross_margin_4q_avg": 0,
            "net_income": null,
            "revenue": null,
            "common_shares": null,
            "book_valuer_per_share": null,
            "book_valuer_per_share_4q_avg": 0,
            "equity": null,
            "current_ratio": null,
            "debt_ratio": null,
            "inventory_turnover_ratio": null,
            "account_receivable_turnover_ratio": null,
            "reinvestment_rate": null,
            "research_to_sale_ratio": null,
            "price_fair": 0,
            "eps_avg_yearly": 0,
            "eps_latest_yearly": 0,
            "eps_growth_yearly": 0
        },
        "20014": {
            "year_quarter": 20014,
            "year": 2001,
            "quarter": 4,
            "eps": null,
            "eps_growth_year": null,
            "eps_4q": null,
            "eps_4q_growth_year": null,
            "roe": null,
            "roe_4q": 0,
            "gross_profit": null,
            "gross_margin": null,
            "gross_margin_4q_avg": 0,
            "net_income": null,
            "revenue": null,
            "common_shares": null,
            "book_valuer_per_share": null,
            "book_valuer_per_share_4q_avg": 0,
            "equity": null,
            "current_ratio": null,
            "debt_ratio": null,
            "inventory_turnover_ratio": null,
            "account_receivable_turnover_ratio": null,
            "reinvestment_rate": null,
            "research_to_sale_ratio": null,
            "price_fair": 0,
            "eps_avg_yearly": 0,
            "eps_latest_yearly": 0,
            "eps_growth_yearly": 0
        },
        "20021": {
            "year_quarter": 20021,
            "year": 2002,
            "quarter": 1,
            "eps": null,
            "eps_growth_year": null,
            "eps_4q": null,
            "eps_4q_growth_year": null,
            "roe": null,
            "roe_4q": 0,
            "gross_profit": null,
            "gross_margin": null,
            "gross_margin_4q_avg": 0,
            "net_income": null,
            "revenue": null,
            "common_shares": null,
            "book_valuer_per_share": null,
            "book_valuer_per_share_4q_avg": 0,
            "equity": null,
            "current_ratio": null,
            "debt_ratio": null,
            "inventory_turnover_ratio": null,
            "account_receivable_turnover_ratio": null,
            "reinvestment_rate": null,
            "research_to_sale_ratio": null,
            "price_fair": 0,
            "eps_avg_yearly": 0,
            "eps_latest_yearly": 0,
            "eps_growth_yearly": 0
        },
        "20022": {
            "year_quarter": 20022,
            "year": 2002,
            "quarter": 2,
            "eps": null,
            "eps_growth_year": null,
            "eps_4q": null,
            "eps_4q_growth_year": null,
            "roe": null,
            "roe_4q": 0,
            "gross_profit": null,
            "gross_margin": null,
            "gross_margin_4q_avg": 0,
            "net_income": null,
            "revenue": null,
            "common_shares": null,
            "book_valuer_per_share": null,
            "book_valuer_per_share_4q_avg": 0,
            "equity": null,
            "current_ratio": null,
            "debt_ratio": null,
            "inventory_turnover_ratio": null,
            "account_receivable_turnover_ratio": null,
            "reinvestment_rate": null,
            "research_to_sale_ratio": null,
            "price_fair": 0,
            "eps_avg_yearly": 0,
            "eps_latest_yearly": 0,
            "eps_growth_yearly": 0
        },
        "20023": {
            "year_quarter": 20023,
            "year": 2002,
            "quarter": 3,
            "eps": null,
            "eps_growth_year": null,
            "eps_4q": null,
            "eps_4q_growth_year": null,
            "roe": null,
            "roe_4q": 0,
            "gross_profit": null,
            "gross_margin": null,
            "gross_margin_4q_avg": 0,
            "net_income": null,
            "revenue": null,
            "common_shares": null,
            "book_valuer_per_share": null,
            "book_valuer_per_share_4q_avg": 0,
            "equity": null,
            "current_ratio": null,
            "debt_ratio": null,
            "inventory_turnover_ratio": null,
            "account_receivable_turnover_ratio": null,
            "reinvestment_rate": null,
            "research_to_sale_ratio": null,
            "price_fair": 0,
            "eps_avg_yearly": 0,
            "eps_latest_yearly": 0,
            "eps_growth_yearly": 0
        },
        "20024": {
            "year_quarter": 20024,
            "year": 2002,
            "quarter": 4,
            "eps": null,
            "eps_growth_year": null,
            "eps_4q": null,
            "eps_4q_growth_year": null,
            "roe": null,
            "roe_4q": 0,
            "gross_profit": null,
            "gross_margin": null,
            "gross_margin_4q_avg": 0,
            "net_income": null,
            "revenue": null,
            "common_shares": null,
            "book_valuer_per_share": null,
            "book_valuer_per_share_4q_avg": 0,
            "equity": null,
            "current_ratio": null,
            "debt_ratio": null,
            "inventory_turnover_ratio": null,
            "account_receivable_turnover_ratio": null,
            "reinvestment_rate": null,
            "research_to_sale_ratio": null,
            "price_fair": 0,
            "eps_avg_yearly": 0,
            "eps_latest_yearly": 0,
            "eps_growth_yearly": 0
        },
        "20031": {
            "year_quarter": 20031,
            "year": 2003,
            "quarter": 1,
            "eps": null,
            "eps_growth_year": null,
            "eps_4q": null,
            "eps_4q_growth_year": null,
            "roe": null,
            "roe_4q": 0,
            "gross_profit": null,
            "gross_margin": null,
            "gross_margin_4q_avg": 0,
            "net_income": null,
            "revenue": null,
            "common_shares": null,
            "book_valuer_per_share": null,
            "book_valuer_per_share_4q_avg": 0,
            "equity": null,
            "current_ratio": null,
            "debt_ratio": null,
            "inventory_turnover_ratio": null,
            "account_receivable_turnover_ratio": null,
            "reinvestment_rate": null,
            "research_to_sale_ratio": null,
            "price_fair": 0,
            "eps_avg_yearly": 0,
            "eps_latest_yearly": 0,
            "eps_growth_yearly": 0
        },
        "20032": {
            "year_quarter": 20032,
            "year": 2003,
            "quarter": 2,
            "eps": null,
            "eps_growth_year": null,
            "eps_4q": null,
            "eps_4q_growth_year": null,
            "roe": null,
            "roe_4q": 0,
            "gross_profit": null,
            "gross_margin": null,
            "gross_margin_4q_avg": 0,
            "net_income": null,
            "revenue": null,
            "common_shares": null,
            "book_valuer_per_share": null,
            "book_valuer_per_share_4q_avg": 0,
            "equity": null,
            "current_ratio": null,
            "debt_ratio": null,
            "inventory_turnover_ratio": null,
            "account_receivable_turnover_ratio": null,
            "reinvestment_rate": null,
            "research_to_sale_ratio": null,
            "price_fair": 0,
            "eps_avg_yearly": 0,
            "eps_latest_yearly": 0,
            "eps_growth_yearly": 0
        },
        "20033": {
            "year_quarter": 20033,
            "year": 2003,
            "quarter": 3,
            "eps": null,
            "eps_growth_year": null,
            "eps_4q": null,
            "eps_4q_growth_year": null,
            "roe": null,
            "roe_4q": 0,
            "gross_profit": null,
            "gross_margin": null,
            "gross_margin_4q_avg": 0,
            "net_income": null,
            "revenue": null,
            "common_shares": null,
            "book_valuer_per_share": null,
            "book_valuer_per_share_4q_avg": 0,
            "equity": null,
            "current_ratio": null,
            "debt_ratio": null,
            "inventory_turnover_ratio": null,
            "account_receivable_turnover_ratio": null,
            "reinvestment_rate": null,
            "research_to_sale_ratio": null,
            "price_fair": 0,
            "eps_avg_yearly": 0,
            "eps_latest_yearly": 0,
            "eps_growth_yearly": 0
        },
        "20034": {
            "year_quarter": 20034,
            "year": 2003,
            "quarter": 4,
            "eps": null,
            "eps_growth_year": null,
            "eps_4q": null,
            "eps_4q_growth_year": null,
            "roe": null,
            "roe_4q": 0,
            "gross_profit": null,
            "gross_margin": null,
            "gross_margin_4q_avg": 0,
            "net_income": null,
            "revenue": null,
            "common_shares": null,
            "book_valuer_per_share": null,
            "book_valuer_per_share_4q_avg": 0,
            "equity": null,
            "current_ratio": null,
            "debt_ratio": null,
            "inventory_turnover_ratio": null,
            "account_receivable_turnover_ratio": null,
            "reinvestment_rate": null,
            "research_to_sale_ratio": null,
            "price_fair": 0,
            "eps_avg_yearly": 0,
            "eps_latest_yearly": 0,
            "eps_growth_yearly": 0
        },
        "20041": {
            "year_quarter": 20041,
            "year": 2004,
            "quarter": 1,
            "eps": null,
            "eps_growth_year": null,
            "eps_4q": null,
            "eps_4q_growth_year": null,
            "roe": null,
            "roe_4q": 0,
            "gross_profit": null,
            "gross_margin": null,
            "gross_margin_4q_avg": 0,
            "net_income": null,
            "revenue": null,
            "common_shares": null,
            "book_valuer_per_share": null,
            "book_valuer_per_share_4q_avg": 0,
            "equity": null,
            "current_ratio": null,
            "debt_ratio": null,
            "inventory_turnover_ratio": null,
            "account_receivable_turnover_ratio": null,
            "reinvestment_rate": null,
            "research_to_sale_ratio": null,
            "price_fair": 0,
            "eps_avg_yearly": 0,
            "eps_latest_yearly": 0,
            "eps_growth_yearly": 0
        },
        "20042": {
            "year_quarter": 20042,
            "year": 2004,
            "quarter": 2,
            "eps": null,
            "eps_growth_year": null,
            "eps_4q": null,
            "eps_4q_growth_year": null,
            "roe": null,
            "roe_4q": 0,
            "gross_profit": null,
            "gross_margin": null,
            "gross_margin_4q_avg": 0,
            "net_income": null,
            "revenue": null,
            "common_shares": null,
            "book_valuer_per_share": null,
            "book_valuer_per_share_4q_avg": 0,
            "equity": null,
            "current_ratio": null,
            "debt_ratio": null,
            "inventory_turnover_ratio": null,
            "account_receivable_turnover_ratio": null,
            "reinvestment_rate": null,
            "research_to_sale_ratio": null,
            "price_fair": 0,
            "eps_avg_yearly": 0,
            "eps_latest_yearly": 0,
            "eps_growth_yearly": 0
        },
        "20043": {
            "year_quarter": 20043,
            "year": 2004,
            "quarter": 3,
            "eps": null,
            "eps_growth_year": null,
            "eps_4q": null,
            "eps_4q_growth_year": null,
            "roe": null,
            "roe_4q": 0,
            "gross_profit": null,
            "gross_margin": null,
            "gross_margin_4q_avg": 0,
            "net_income": null,
            "revenue": null,
            "common_shares": null,
            "book_valuer_per_share": null,
            "book_valuer_per_share_4q_avg": 0,
            "equity": null,
            "current_ratio": null,
            "debt_ratio": null,
            "inventory_turnover_ratio": null,
            "account_receivable_turnover_ratio": null,
            "reinvestment_rate": null,
            "research_to_sale_ratio": null,
            "price_fair": 0,
            "eps_avg_yearly": 0,
            "eps_latest_yearly": 0,
            "eps_growth_yearly": 0
        },
        "20044": {
            "year_quarter": 20044,
            "year": 2004,
            "quarter": 4,
            "eps": null,
            "eps_growth_year": null,
            "eps_4q": null,
            "eps_4q_growth_year": null,
            "roe": null,
            "roe_4q": 0,
            "gross_profit": null,
            "gross_margin": null,
            "gross_margin_4q_avg": 0,
            "net_income": null,
            "revenue": null,
            "common_shares": null,
            "book_valuer_per_share": null,
            "book_valuer_per_share_4q_avg": 0,
            "equity": null,
            "current_ratio": null,
            "debt_ratio": null,
            "inventory_turnover_ratio": null,
            "account_receivable_turnover_ratio": null,
            "reinvestment_rate": null,
            "research_to_sale_ratio": null,
            "price_fair": 0,
            "eps_avg_yearly": 0,
            "eps_latest_yearly": 0,
            "eps_growth_yearly": 0
        },
        "20051": {
            "year_quarter": 20051,
            "year": 2005,
            "quarter": 1,
            "eps": null,
            "eps_growth_year": null,
            "eps_4q": null,
            "eps_4q_growth_year": null,
            "roe": null,
            "roe_4q": 0,
            "gross_profit": null,
            "gross_margin": null,
            "gross_margin_4q_avg": 0,
            "net_income": null,
            "revenue": null,
            "common_shares": null,
            "book_valuer_per_share": null,
            "book_valuer_per_share_4q_avg": 0,
            "equity": null,
            "current_ratio": null,
            "debt_ratio": null,
            "inventory_turnover_ratio": null,
            "account_receivable_turnover_ratio": null,
            "reinvestment_rate": null,
            "research_to_sale_ratio": null,
            "price_fair": 0,
            "eps_avg_yearly": 0,
            "eps_latest_yearly": 0,
            "eps_growth_yearly": 0
        },
        "20052": {
            "year_quarter": 20052,
            "year": 2005,
            "quarter": 2,
            "eps": null,
            "eps_growth_year": null,
            "eps_4q": null,
            "eps_4q_growth_year": null,
            "roe": null,
            "roe_4q": 0,
            "gross_profit": null,
            "gross_margin": null,
            "gross_margin_4q_avg": 0,
            "net_income": null,
            "revenue": null,
            "common_shares": null,
            "book_valuer_per_share": null,
            "book_valuer_per_share_4q_avg": 0,
            "equity": null,
            "current_ratio": null,
            "debt_ratio": null,
            "inventory_turnover_ratio": null,
            "account_receivable_turnover_ratio": null,
            "reinvestment_rate": null,
            "research_to_sale_ratio": null,
            "price_fair": 0,
            "eps_avg_yearly": 0,
            "eps_latest_yearly": 0,
            "eps_growth_yearly": 0
        },
        "20053": {
            "year_quarter": 20053,
            "year": 2005,
            "quarter": 3,
            "eps": null,
            "eps_growth_year": null,
            "eps_4q": null,
            "eps_4q_growth_year": null,
            "roe": null,
            "roe_4q": 0,
            "gross_profit": null,
            "gross_margin": null,
            "gross_margin_4q_avg": 0,
            "net_income": null,
            "revenue": null,
            "common_shares": null,
            "book_valuer_per_share": null,
            "book_valuer_per_share_4q_avg": 0,
            "equity": null,
            "current_ratio": null,
            "debt_ratio": null,
            "inventory_turnover_ratio": null,
            "account_receivable_turnover_ratio": null,
            "reinvestment_rate": null,
            "research_to_sale_ratio": null,
            "price_fair": 0,
            "eps_avg_yearly": 0,
            "eps_latest_yearly": 0,
            "eps_growth_yearly": 0
        },
        "20054": {
            "year_quarter": 20054,
            "year": 2005,
            "quarter": 4,
            "eps": null,
            "eps_growth_year": null,
            "eps_4q": null,
            "eps_4q_growth_year": null,
            "roe": null,
            "roe_4q": 0,
            "gross_profit": null,
            "gross_margin": null,
            "gross_margin_4q_avg": 0,
            "net_income": null,
            "revenue": null,
            "common_shares": 660000,
            "book_valuer_per_share": 9.68,
            "book_valuer_per_share_4q_avg": 2.42,
            "equity": 638806,
            "current_ratio": 9469,
            "debt_ratio": 0.8,
            "inventory_turnover_ratio": null,
            "account_receivable_turnover_ratio": null,
            "reinvestment_rate": null,
            "research_to_sale_ratio": null,
            "price_fair": 0,
            "eps_avg_yearly": 0,
            "eps_latest_yearly": 0,
            "eps_growth_yearly": 0
        },
        "20061": {
            "year_quarter": 20061,
            "year": 2006,
            "quarter": 1,
            "eps": null,
            "eps_growth_year": null,
            "eps_4q": null,
            "eps_4q_growth_year": null,
            "roe": null,
            "roe_4q": 0,
            "gross_profit": null,
            "gross_margin": null,
            "gross_margin_4q_avg": 0,
            "net_income": null,
            "revenue": null,
            "common_shares": null,
            "book_valuer_per_share": null,
            "book_valuer_per_share_4q_avg": 2.42,
            "equity": null,
            "current_ratio": null,
            "debt_ratio": null,
            "inventory_turnover_ratio": null,
            "account_receivable_turnover_ratio": null,
            "reinvestment_rate": null,
            "research_to_sale_ratio": null,
            "price_fair": 0,
            "eps_avg_yearly": 0,
            "eps_latest_yearly": 0,
            "eps_growth_yearly": 0
        },
        "20062": {
            "year_quarter": 20062,
            "year": 2006,
            "quarter": 2,
            "eps": null,
            "eps_growth_year": null,
            "eps_4q": null,
            "eps_4q_growth_year": null,
            "roe": null,
            "roe_4q": 0,
            "gross_profit": null,
            "gross_margin": null,
            "gross_margin_4q_avg": 0,
            "net_income": null,
            "revenue": null,
            "common_shares": null,
            "book_valuer_per_share": null,
            "book_valuer_per_share_4q_avg": 2.42,
            "equity": null,
            "current_ratio": null,
            "debt_ratio": null,
            "inventory_turnover_ratio": null,
            "account_receivable_turnover_ratio": null,
            "reinvestment_rate": null,
            "research_to_sale_ratio": null,
            "price_fair": 0,
            "eps_avg_yearly": 0,
            "eps_latest_yearly": 0,
            "eps_growth_yearly": 0
        },
        "20063": {
            "year_quarter": 20063,
            "year": 2006,
            "quarter": 3,
            "eps": -0.1,
            "eps_growth_year": null,
            "eps_4q": null,
            "eps_4q_growth_year": null,
            "roe": -1.11,
            "roe_4q": -1.11,
            "gross_profit": 20957,
            "gross_margin": 13.84,
            "gross_margin_4q_avg": 3.46,
            "net_income": -6997,
            "revenue": 151375,
            "common_shares": 704000,
            "book_valuer_per_share": 8.94,
            "book_valuer_per_share_4q_avg": 4.66,
            "equity": 629248,
            "current_ratio": 66.93,
            "debt_ratio": 53.97,
            "inventory_turnover_ratio": 1.07,
            "account_receivable_turnover_ratio": null,
            "reinvestment_rate": null,
            "research_to_sale_ratio": null,
            "price_fair": 0,
            "eps_avg_yearly": 0,
            "eps_latest_yearly": 0,
            "eps_growth_yearly": 0
        },
        "20064": {
            "year_quarter": 20064,
            "year": 2006,
            "quarter": 4,
            "eps": 0.78,
            "eps_growth_year": null,
            "eps_4q": null,
            "eps_4q_growth_year": null,
            "roe": 4.75,
            "roe_4q": 3.6399999999999997,
            "gross_profit": 78334,
            "gross_margin": 19.02,
            "gross_margin_4q_avg": 8.22,
            "net_income": 54526,
            "revenue": 411838,
            "common_shares": 782222,
            "book_valuer_per_share": 21.31,
            "book_valuer_per_share_4q_avg": 7.56,
            "equity": 1667102,
            "current_ratio": 125.76,
            "debt_ratio": 59.62,
            "inventory_turnover_ratio": 0.79,
            "account_receivable_turnover_ratio": null,
            "reinvestment_rate": null,
            "research_to_sale_ratio": null,
            "price_fair": 0,
            "eps_avg_yearly": 0,
            "eps_latest_yearly": 0,
            "eps_growth_yearly": 0
        },
        "20071": {
            "year_quarter": 20071,
            "year": 2007,
            "quarter": 1,
            "eps": 1.53,
            "eps_growth_year": null,
            "eps_4q": null,
            "eps_4q_growth_year": null,
            "roe": 6.66,
            "roe_4q": 10.3,
            "gross_profit": 180479,
            "gross_margin": 24.48,
            "gross_margin_4q_avg": 14.34,
            "net_income": 136339,
            "revenue": 737201,
            "common_shares": 912222,
            "book_valuer_per_share": 26.59,
            "book_valuer_per_share_4q_avg": 14.21,
            "equity": 2425940,
            "current_ratio": 257.85,
            "debt_ratio": 42.69,
            "inventory_turnover_ratio": 0.64,
            "account_receivable_turnover_ratio": null,
            "reinvestment_rate": null,
            "research_to_sale_ratio": null,
            "price_fair": 214.2,
            "eps_avg_yearly": 6.12,
            "eps_latest_yearly": 6.12,
            "eps_growth_yearly": 384.62
        },
        "20072": {
            "year_quarter": 20072,
            "year": 2007,
            "quarter": 2,
            "eps": -0.5,
            "eps_growth_year": null,
            "eps_4q": 1.4,
            "eps_4q_growth_year": null,
            "roe": -1.45,
            "roe_4q": 8.850000000000001,
            "gross_profit": 6117,
            "gross_margin": 0.32,
            "gross_margin_4q_avg": 14.42,
            "net_income": -45804,
            "revenue": 1907019,
            "common_shares": 984222,
            "book_valuer_per_share": 39.43,
            "book_valuer_per_share_4q_avg": 24.07,
            "equity": 3880344,
            "current_ratio": 194.47,
            "debt_ratio": 36.55,
            "inventory_turnover_ratio": 2.39,
            "account_receivable_turnover_ratio": null,
            "reinvestment_rate": null,
            "research_to_sale_ratio": null,
            "price_fair": 214.2,
            "eps_avg_yearly": 6.12,
            "eps_latest_yearly": 6.12,
            "eps_growth_yearly": 384.62
        },
        "20073": {
            "year_quarter": 20073,
            "year": 2007,
            "quarter": 3,
            "eps": 1.08,
            "eps_growth_year": null,
            "eps_4q": 2.64,
            "eps_4q_growth_year": null,
            "roe": 2.55,
            "roe_4q": 12.51,
            "gross_profit": 212805,
            "gross_margin": 13.23,
            "gross_margin_4q_avg": 14.26,
            "net_income": 100260,
            "revenue": 1608539,
            "common_shares": 984222,
            "book_valuer_per_share": 40.45,
            "book_valuer_per_share_4q_avg": 31.95,
            "equity": 3980896,
            "current_ratio": 175.59,
            "debt_ratio": 53.65,
            "inventory_turnover_ratio": 2.04,
            "account_receivable_turnover_ratio": null,
            "reinvestment_rate": null,
            "research_to_sale_ratio": null,
            "price_fair": 214.2,
            "eps_avg_yearly": 6.12,
            "eps_latest_yearly": 6.12,
            "eps_growth_yearly": 384.62
        },
        "20074": {
            "year_quarter": 20074,
            "year": 2007,
            "quarter": 4,
            "eps": 3.02,
            "eps_growth_year": 287.18,
            "eps_4q": 4.97,
            "eps_4q_growth_year": null,
            "roe": 5.53,
            "roe_4q": 13.29,
            "gross_profit": 419474,
            "gross_margin": 16.28,
            "gross_margin_4q_avg": 13.58,
            "net_income": 296205,
            "revenue": 2576441,
            "common_shares": 1142087,
            "book_valuer_per_share": 58.92,
            "book_valuer_per_share_4q_avg": 41.35,
            "equity": 6728731,
            "current_ratio": 191.18,
            "debt_ratio": 43.85,
            "inventory_turnover_ratio": 2.33,
            "account_receivable_turnover_ratio": null,
            "reinvestment_rate": null,
            "research_to_sale_ratio": null,
            "price_fair": 318.5,
            "eps_avg_yearly": 9.1,
            "eps_latest_yearly": 12.08,
            "eps_growth_yearly": 551.57
        },
        "20081": {
            "year_quarter": 20081,
            "year": 2008,
            "quarter": 1,
            "eps": 3.7,
            "eps_growth_year": 141.83,
            "eps_4q": 6.77,
            "eps_4q_growth_year": null,
            "roe": 6.1,
            "roe_4q": 12.73,
            "gross_profit": 611027,
            "gross_margin": 17.42,
            "gross_margin_4q_avg": 11.81,
            "net_income": 422589,
            "revenue": 3507124,
            "common_shares": 1142087,
            "book_valuer_per_share": 62.45,
            "book_valuer_per_share_4q_avg": 50.31,
            "equity": 7132179,
            "current_ratio": 232.49,
            "debt_ratio": 49.87,
            "inventory_turnover_ratio": 3.85,
            "account_receivable_turnover_ratio": null,
            "reinvestment_rate": null,
            "research_to_sale_ratio": null,
            "price_fair": 385,
            "eps_avg_yearly": 11,
            "eps_latest_yearly": 14.8,
            "eps_growth_yearly": 397.73
        },
        "20082": {
            "year_quarter": 20082,
            "year": 2008,
            "quarter": 2,
            "eps": 4.55,
            "eps_growth_year": null,
            "eps_4q": 10.04,
            "eps_4q_growth_year": 615.6,
            "roe": 9.09,
            "roe_4q": 23.27,
            "gross_profit": 851454,
            "gross_margin": 21.15,
            "gross_margin_4q_avg": 17.02,
            "net_income": 679035,
            "revenue": 4025814,
            "common_shares": 1491648,
            "book_valuer_per_share": 52.37,
            "book_valuer_per_share_4q_avg": 53.55,
            "equity": 7811203,
            "current_ratio": 218.53,
            "debt_ratio": 47.32,
            "inventory_turnover_ratio": 7.21,
            "account_receivable_turnover_ratio": null,
            "reinvestment_rate": null,
            "research_to_sale_ratio": null,
            "price_fair": 448,
            "eps_avg_yearly": 12.8,
            "eps_latest_yearly": 18.2,
            "eps_growth_yearly": 321.27
        },
        "20083": {
            "year_quarter": 20083,
            "year": 2008,
            "quarter": 3,
            "eps": 4.71,
            "eps_growth_year": 336.11,
            "eps_4q": 14.08,
            "eps_4q_growth_year": 432.85,
            "roe": 8.61,
            "roe_4q": 29.33,
            "gross_profit": 944633,
            "gross_margin": 20.05,
            "gross_margin_4q_avg": 18.73,
            "net_income": 702572,
            "revenue": 4710817,
            "common_shares": 1491648,
            "book_valuer_per_share": 57.07,
            "book_valuer_per_share_4q_avg": 57.7,
            "equity": 8513112,
            "current_ratio": 192.39,
            "debt_ratio": 56.67,
            "inventory_turnover_ratio": 5.66,
            "account_receivable_turnover_ratio": null,
            "reinvestment_rate": null,
            "research_to_sale_ratio": null,
            "price_fair": 490.28,
            "eps_avg_yearly": 14.01,
            "eps_latest_yearly": 18.84,
            "eps_growth_yearly": 259.83
        },
        "20084": {
            "year_quarter": 20084,
            "year": 2008,
            "quarter": 4,
            "eps": 0.7,
            "eps_growth_year": -76.82,
            "eps_4q": 12.79,
            "eps_4q_growth_year": 157.66,
            "roe": 1.22,
            "roe_4q": 25.020000000000003,
            "gross_profit": 149339,
            "gross_margin": 4.17,
            "gross_margin_4q_avg": 15.7,
            "net_income": 104432,
            "revenue": 3583894,
            "common_shares": 1491648,
            "book_valuer_per_share": 57.82,
            "book_valuer_per_share_4q_avg": 57.43,
            "equity": 8624083,
            "current_ratio": 201.32,
            "debt_ratio": 62.34,
            "inventory_turnover_ratio": 2.04,
            "account_receivable_turnover_ratio": 9.06,
            "reinvestment_rate": null,
            "research_to_sale_ratio": null,
            "price_fair": 424.9,
            "eps_avg_yearly": 12.14,
            "eps_latest_yearly": 2.8,
            "eps_growth_yearly": 159.77
        },
        "20091": {
            "year_quarter": 20091,
            "year": 2009,
            "quarter": 1,
            "eps": -2.35,
            "eps_growth_year": -163.51,
            "eps_4q": 7.53,
            "eps_4q_growth_year": 11.24,
            "roe": -3.87,
            "roe_4q": 15.049999999999999,
            "gross_profit": -214646,
            "gross_margin": -6.82,
            "gross_margin_4q_avg": 9.64,
            "net_income": -359517,
            "revenue": 3146371,
            "common_shares": 1495773,
            "book_valuer_per_share": 66.47,
            "book_valuer_per_share_4q_avg": 58.43,
            "equity": 9942710,
            "current_ratio": 195.84,
            "debt_ratio": 56.02,
            "inventory_turnover_ratio": 1.29,
            "account_receivable_turnover_ratio": 2.36,
            "reinvestment_rate": null,
            "research_to_sale_ratio": null,
            "price_fair": 424.9,
            "eps_avg_yearly": 12.14,
            "eps_latest_yearly": 2.8,
            "eps_growth_yearly": 159.77
        },
        "20092": {
            "year_quarter": 20092,
            "year": 2009,
            "quarter": 2,
            "eps": -4.53,
            "eps_growth_year": -199.56,
            "eps_4q": -3.52,
            "eps_4q_growth_year": -135.09,
            "roe": -11.45,
            "roe_4q": -5.49,
            "gross_profit": -999889,
            "gross_margin": -34.34,
            "gross_margin_4q_avg": -4.24,
            "net_income": -1080059,
            "revenue": 2911549,
            "common_shares": 1796073,
            "book_valuer_per_share": 49.71,
            "book_valuer_per_share_4q_avg": 57.77,
            "equity": 8928830,
            "current_ratio": 164.69,
            "debt_ratio": 60.6,
            "inventory_turnover_ratio": 1.59,
            "account_receivable_turnover_ratio": 1.23,
            "reinvestment_rate": null,
            "research_to_sale_ratio": null,
            "price_fair": 424.9,
            "eps_avg_yearly": 12.14,
            "eps_latest_yearly": 2.8,
            "eps_growth_yearly": 159.77
        },
        "20093": {
            "year_quarter": 20093,
            "year": 2009,
            "quarter": 3,
            "eps": 1.7,
            "eps_growth_year": -63.91,
            "eps_4q": -3.78,
            "eps_4q_growth_year": -126.86,
            "roe": 4.53,
            "roe_4q": -9.569999999999999,
            "gross_profit": 486210,
            "gross_margin": 12.41,
            "gross_margin_4q_avg": -6.15,
            "net_income": 413973,
            "revenue": 3918237,
            "common_shares": 2528480,
            "book_valuer_per_share": 36.98,
            "book_valuer_per_share_4q_avg": 52.75,
            "equity": 9350900,
            "current_ratio": 176.92,
            "debt_ratio": 58.42,
            "inventory_turnover_ratio": 1.76,
            "account_receivable_turnover_ratio": 1.4,
            "reinvestment_rate": null,
            "research_to_sale_ratio": null,
            "price_fair": 424.9,
            "eps_avg_yearly": 12.14,
            "eps_latest_yearly": 2.8,
            "eps_growth_yearly": 159.77
        },
        "20094": {
            "year_quarter": 20094,
            "year": 2009,
            "quarter": 4,
            "eps": 4.24,
            "eps_growth_year": 505.71,
            "eps_4q": 0.22,
            "eps_4q_growth_year": -98.27,
            "roe": 9.7,
            "roe_4q": -1.089999999999999,
            "gross_profit": 1280927,
            "gross_margin": 22.29,
            "gross_margin_4q_avg": -1.62,
            "net_income": 1096100,
            "revenue": 5745866,
            "common_shares": 3181335,
            "book_valuer_per_share": 41.67,
            "book_valuer_per_share_4q_avg": 48.71,
            "equity": 13257955,
            "current_ratio": 179.33,
            "debt_ratio": 42.73,
            "inventory_turnover_ratio": 2.61,
            "account_receivable_turnover_ratio": 6.15,
            "reinvestment_rate": null,
            "research_to_sale_ratio": null,
            "price_fair": 449,
            "eps_avg_yearly": 12.83,
            "eps_latest_yearly": 16.96,
            "eps_growth_yearly": 222.32
        },
        "20101": {
            "year_quarter": 20101,
            "year": 2010,
            "quarter": 1,
            "eps": 3.27,
            "eps_growth_year": null,
            "eps_4q": 4.62,
            "eps_4q_growth_year": -38.69,
            "roe": 7.56,
            "roe_4q": 10.34,
            "gross_profit": 1243607,
            "gross_margin": 22.24,
            "gross_margin_4q_avg": 5.65,
            "net_income": 1042253,
            "revenue": 5592633,
            "common_shares": 3185950,
            "book_valuer_per_share": 44.9,
            "book_valuer_per_share_4q_avg": 43.32,
            "equity": 14303966,
            "current_ratio": 163.03,
            "debt_ratio": 35.5,
            "inventory_turnover_ratio": 2.69,
            "account_receivable_turnover_ratio": 3.33,
            "reinvestment_rate": null,
            "research_to_sale_ratio": 0.35,
            "price_fair": 450.1,
            "eps_avg_yearly": 12.86,
            "eps_latest_yearly": 13.08,
            "eps_growth_yearly": 183.09
        },
        "20102": {
            "year_quarter": 20102,
            "year": 2010,
            "quarter": 2,
            "eps": 3.1,
            "eps_growth_year": null,
            "eps_4q": 11.03,
            "eps_4q_growth_year": null,
            "roe": 6.78,
            "roe_4q": 28.57,
            "gross_profit": 1174561,
            "gross_margin": 16.87,
            "gross_margin_4q_avg": 18.45,
            "net_income": 999172,
            "revenue": 6963087,
            "common_shares": 3187605,
            "book_valuer_per_share": 47.6,
            "book_valuer_per_share_4q_avg": 42.79,
            "equity": 15174274,
            "current_ratio": 152.82,
            "debt_ratio": 34.2,
            "inventory_turnover_ratio": 3.46,
            "account_receivable_turnover_ratio": 3.79,
            "reinvestment_rate": 195.05,
            "research_to_sale_ratio": 0.34,
            "price_fair": 448.31,
            "eps_avg_yearly": 12.81,
            "eps_latest_yearly": 12.4,
            "eps_growth_yearly": 160.44
        },
        "20103": {
            "year_quarter": 20103,
            "year": 2010,
            "quarter": 3,
            "eps": 4.01,
            "eps_growth_year": 135.89,
            "eps_4q": 13.75,
            "eps_4q_growth_year": null,
            "roe": 8.17,
            "roe_4q": 32.209999999999994,
            "gross_profit": 1627265,
            "gross_margin": 21.04,
            "gross_margin_4q_avg": 20.61,
            "net_income": 1292056,
            "revenue": 7732808,
            "common_shares": 3219587,
            "book_valuer_per_share": 51.12,
            "book_valuer_per_share_4q_avg": 46.32,
            "equity": 16471444,
            "current_ratio": 173.85,
            "debt_ratio": 30.63,
            "inventory_turnover_ratio": 3.41,
            "account_receivable_turnover_ratio": 3.41,
            "reinvestment_rate": 143.84,
            "research_to_sale_ratio": 0.31,
            "price_fair": 459.62,
            "eps_avg_yearly": 13.13,
            "eps_latest_yearly": 16.04,
            "eps_growth_yearly": 156.14
        },
        "20104": {
            "year_quarter": 20104,
            "year": 2010,
            "quarter": 4,
            "eps": 3.08,
            "eps_growth_year": -27.45,
            "eps_4q": 13.42,
            "eps_4q_growth_year": 5967.07,
            "roe": 5.84,
            "roe_4q": 28.349999999999998,
            "gross_profit": 1233360,
            "gross_margin": 15.66,
            "gross_margin_4q_avg": 18.95,
            "net_income": 991260,
            "revenue": 7877927,
            "common_shares": 3221922,
            "book_valuer_per_share": 54.2,
            "book_valuer_per_share_4q_avg": 49.46,
            "equity": 17463059,
            "current_ratio": 188.93,
            "debt_ratio": 28.62,
            "inventory_turnover_ratio": 3.81,
            "account_receivable_turnover_ratio": 3.38,
            "reinvestment_rate": 124.73,
            "research_to_sale_ratio": 0.34,
            "price_fair": 457.04,
            "eps_avg_yearly": 13.06,
            "eps_latest_yearly": 12.32,
            "eps_growth_yearly": 133.51
        },
        "20111": {
            "year_quarter": 20111,
            "year": 2011,
            "quarter": 1,
            "eps": 1.32,
            "eps_growth_year": -59.63,
            "eps_4q": 11.51,
            "eps_4q_growth_year": 149.23,
            "roe": 2.41,
            "roe_4q": 23.200000000000003,
            "gross_profit": 616278,
            "gross_margin": 9.85,
            "gross_margin_4q_avg": 15.86,
            "net_income": 425744,
            "revenue": 6255147,
            "common_shares": 3222262,
            "book_valuer_per_share": 55.52,
            "book_valuer_per_share_4q_avg": 52.11,
            "equity": 17890653,
            "current_ratio": 196,
            "debt_ratio": 27.28,
            "inventory_turnover_ratio": 2.97,
            "account_receivable_turnover_ratio": 2.51,
            "reinvestment_rate": 124.22,
            "research_to_sale_ratio": 0.39,
            "price_fair": 454.36,
            "eps_avg_yearly": 12.98,
            "eps_latest_yearly": 5.28,
            "eps_growth_yearly": 77.76
        },
        "20112": {
            "year_quarter": 20112,
            "year": 2011,
            "quarter": 2,
            "eps": -1.79,
            "eps_growth_year": -157.65,
            "eps_4q": 6.21,
            "eps_4q_growth_year": -43.74,
            "roe": -3.64,
            "roe_4q": 12.78,
            "gross_profit": -551423,
            "gross_margin": -14.85,
            "gross_margin_4q_avg": 7.93,
            "net_income": -606209,
            "revenue": 3712398,
            "common_shares": 3222297,
            "book_valuer_per_share": 47.74,
            "book_valuer_per_share_4q_avg": 52.15,
            "equity": 15384238,
            "current_ratio": 112.85,
            "debt_ratio": 36.98,
            "inventory_turnover_ratio": 1.9,
            "account_receivable_turnover_ratio": 1.66,
            "reinvestment_rate": 137.72,
            "research_to_sale_ratio": 0.96,
            "price_fair": 454.36,
            "eps_avg_yearly": 12.98,
            "eps_latest_yearly": 5.28,
            "eps_growth_yearly": 77.76
        },
        "20113": {
            "year_quarter": 20113,
            "year": 2011,
            "quarter": 3,
            "eps": -0.24,
            "eps_growth_year": -105.92,
            "eps_4q": 2.16,
            "eps_4q_growth_year": -84.32,
            "roe": -0.52,
            "roe_4q": 4.09,
            "gross_profit": -16924,
            "gross_margin": -0.36,
            "gross_margin_4q_avg": 2.58,
            "net_income": -80469,
            "revenue": 4707848,
            "common_shares": 3388517,
            "book_valuer_per_share": 45.15,
            "book_valuer_per_share_4q_avg": 50.65,
            "equity": 15299896,
            "current_ratio": 129.48,
            "debt_ratio": 40.02,
            "inventory_turnover_ratio": 1.93,
            "account_receivable_turnover_ratio": 1.96,
            "reinvestment_rate": 150.78,
            "research_to_sale_ratio": 0.71,
            "price_fair": 454.36,
            "eps_avg_yearly": 12.98,
            "eps_latest_yearly": 5.28,
            "eps_growth_yearly": 77.76
        },
        "20114": {
            "year_quarter": 20114,
            "year": 2011,
            "quarter": 4,
            "eps": -3.92,
            "eps_growth_year": -227.42,
            "eps_4q": -4.69,
            "eps_4q_growth_year": -134.94,
            "roe": -9.07,
            "roe_4q": -10.82,
            "gross_profit": -1445585,
            "gross_margin": -34.97,
            "gross_margin_4q_avg": -10.08,
            "net_income": -1328254,
            "revenue": 4134252,
            "common_shares": 3388517,
            "book_valuer_per_share": 41.27,
            "book_valuer_per_share_4q_avg": 47.42,
            "equity": 13984615,
            "current_ratio": 179.66,
            "debt_ratio": 47.16,
            "inventory_turnover_ratio": 2.6,
            "account_receivable_turnover_ratio": 1.36,
            "reinvestment_rate": 175.27,
            "research_to_sale_ratio": 1.85,
            "price_fair": 309.67,
            "eps_avg_yearly": 13.07,
            "eps_latest_yearly": 5.28,
            "eps_growth_yearly": 13.69
        },
        "20121": {
            "year_quarter": 20121,
            "year": 2012,
            "quarter": 1,
            "eps": -0.61,
            "eps_growth_year": -146.21,
            "eps_4q": -6.56,
            "eps_4q_growth_year": -157.01,
            "roe": -1.5,
            "roe_4q": -14.73,
            "gross_profit": 1764,
            "gross_margin": 0.05,
            "gross_margin_4q_avg": -12.53,
            "net_income": -208012,
            "revenue": 3784189,
            "common_shares": 3388517,
            "book_valuer_per_share": 40.71,
            "book_valuer_per_share_4q_avg": 43.72,
            "equity": 13794289,
            "current_ratio": 147.17,
            "debt_ratio": 45.82,
            "inventory_turnover_ratio": 2.06,
            "account_receivable_turnover_ratio": 1.32,
            "reinvestment_rate": 183.23,
            "research_to_sale_ratio": 1.75,
            "price_fair": 195.82,
            "eps_avg_yearly": 12.88,
            "eps_latest_yearly": 5.28,
            "eps_growth_yearly": 5.2
        },
        "20122": {
            "year_quarter": 20122,
            "year": 2012,
            "quarter": 2,
            "eps": -0.47,
            "eps_growth_year": null,
            "eps_4q": -5.24,
            "eps_4q_growth_year": -184.42,
            "roe": -1.15,
            "roe_4q": -12.24,
            "gross_profit": 137313,
            "gross_margin": 3.17,
            "gross_margin_4q_avg": -8.03,
            "net_income": -158453,
            "revenue": 4330592,
            "common_shares": 3388517,
            "book_valuer_per_share": 40.3,
            "book_valuer_per_share_4q_avg": 41.86,
            "equity": 13657074,
            "current_ratio": 144.43,
            "debt_ratio": 47.79,
            "inventory_turnover_ratio": 2.52,
            "account_receivable_turnover_ratio": 1.57,
            "reinvestment_rate": 190.79,
            "research_to_sale_ratio": 1.75,
            "price_fair": 36.65,
            "eps_avg_yearly": 12.22,
            "eps_latest_yearly": 5.28,
            "eps_growth_yearly": -5.63
        },
        "20123": {
            "year_quarter": 20123,
            "year": 2012,
            "quarter": 3,
            "eps": -1.06,
            "eps_growth_year": null,
            "eps_4q": -6.06,
            "eps_4q_growth_year": -381.06,
            "roe": -2.65,
            "roe_4q": -14.370000000000001,
            "gross_profit": -130126,
            "gross_margin": -3.85,
            "gross_margin_4q_avg": -8.9,
            "net_income": -357899,
            "revenue": 3383298,
            "common_shares": 3388517,
            "book_valuer_per_share": 39.54,
            "book_valuer_per_share_4q_avg": 40.46,
            "equity": 13396905,
            "current_ratio": 153.91,
            "debt_ratio": 46.66,
            "inventory_turnover_ratio": 2.21,
            "account_receivable_turnover_ratio": 1.32,
            "reinvestment_rate": 226.66,
            "research_to_sale_ratio": 2.44,
            "price_fair": 33.81,
            "eps_avg_yearly": 11.27,
            "eps_latest_yearly": 5.28,
            "eps_growth_yearly": -8.45
        },
        "20124": {
            "year_quarter": 20124,
            "year": 2012,
            "quarter": 4,
            "eps": -3.54,
            "eps_growth_year": null,
            "eps_4q": -5.68,
            "eps_4q_growth_year": null,
            "roe": -9.39,
            "roe_4q": -14.690000000000001,
            "gross_profit": -666850,
            "gross_margin": -27.02,
            "gross_margin_4q_avg": -6.91,
            "net_income": -1199746,
            "revenue": 2468148,
            "common_shares": 3388517,
            "book_valuer_per_share": 35.91,
            "book_valuer_per_share_4q_avg": 39.12,
            "equity": 12166472,
            "current_ratio": 182.79,
            "debt_ratio": 49.19,
            "inventory_turnover_ratio": 2.02,
            "account_receivable_turnover_ratio": 1.15,
            "reinvestment_rate": 470.21,
            "research_to_sale_ratio": 3.72,
            "price_fair": 443.8,
            "eps_avg_yearly": 12.68,
            "eps_latest_yearly": 5.28,
            "eps_growth_yearly": 46.9
        },
        "20131": {
            "year_quarter": 20131,
            "year": 2013,
            "quarter": 1,
            "eps": -1.45,
            "eps_growth_year": null,
            "eps_4q": -6.49,
            "eps_4q_growth_year": null,
            "roe": -4.12,
            "roe_4q": -17.31,
            "gross_profit": -335624,
            "gross_margin": -11.82,
            "gross_margin_4q_avg": -9.88,
            "net_income": -492515,
            "revenue": 2840186,
            "common_shares": 3388517,
            "book_valuer_per_share": 34.45,
            "book_valuer_per_share_4q_avg": 37.55,
            "equity": 11719124,
            "current_ratio": 159.01,
            "debt_ratio": 50.28,
            "inventory_turnover_ratio": 2.43,
            "account_receivable_turnover_ratio": 1.64,
            "reinvestment_rate": 405.5,
            "research_to_sale_ratio": 2.16,
            "price_fair": 443.8,
            "eps_avg_yearly": 12.68,
            "eps_latest_yearly": 5.28,
            "eps_growth_yearly": 46.9
        },
        "20132": {
            "year_quarter": 20132,
            "year": 2013,
            "quarter": 2,
            "eps": 0.32,
            "eps_growth_year": null,
            "eps_4q": -5.7,
            "eps_4q_growth_year": null,
            "roe": 0.94,
            "roe_4q": -15.22,
            "gross_profit": 385619,
            "gross_margin": 10.03,
            "gross_margin_4q_avg": -8.17,
            "net_income": 110559,
            "revenue": 3844937,
            "common_shares": 3402069,
            "book_valuer_per_share": 34.75,
            "book_valuer_per_share_4q_avg": 36.16,
            "equity": 11823673,
            "current_ratio": 173.06,
            "debt_ratio": 48.96,
            "inventory_turnover_ratio": 2.96,
            "account_receivable_turnover_ratio": 2.01,
            "reinvestment_rate": 122.65,
            "research_to_sale_ratio": 1.88,
            "price_fair": 443.8,
            "eps_avg_yearly": 12.68,
            "eps_latest_yearly": 5.28,
            "eps_growth_yearly": 46.9
        },
        "20133": {
            "year_quarter": 20133,
            "year": 2013,
            "quarter": 3,
            "eps": -1.26,
            "eps_growth_year": null,
            "eps_4q": -5.21,
            "eps_4q_growth_year": null,
            "roe": -3.71,
            "roe_4q": -16.28,
            "gross_profit": -150850,
            "gross_margin": -3.68,
            "gross_margin_4q_avg": -8.12,
            "net_income": -452596,
            "revenue": 4097438,
            "common_shares": 3902069,
            "book_valuer_per_share": 32.16,
            "book_valuer_per_share_4q_avg": 34.32,
            "equity": 12550647,
            "current_ratio": 217,
            "debt_ratio": 43.58,
            "inventory_turnover_ratio": 3.42,
            "account_receivable_turnover_ratio": 1.61,
            "reinvestment_rate": 182.23,
            "research_to_sale_ratio": 1.97,
            "price_fair": 443.8,
            "eps_avg_yearly": 12.68,
            "eps_latest_yearly": 5.28,
            "eps_growth_yearly": 46.9
        },
        "20134": {
            "year_quarter": 20134,
            "year": 2013,
            "quarter": 4,
            "eps": 0.6,
            "eps_growth_year": null,
            "eps_4q": -1.47,
            "eps_4q_growth_year": null,
            "roe": 1.9,
            "roe_4q": -4.99,
            "gross_profit": 537397,
            "gross_margin": 12.45,
            "gross_margin_4q_avg": 1.75,
            "net_income": 243368,
            "revenue": 4315069,
            "common_shares": 3922069,
            "book_valuer_per_share": 32.41,
            "book_valuer_per_share_4q_avg": 33.44,
            "equity": 13059487,
            "current_ratio": 234.9,
            "debt_ratio": 41.57,
            "inventory_turnover_ratio": 2.8,
            "account_receivable_turnover_ratio": 1.51,
            "reinvestment_rate": 647.88,
            "research_to_sale_ratio": 1.99,
            "price_fair": 35.47,
            "eps_avg_yearly": 11.82,
            "eps_latest_yearly": 5.28,
            "eps_growth_yearly": -63.24
        },
        "20141": {
            "year_quarter": 20141,
            "year": 2014,
            "quarter": 1,
            "eps": 0.6,
            "eps_growth_year": null,
            "eps_4q": 0.36,
            "eps_4q_growth_year": null,
            "roe": 1.85,
            "roe_4q": 0.98,
            "gross_profit": 532535,
            "gross_margin": 12.42,
            "gross_margin_4q_avg": 7.81,
            "net_income": 243780,
            "revenue": 4287409,
            "common_shares": 3922069,
            "book_valuer_per_share": 32.65,
            "book_valuer_per_share_4q_avg": 32.99,
            "equity": 13306610,
            "current_ratio": 214.31,
            "debt_ratio": 39.05,
            "inventory_turnover_ratio": 2.7,
            "account_receivable_turnover_ratio": 1.48,
            "reinvestment_rate": null,
            "research_to_sale_ratio": 1.77,
            "price_fair": 29.06,
            "eps_avg_yearly": 9.69,
            "eps_latest_yearly": 2.4,
            "eps_growth_yearly": -44.94
        },
        "20142": {
            "year_quarter": 20142,
            "year": 2014,
            "quarter": 2,
            "eps": 0.06,
            "eps_growth_year": -81.25,
            "eps_4q": 0.14,
            "eps_4q_growth_year": null,
            "roe": 0.17,
            "roe_4q": 0.20999999999999996,
            "gross_profit": 328018,
            "gross_margin": 7.5,
            "gross_margin_4q_avg": 7.17,
            "net_income": 22406,
            "revenue": 4371434,
            "common_shares": 4074425,
            "book_valuer_per_share": 32.78,
            "book_valuer_per_share_4q_avg": 32.5,
            "equity": 13367237,
            "current_ratio": 192.66,
            "debt_ratio": 37.65,
            "inventory_turnover_ratio": 2.52,
            "account_receivable_turnover_ratio": 1.7,
            "reinvestment_rate": null,
            "research_to_sale_ratio": 1.44,
            "price_fair": 21.77,
            "eps_avg_yearly": 7.26,
            "eps_latest_yearly": 0.24,
            "eps_growth_yearly": -112.78
        },
        "20143": {
            "year_quarter": 20143,
            "year": 2014,
            "quarter": 3,
            "eps": -1.08,
            "eps_growth_year": null,
            "eps_4q": 0.18,
            "eps_4q_growth_year": null,
            "roe": -3.32,
            "roe_4q": 0.6000000000000001,
            "gross_profit": -234394,
            "gross_margin": -8.07,
            "gross_margin_4q_avg": 6.08,
            "net_income": -437348,
            "revenue": 2904662,
            "common_shares": 4077095,
            "book_valuer_per_share": 31.74,
            "book_valuer_per_share_4q_avg": 32.4,
            "equity": 12941207,
            "current_ratio": 207.51,
            "debt_ratio": 41.27,
            "inventory_turnover_ratio": 1.72,
            "account_receivable_turnover_ratio": 1.13,
            "reinvestment_rate": null,
            "research_to_sale_ratio": 2.48,
            "price_fair": 15.18,
            "eps_avg_yearly": 5.06,
            "eps_latest_yearly": 0.24,
            "eps_growth_yearly": -170.33
        },
        "20144": {
            "year_quarter": 20144,
            "year": 2014,
            "quarter": 4,
            "eps": -0.51,
            "eps_growth_year": -184.06,
            "eps_4q": -0.93,
            "eps_4q_growth_year": null,
            "roe": -1.61,
            "roe_4q": -2.9099999999999997,
            "gross_profit": -38306,
            "gross_margin": -0.96,
            "gross_margin_4q_avg": 2.72,
            "net_income": -206967,
            "revenue": 4003942,
            "common_shares": 4076190,
            "book_valuer_per_share": 31.26,
            "book_valuer_per_share_4q_avg": 32.11,
            "equity": 12741391,
            "current_ratio": 205.14,
            "debt_ratio": 39.85,
            "inventory_turnover_ratio": 2.38,
            "account_receivable_turnover_ratio": 1.36,
            "reinvestment_rate": null,
            "research_to_sale_ratio": 1.6,
            "price_fair": 7.92,
            "eps_avg_yearly": 2.64,
            "eps_latest_yearly": 0.24,
            "eps_growth_yearly": -196.19
        },
        "20151": {
            "year_quarter": 20151,
            "year": 2015,
            "quarter": 1,
            "eps": -0.73,
            "eps_growth_year": -221.67,
            "eps_4q": -2.25,
            "eps_4q_growth_year": -732.55,
            "roe": -2.35,
            "roe_4q": -7.109999999999999,
            "gross_profit": -66469,
            "gross_margin": -2.16,
            "gross_margin_4q_avg": -0.92,
            "net_income": -296199,
            "revenue": 3073181,
            "common_shares": 4076190,
            "book_valuer_per_share": 30.55,
            "book_valuer_per_share_4q_avg": 31.58,
            "equity": 12451245,
            "current_ratio": 180.17,
            "debt_ratio": 41.7,
            "inventory_turnover_ratio": 2.04,
            "account_receivable_turnover_ratio": 1.03,
            "reinvestment_rate": null,
            "research_to_sale_ratio": 1.92,
            "price_fair": 3.96,
            "eps_avg_yearly": 1.32,
            "eps_latest_yearly": 0.24,
            "eps_growth_yearly": -180
        },
        "20152": {
            "year_quarter": 20152,
            "year": 2015,
            "quarter": 2,
            "eps": -0.82,
            "eps_growth_year": -1466.67,
            "eps_4q": -3.12,
            "eps_4q_growth_year": -2335.16,
            "roe": -2.7,
            "roe_4q": -9.98,
            "gross_profit": -101828,
            "gross_margin": -2.58,
            "gross_margin_4q_avg": -3.44,
            "net_income": -331823,
            "revenue": 3952023,
            "common_shares": 4075304,
            "book_valuer_per_share": 29.74,
            "book_valuer_per_share_4q_avg": 30.82,
            "equity": 12120423,
            "current_ratio": 183.57,
            "debt_ratio": 41.22,
            "inventory_turnover_ratio": 2.9,
            "account_receivable_turnover_ratio": 1.32,
            "reinvestment_rate": null,
            "research_to_sale_ratio": 1.79,
            "price_fair": 3.96,
            "eps_avg_yearly": 1.32,
            "eps_latest_yearly": 0.24,
            "eps_growth_yearly": -180
        },
        "20153": {
            "year_quarter": 20153,
            "year": 2015,
            "quarter": 3,
            "eps": 0.32,
            "eps_growth_year": null,
            "eps_4q": -1.55,
            "eps_4q_growth_year": -974.75,
            "roe": 1.11,
            "roe_4q": -5.550000000000001,
            "gross_profit": 416986,
            "gross_margin": 9.69,
            "gross_margin_4q_avg": 1,
            "net_income": 138599,
            "revenue": 4301232,
            "common_shares": 4495168,
            "book_valuer_per_share": 28.8,
            "book_valuer_per_share_4q_avg": 30.09,
            "equity": 12946424,
            "current_ratio": 171.41,
            "debt_ratio": 41.41,
            "inventory_turnover_ratio": 3.28,
            "account_receivable_turnover_ratio": 1.15,
            "reinvestment_rate": null,
            "research_to_sale_ratio": 1.34,
            "price_fair": 3.96,
            "eps_avg_yearly": 1.32,
            "eps_latest_yearly": 0.24,
            "eps_growth_yearly": -180
        },
        "20154": {
            "year_quarter": 20154,
            "year": 2015,
            "quarter": 4,
            "eps": 0.87,
            "eps_growth_year": null,
            "eps_4q": -0.22,
            "eps_4q_growth_year": null,
            "roe": 2.97,
            "roe_4q": -0.9700000000000002,
            "gross_profit": 514258,
            "gross_margin": 11.63,
            "gross_margin_4q_avg": 4.15,
            "net_income": 389926,
            "revenue": 4421200,
            "common_shares": 4495168,
            "book_valuer_per_share": 29.68,
            "book_valuer_per_share_4q_avg": 29.69,
            "equity": 13341386,
            "current_ratio": 193.66,
            "debt_ratio": 37.16,
            "inventory_turnover_ratio": 2.7,
            "account_receivable_turnover_ratio": 1.31,
            "reinvestment_rate": null,
            "research_to_sale_ratio": 1.13,
            "price_fair": 71.4,
            "eps_avg_yearly": 2.04,
            "eps_latest_yearly": 3.48,
            "eps_growth_yearly": 109.17
        },
        "20161": {
            "year_quarter": 20161,
            "year": 2016,
            "quarter": 1,
            "eps": 1.16,
            "eps_growth_year": null,
            "eps_4q": 1.6,
            "eps_4q_growth_year": null,
            "roe": 3.84,
            "roe_4q": 5.220000000000001,
            "gross_profit": 664079,
            "gross_margin": 13.6,
            "gross_margin_4q_avg": 8.09,
            "net_income": 521801,
            "revenue": 4882963,
            "common_shares": 4495168,
            "book_valuer_per_share": 30.77,
            "book_valuer_per_share_4q_avg": 29.75,
            "equity": 13836521,
            "current_ratio": 226.45,
            "debt_ratio": 32.36,
            "inventory_turnover_ratio": 2.43,
            "account_receivable_turnover_ratio": 1.84,
            "reinvestment_rate": null,
            "research_to_sale_ratio": 1.19,
            "price_fair": 94.15,
            "eps_avg_yearly": 2.69,
            "eps_latest_yearly": 4.64,
            "eps_growth_yearly": 115.21
        },
        "20162": {
            "year_quarter": 20162,
            "year": 2016,
            "quarter": 2,
            "eps": 0.21,
            "eps_growth_year": null,
            "eps_4q": 2.54,
            "eps_4q_growth_year": null,
            "roe": 0.67,
            "roe_4q": 8.59,
            "gross_profit": 302364,
            "gross_margin": 6.54,
            "gross_margin_4q_avg": 10.37,
            "net_income": 93356,
            "revenue": 4624136,
            "common_shares": 4496782,
            "book_valuer_per_share": 31.15,
            "book_valuer_per_share_4q_avg": 30.1,
            "equity": 14007619,
            "current_ratio": 207.17,
            "debt_ratio": 31.79,
            "inventory_turnover_ratio": 2.33,
            "account_receivable_turnover_ratio": 1.55,
            "reinvestment_rate": null,
            "research_to_sale_ratio": 1.11,
            "price_fair": 81.2,
            "eps_avg_yearly": 2.32,
            "eps_latest_yearly": 0.84,
            "eps_growth_yearly": 26.65
        },
        "20163": {
            "year_quarter": 20163,
            "year": 2016,
            "quarter": 3,
            "eps": -5.71,
            "eps_growth_year": -1884.38,
            "eps_4q": -3.46,
            "eps_4q_growth_year": null,
            "roe": -20.17,
            "roe_4q": -12.69,
            "gross_profit": -2274185,
            "gross_margin": -104.93,
            "gross_margin_4q_avg": -18.29,
            "net_income": -2561715,
            "revenue": 2167252,
            "common_shares": 4496752,
            "book_valuer_per_share": 25.33,
            "book_valuer_per_share_4q_avg": 29.23,
            "equity": 11388250,
            "current_ratio": 250.47,
            "debt_ratio": 35.95,
            "inventory_turnover_ratio": 2.82,
            "account_receivable_turnover_ratio": 0.98,
            "reinvestment_rate": null,
            "research_to_sale_ratio": 1.77,
            "price_fair": 81.2,
            "eps_avg_yearly": 2.32,
            "eps_latest_yearly": 0.84,
            "eps_growth_yearly": 26.65
        },
        "20164": {
            "year_quarter": 20164,
            "year": 2016,
            "quarter": 4,
            "eps": -0.68,
            "eps_growth_year": -178.83,
            "eps_4q": -5.01,
            "eps_4q_growth_year": null,
            "roe": -2.74,
            "roe_4q": -18.400000000000002,
            "gross_profit": -213713,
            "gross_margin": -7.11,
            "gross_margin_4q_avg": -22.98,
            "net_income": -307491,
            "revenue": 3005468,
            "common_shares": 4496677,
            "book_valuer_per_share": 24.66,
            "book_valuer_per_share_4q_avg": 27.98,
            "equity": 11088936,
            "current_ratio": 220.33,
            "debt_ratio": 36.83,
            "inventory_turnover_ratio": 2.89,
            "account_receivable_turnover_ratio": 1.67,
            "reinvestment_rate": null,
            "research_to_sale_ratio": 0.72,
            "price_fair": 81.2,
            "eps_avg_yearly": 2.32,
            "eps_latest_yearly": 0.84,
            "eps_growth_yearly": 26.65
        },
        "20171": {
            "year_quarter": 20171,
            "year": 2017,
            "quarter": 1,
            "eps": -1.62,
            "eps_growth_year": -239.66,
            "eps_4q": -6.84,
            "eps_4q_growth_year": -528.49,
            "roe": -6.9,
            "roe_4q": -29.14,
            "gross_profit": -527240,
            "gross_margin": -15.43,
            "gross_margin_4q_avg": -30.23,
            "net_income": -779776,
            "revenue": 3417588,
            "common_shares": 5196506,
            "book_valuer_per_share": 22.13,
            "book_valuer_per_share_4q_avg": 25.82,
            "equity": 11498578,
            "current_ratio": 246.62,
            "debt_ratio": 35.9,
            "inventory_turnover_ratio": 4.24,
            "account_receivable_turnover_ratio": 1.37,
            "reinvestment_rate": null,
            "research_to_sale_ratio": 0.54,
            "price_fair": 81.2,
            "eps_avg_yearly": 2.32,
            "eps_latest_yearly": 0.84,
            "eps_growth_yearly": 26.65
        },
        "20172": {
            "year_quarter": 20172,
            "year": 2017,
            "quarter": 2,
            "eps": -0.65,
            "eps_growth_year": -409.52,
            "eps_4q": -7.64,
            "eps_4q_growth_year": -400.56,
            "roe": -2.99,
            "roe_4q": -32.800000000000004,
            "gross_profit": -178690,
            "gross_margin": -5.62,
            "gross_margin_4q_avg": -33.27,
            "net_income": -338669,
            "revenue": 3179820,
            "common_shares": 5216506,
            "book_valuer_per_share": 21.43,
            "book_valuer_per_share_4q_avg": 23.39,
            "equity": 11176517,
            "current_ratio": 256.27,
            "debt_ratio": 37.23,
            "inventory_turnover_ratio": 4.41,
            "account_receivable_turnover_ratio": 1.32,
            "reinvestment_rate": null,
            "research_to_sale_ratio": 0.74,
            "price_fair": 81.2,
            "eps_avg_yearly": 2.32,
            "eps_latest_yearly": 0.84,
            "eps_growth_yearly": 26.65
        },
        "20173": {
            "year_quarter": 20173,
            "year": 2017,
            "quarter": 3,
            "eps": 0,
            "eps_growth_year": null,
            "eps_4q": -2.73,
            "eps_4q_growth_year": null,
            "roe": 0.02,
            "roe_4q": -12.610000000000001,
            "gross_profit": 158570,
            "gross_margin": 4.17,
            "gross_margin_4q_avg": -6,
            "net_income": 1774,
            "revenue": 3800839,
            "common_shares": 5216506,
            "book_valuer_per_share": 21.46,
            "book_valuer_per_share_4q_avg": 22.42,
            "equity": 11193924,
            "current_ratio": 282.03,
            "debt_ratio": 34.62,
            "inventory_turnover_ratio": 5.13,
            "account_receivable_turnover_ratio": 2.04,
            "reinvestment_rate": null,
            "research_to_sale_ratio": 0.71,
            "price_fair": 81.2,
            "eps_avg_yearly": 2.32,
            "eps_latest_yearly": 0.84,
            "eps_growth_yearly": 26.65
        },
        "20174": {
            "year_quarter": 20174,
            "year": 2017,
            "quarter": 4,
            "eps": -0.72,
            "eps_growth_year": null,
            "eps_4q": -2.86,
            "eps_4q_growth_year": null,
            "roe": -3.42,
            "roe_4q": -13.290000000000001,
            "gross_profit": -211277,
            "gross_margin": -5.41,
            "gross_margin_4q_avg": -5.57,
            "net_income": -375927,
            "revenue": 3907964,
            "common_shares": 5216116,
            "book_valuer_per_share": 20.73,
            "book_valuer_per_share_4q_avg": 21.44,
            "equity": 10814444,
            "current_ratio": 264.94,
            "debt_ratio": 36.83,
            "inventory_turnover_ratio": 5.56,
            "account_receivable_turnover_ratio": 2.1,
            "reinvestment_rate": null,
            "research_to_sale_ratio": 0.93,
            "price_fair": 81.2,
            "eps_avg_yearly": 2.32,
            "eps_latest_yearly": 0.84,
            "eps_growth_yearly": 26.65
        },
        "20181": {
            "year_quarter": 20181,
            "year": 2018,
            "quarter": 1,
            "eps": -1.07,
            "eps_growth_year": null,
            "eps_4q": -2.43,
            "eps_4q_growth_year": null,
            "roe": -5.25,
            "roe_4q": -11.64,
            "gross_profit": -321935,
            "gross_margin": -13.99,
            "gross_margin_4q_avg": -5.21,
            "net_income": -554454,
            "revenue": 2301630,
            "common_shares": 5215731,
            "book_valuer_per_share": 19.73,
            "book_valuer_per_share_4q_avg": 20.84,
            "equity": 10292586,
            "current_ratio": 260.25,
            "debt_ratio": 34.69,
            "inventory_turnover_ratio": 3.07,
            "account_receivable_turnover_ratio": 1.27,
            "reinvestment_rate": null,
            "research_to_sale_ratio": 1.47,
            "price_fair": 80.5,
            "eps_avg_yearly": 2.3,
            "eps_latest_yearly": 0.84,
            "eps_growth_yearly": 33.31
        },
        "20182": {
            "year_quarter": 20182,
            "year": 2018,
            "quarter": 2,
            "eps": -0.66,
            "eps_growth_year": null,
            "eps_4q": -2.45,
            "eps_4q_growth_year": null,
            "roe": -3.48,
            "roe_4q": -12.13,
            "gross_profit": -413951,
            "gross_margin": -19.84,
            "gross_margin_4q_avg": -8.77,
            "net_income": -352618,
            "revenue": 2086227,
            "common_shares": 5215506,
            "book_valuer_per_share": 19.02,
            "book_valuer_per_share_4q_avg": 20.24,
            "equity": 9953081,
            "current_ratio": 225.03,
            "debt_ratio": 44.57,
            "inventory_turnover_ratio": 2.37,
            "account_receivable_turnover_ratio": 1.3,
            "reinvestment_rate": null,
            "research_to_sale_ratio": 1.82,
            "price_fair": 104.53,
            "eps_avg_yearly": 2.99,
            "eps_latest_yearly": 0.84,
            "eps_growth_yearly": 164.42
        }
    },
    "months": {
        "2006-12": {
            "month": "2006-12",
            "price": "282.83",
            "revenue": 159924
        },
        "2007-01": {
            "month": "2007-01",
            "price": "269.36",
            "revenue": 146411
        },
        "2007-02": {
            "month": "2007-02",
            "price": "269.59",
            "revenue": 207575
        },
        "2007-03": {
            "month": "2007-03",
            "price": "244.56",
            "revenue": 383215
        },
        "2007-04": {
            "month": "2007-04",
            "price": "208.27",
            "revenue": 237361
        },
        "2007-05": {
            "month": "2007-05",
            "price": "219.71",
            "revenue": 574516
        },
        "2007-06": {
            "month": "2007-06",
            "price": "265.17",
            "revenue": 1095143
        },
        "2007-07": {
            "month": "2007-07",
            "price": "351.22",
            "revenue": 487699
        },
        "2007-08": {
            "month": "2007-08",
            "price": "273.55",
            "revenue": 545471
        },
        "2007-09": {
            "month": "2007-09",
            "price": "264.87",
            "revenue": 575368
        },
        "2007-10": {
            "month": "2007-10",
            "price": "332.10",
            "revenue": 740132
        },
        "2007-11": {
            "month": "2007-11",
            "price": "315.26",
            "revenue": 824301
        },
        "2007-12": {
            "month": "2007-12",
            "price": "286.10",
            "revenue": 1012008
        },
        "2008-01": {
            "month": "2008-01",
            "price": "275.93",
            "revenue": 1105576
        },
        "2008-02": {
            "month": "2008-02",
            "price": "198.75",
            "revenue": 1139353
        },
        "2008-03": {
            "month": "2008-03",
            "price": "206.50",
            "revenue": 1262194
        },
        "2008-04": {
            "month": "2008-04",
            "price": "272.14",
            "revenue": 1300864
        },
        "2008-05": {
            "month": "2008-05",
            "price": "275.57",
            "revenue": 1400514
        },
        "2008-06": {
            "month": "2008-06",
            "price": "226.83",
            "revenue": 1455074
        },
        "2008-07": {
            "month": "2008-07",
            "price": "209.68",
            "revenue": 1398419
        },
        "2008-08": {
            "month": "2008-08",
            "price": "222.38",
            "revenue": 1538651
        },
        "2008-09": {
            "month": "2008-09",
            "price": "197.57",
            "revenue": 1773747
        },
        "2008-10": {
            "month": "2008-10",
            "price": "141.98",
            "revenue": 2141146
        },
        "2008-11": {
            "month": "2008-11",
            "price": "84.46",
            "revenue": 741335
        },
        "2008-12": {
            "month": "2008-12",
            "price": "64.32",
            "revenue": 1066614
        },
        "2009-01": {
            "month": "2009-01",
            "price": "73.37",
            "revenue": 1160801
        },
        "2009-02": {
            "month": "2009-02",
            "price": "71.12",
            "revenue": 1213755
        },
        "2009-03": {
            "month": "2009-03",
            "price": "71.33",
            "revenue": 772184
        },
        "2009-04": {
            "month": "2009-04",
            "price": "72.14",
            "revenue": 881178
        },
        "2009-05": {
            "month": "2009-05",
            "price": "65.99",
            "revenue": 1006904
        },
        "2009-06": {
            "month": "2009-06",
            "price": "67.30",
            "revenue": 1061462
        },
        "2009-07": {
            "month": "2009-07",
            "price": "65.55",
            "revenue": 1188965
        },
        "2009-08": {
            "month": "2009-08",
            "price": "55.36",
            "revenue": 1245733
        },
        "2009-09": {
            "month": "2009-09",
            "price": "46.33",
            "revenue": 1481010
        },
        "2009-10": {
            "month": "2009-10",
            "price": "52.46",
            "revenue": 1854333
        },
        "2009-11": {
            "month": "2009-11",
            "price": "68.53",
            "revenue": 2019763
        },
        "2009-12": {
            "month": "2009-12",
            "price": "95.72",
            "revenue": 1872668
        },
        "2010-01": {
            "month": "2010-01",
            "price": "85.83",
            "revenue": 1875565
        },
        "2010-02": {
            "month": "2010-02",
            "price": "81.79",
            "revenue": 1764024
        },
        "2010-03": {
            "month": "2010-03",
            "price": "92.73",
            "revenue": 1950162
        },
        "2010-04": {
            "month": "2010-04",
            "price": "98.10",
            "revenue": 2309285
        },
        "2010-05": {
            "month": "2010-05",
            "price": "85.65",
            "revenue": 2346126
        },
        "2010-06": {
            "month": "2010-06",
            "price": "82.85",
            "revenue": 2299494
        },
        "2010-07": {
            "month": "2010-07",
            "price": "95.52",
            "revenue": 2432660
        },
        "2010-08": {
            "month": "2010-08",
            "price": "99.14",
            "revenue": 2588831
        },
        "2010-09": {
            "month": "2010-09",
            "price": "94.68",
            "revenue": 2708240
        },
        "2010-10": {
            "month": "2010-10",
            "price": "85.20",
            "revenue": 2828769
        },
        "2010-11": {
            "month": "2010-11",
            "price": "86.01",
            "revenue": 2684723
        },
        "2010-12": {
            "month": "2010-12",
            "price": "84.33",
            "revenue": 2364434
        },
        "2011-01": {
            "month": "2011-01",
            "price": "87.77",
            "revenue": 2075275
        },
        "2011-02": {
            "month": "2011-02",
            "price": "91.79",
            "revenue": 1925891
        },
        "2011-03": {
            "month": "2011-03",
            "price": "92.80",
            "revenue": 2253981
        },
        "2011-04": {
            "month": "2011-04",
            "price": "84.55",
            "revenue": 1705745
        },
        "2011-05": {
            "month": "2011-05",
            "price": "71.44",
            "revenue": 974718
        },
        "2011-06": {
            "month": "2011-06",
            "price": "67.50",
            "revenue": 1031935
        },
        "2011-07": {
            "month": "2011-07",
            "price": "70.88",
            "revenue": 1570943
        },
        "2011-08": {
            "month": "2011-08",
            "price": "48.86",
            "revenue": 1558535
        },
        "2011-09": {
            "month": "2011-09",
            "price": "40.33",
            "revenue": 1577560
        },
        "2011-10": {
            "month": "2011-10",
            "price": "40.90",
            "revenue": 1472491
        },
        "2011-11": {
            "month": "2011-11",
            "price": "31.43",
            "revenue": 1323013
        },
        "2011-12": {
            "month": "2011-12",
            "price": "29.98",
            "revenue": 1338186
        },
        "2012-01": {
            "month": "2012-01",
            "price": "36.55",
            "revenue": 1179265
        },
        "2012-02": {
            "month": "2012-02",
            "price": "42.52",
            "revenue": 1180137
        },
        "2012-03": {
            "month": "2012-03",
            "price": "37.81",
            "revenue": 1424292
        },
        "2012-04": {
            "month": "2012-04",
            "price": "30.62",
            "revenue": 1480402
        },
        "2012-05": {
            "month": "2012-05",
            "price": "32.89",
            "revenue": 1366563
        },
        "2012-06": {
            "month": "2012-06",
            "price": "35.93",
            "revenue": 1484334
        },
        "2012-07": {
            "month": "2012-07",
            "price": "31.66",
            "revenue": 1411658
        },
        "2012-08": {
            "month": "2012-08",
            "price": "29.12",
            "revenue": 1230121
        },
        "2012-09": {
            "month": "2012-09",
            "price": "30.62",
            "revenue": 741788
        },
        "2012-10": {
            "month": "2012-10",
            "price": "25.85",
            "revenue": 820430
        },
        "2012-11": {
            "month": "2012-11",
            "price": "23.53",
            "revenue": 870141
        },
        "2012-12": {
            "month": "2012-12",
            "price": "25.96",
            "revenue": 777096
        },
        "2013-01": {
            "month": "2013-01",
            "price": "30.13",
            "revenue": 877254
        },
        "2013-02": {
            "month": "2013-02",
            "price": "28.38",
            "revenue": 865162
        },
        "2013-03": {
            "month": "2013-03",
            "price": "28.00",
            "revenue": 1097769
        },
        "2013-04": {
            "month": "2013-04",
            "price": "26.70",
            "revenue": 1128776
        },
        "2013-05": {
            "month": "2013-05",
            "price": "31.55",
            "revenue": 1336911
        },
        "2013-06": {
            "month": "2013-06",
            "price": "29.52",
            "revenue": 1379251
        },
        "2013-07": {
            "month": "2013-07",
            "price": "28.77",
            "revenue": 1391711
        },
        "2013-08": {
            "month": "2013-08",
            "price": "26.28",
            "revenue": 1339912
        },
        "2013-09": {
            "month": "2013-09",
            "price": "27.04",
            "revenue": 1365815
        },
        "2013-10": {
            "month": "2013-10",
            "price": "31.38",
            "revenue": 1503072
        },
        "2013-11": {
            "month": "2013-11",
            "price": "31.84",
            "revenue": 1414009
        },
        "2013-12": {
            "month": "2013-12",
            "price": "31.60",
            "revenue": 1397988
        },
        "2014-01": {
            "month": "2014-01",
            "price": "34.83",
            "revenue": 1361792
        },
        "2014-02": {
            "month": "2014-02",
            "price": "29.39",
            "revenue": 1251325
        },
        "2014-03": {
            "month": "2014-03",
            "price": "28.95",
            "revenue": 1674292
        },
        "2014-04": {
            "month": "2014-04",
            "price": "30.73",
            "revenue": 1749376
        },
        "2014-05": {
            "month": "2014-05",
            "price": "32.68",
            "revenue": 1704875
        },
        "2014-06": {
            "month": "2014-06",
            "price": "33.92",
            "revenue": 917183
        },
        "2014-07": {
            "month": "2014-07",
            "price": "30.05",
            "revenue": 982263
        },
        "2014-08": {
            "month": "2014-08",
            "price": "27.43",
            "revenue": 868733
        },
        "2014-09": {
            "month": "2014-09",
            "price": "27.05",
            "revenue": 1053666
        },
        "2014-10": {
            "month": "2014-10",
            "price": "24.66",
            "revenue": 903637
        },
        "2014-11": {
            "month": "2014-11",
            "price": "21.91",
            "revenue": 1520468
        },
        "2014-12": {
            "month": "2014-12",
            "price": "21.34",
            "revenue": 1579836
        },
        "2015-01": {
            "month": "2015-01",
            "price": "21.92",
            "revenue": 1108570
        },
        "2015-02": {
            "month": "2015-02",
            "price": "21.73",
            "revenue": 1132474
        },
        "2015-03": {
            "month": "2015-03",
            "price": "22.21",
            "revenue": 832137
        },
        "2015-04": {
            "month": "2015-04",
            "price": "21.41",
            "revenue": 1290037
        },
        "2015-05": {
            "month": "2015-05",
            "price": "18.01",
            "revenue": 1234846
        },
        "2015-06": {
            "month": "2015-06",
            "price": "17.43",
            "revenue": 1427139
        },
        "2015-07": {
            "month": "2015-07",
            "price": "19.76",
            "revenue": 1478999
        },
        "2015-08": {
            "month": "2015-08",
            "price": "14.91",
            "revenue": 1435307
        },
        "2015-09": {
            "month": "2015-09",
            "price": "14.72",
            "revenue": 1386925
        },
        "2015-10": {
            "month": "2015-10",
            "price": "20.07",
            "revenue": 1395137
        },
        "2015-11": {
            "month": "2015-11",
            "price": "24.52",
            "revenue": 1387194
        },
        "2015-12": {
            "month": "2015-12",
            "price": "28.50",
            "revenue": 1638870
        },
        "2016-01": {
            "month": "2016-01",
            "price": "32.17",
            "revenue": 1747445
        },
        "2016-02": {
            "month": "2016-02",
            "price": "32.08",
            "revenue": 1620515
        },
        "2016-03": {
            "month": "2016-03",
            "price": "28.69",
            "revenue": 1515003
        },
        "2016-04": {
            "month": "2016-04",
            "price": "23.81",
            "revenue": 1556768
        },
        "2016-05": {
            "month": "2016-05",
            "price": "22.72",
            "revenue": 1633691
        },
        "2016-06": {
            "month": "2016-06",
            "price": "23.90",
            "revenue": 1433677
        },
        "2016-07": {
            "month": "2016-07",
            "price": "24.48",
            "revenue": 846842
        },
        "2016-08": {
            "month": "2016-08",
            "price": "21.79",
            "revenue": 604132
        },
        "2016-09": {
            "month": "2016-09",
            "price": "21.07",
            "revenue": 716277
        },
        "2016-10": {
            "month": "2016-10",
            "price": "23.67",
            "revenue": 821689
        },
        "2016-11": {
            "month": "2016-11",
            "price": "19.05",
            "revenue": 890150
        },
        "2016-12": {
            "month": "2016-12",
            "price": "18.52",
            "revenue": 1293628
        },
        "2017-01": {
            "month": "2017-01",
            "price": "20.40",
            "revenue": 1105379
        },
        "2017-02": {
            "month": "2017-02",
            "price": "19.36",
            "revenue": 1116309
        },
        "2017-03": {
            "month": "2017-03",
            "price": "18.05",
            "revenue": 1195899
        },
        "2017-04": {
            "month": "2017-04",
            "price": "16.97",
            "revenue": 941065
        },
        "2017-05": {
            "month": "2017-05",
            "price": "16.49",
            "revenue": 1084449
        },
        "2017-06": {
            "month": "2017-06",
            "price": "16.16",
            "revenue": 1154306
        },
        "2017-07": {
            "month": "2017-07",
            "price": "16.12",
            "revenue": 1130010
        },
        "2017-08": {
            "month": "2017-08",
            "price": "15.82",
            "revenue": 1456384
        },
        "2017-09": {
            "month": "2017-09",
            "price": "17.58",
            "revenue": 1214445
        },
        "2017-10": {
            "month": "2017-10",
            "price": "18.82",
            "revenue": 1346398
        },
        "2017-11": {
            "month": "2017-11",
            "price": "18.63",
            "revenue": 1261036
        },
        "2017-12": {
            "month": "2017-12",
            "price": "16.98",
            "revenue": 1300531
        },
        "2018-01": {
            "month": "2018-01",
            "price": "17.82",
            "revenue": 965501
        },
        "2018-02": {
            "month": "2018-02",
            "price": "16.27",
            "revenue": 530106
        },
        "2018-03": {
            "month": "2018-03",
            "price": "16.28",
            "revenue": 806022
        },
        "2018-04": {
            "month": "2018-04",
            "price": "15.78",
            "revenue": 904849
        },
        "2018-05": {
            "month": "2018-05",
            "price": "15.41",
            "revenue": 773419
        },
        "2018-06": {
            "month": "2018-06",
            "price": "13.88",
            "revenue": 407961
        },
        "2018-07": {
            "month": "2018-07",
            "price": "12.56",
            "revenue": 671126
        },
        "2018-08": {
            "month": "2018-08",
            "price": "12.45",
            "revenue": 494505
        }
    }
}
